2538 3978
386 219 522 284 corno.
544 219 593 282 111
616 202 708 286 oar.
732 220 868 284 aa-aa
1049 220 1110 286 mu

148 401 252 457 ctcrcs
275 391 342 456 eius
364 393 411 454 rei
423 390 586 472 voluisset,
610 391 694 478 quod
717 414 775 455 sua
796 391 946 456 mandata
966 393 1108 477 perferre

147 499 210 542 non
238 491 414 563 opportuno
446 486 590 564 tempore
620 478 661 541 ad
694 477 879 562 Pompeium
912 487 1109 542 vererentur.
1140 489 1143 496 ⁴

146 563 326 649 Scipionem
348 585 387 628 ea
414 585 485 628 esse
514 565 709 644 auctoritate,
739 574 775 627 ut
800 563 987 629 nouaclum
1011 563 1110 630 libere

146 671 227 735 quae
249 648 415 798 probasset
438 671 607 735 exponere,
631 649 687 714 sed
708 651 803 712 etiam
826 671 867 713 ex
888 673 1005 734 magna
1018 659 1110 735 parte

146 735 338 820 compclare
368 745 462 820 atque
490 744 650 800 errantem
676 757 789 820 regere
812 746 936 820 posset3
959 757 1109 822 praeesse

145 831 250 886 autem
274 843 330 885 suo
345 822 473 884 nomine
496 823 659 898 exercitui,
683 832 718 884 ut
740 831 868 905 praeter
891 823 1110 885 auctoritatem

144 909 229 972 vires
259 929 385 993 quoquc
415 906 457 970 ad
486 906 701 972 coercendum
727 906 868 972 haberet.
900 906 993 985 Quod
1017 909 1044 969 si
1064 907 1110 971 fe·

145 996 250 1076 cisset,
274 994 413 1079 quietem
428 991 549 1073 ltaliae,
572 1013 684 1078 pacem
729 993 952 1072 revinciarum,
976 992 1110 1056 salutem

143 1082 269 1165 imperii
290 1080 343 1142 uni
367 1101 476 1142 omnes
499 1088 662 1162 acceptam
674 1015 838 1142 relaturos.
862 1079 953 1141 Haec
975 1078 1015 1142 ad
1038 1101 1110 1142 eum

143 1166 292 1230 mandata
321 1163 452 1228 Clodius
480 1164 577 1227 refert
604 1185 643 1228 ac
671 1165 781 1248 primis
812 1163 938 1244 diebus,
961 1173 996 1228 ut
1022 1163 1109 1228 vide·
1155 1199 1160 1208 =

142 1251 246 1333 batur,
276 1250 414 1316 libenter
443 1249 567 1314 auditus
595 1248 727 1335 reliquis
757 1249 798 1312 ad
827 1249 1019 1335 colloquium
1046 1271 1110 1314 non

143 1337 317 1402 admittitur
346 1337 499 1420 castigato
533 1335 682 1420 Scipione
712 1357 731 1398 a
760 1335 912 1416 Favonio,
943 1349 978 1398 ut
999 1344 1110 1422 postea

143 1423 285 1488 coniecto
315 1421 400 1486 bello
428 1421 677 1506 reperiebamus,
708 1421 888 1507 infectaque
917 1444 953 1486 re
975 1443 1046 1486 sese
1069 1419 1110 1484 ed

143 1506 315 1573 Caesarem
337 1509 491 1592 recepit..
903 1541 905 1548 ·

206 1594 259 1658 58.
283 1592 412 1674 Caesar,
443 1615 505 1678 quo
528 1592 653 1657 facilius
687 1595 861 1679 equitatum
883 1593 1110 1676 Pompeianum

141 1679 184 1744 ad
201 1679 438 1764 Dyrrhachium
455 1681 633 1744 contineret
648 1689 680 1742 et
693 1678 898 1764 pabulatione
913 1677 1108 1762 prohiberet,

143 1766 246 1830 aditus
282 1764 370 1852 daos,
405 1785 483 1850 quos
517 1787 588 1829 esse
622 1773 774 1850 angustos
811 1764 1107 1845 demonstravimus,

142 1851 267 1935 magnis
296 1849 443 1935 operibus
476 1851 688 1935 praemunivit
721 1848 915 1935 castellaque
948 1849 997 1914 his
1030 1848 1108 1913 locis

142 1938 257 2022 posuit.
280 1936 458 2020 Pompeius,
475 1936 528 2000 ubi
549 1935 628 2003 nihil
650 1937 761 2021 profici
784 1937 925 2021 equitatu
949 1935 1107 2020 cognovit,

141 2022 251 2122 paucis
273 2023 461 2086 intermissis
482 2021 594 2086 diebus
617 2044 741 2086 rursum
765 2045 836 2086 eum
858 2021 994 2086 navibus
1017 2021 1108 2085 adse

142 2117 228 2172 intra
248 2108 439 2171 munitiones
462 2109 584 2192 recipit.
614 2108 694 2172 Erat
716 2129 838 2172 summa
859 2108 967 2192 inopia
987 2105 1107 2192 pabuli,

142 2194 222 2258 adeo
244 2203 279 2256 ut
301 2192 384 2258 foliis
406 2215 447 2256 ex
469 2192 637 2257 arboribus
660 2195 776 2260 strictis
799 2203 831 2258 et
852 2195 970 2258 teneris
993 2193 1106 2258 harun-

141 2279 251 2344 dinum
283 2276 441 2342 radicibus
474 2280 613 2343 conamis
647 2301 745 2364 equos
782 2278 902 2344 alerent
936 2279 1108 2366 (frumenta

142 2366 236 2447 enim,
281 2387 342 2428 uae
364 2365 490 2428 fuerant
518 2365 602 2430 intra
629 2369 817 2431 munitiones
852 2376 928 2445 sata,
963 2387 1106 2430 consum-

141 2389 300 2536 pseranll3
324 2448 519 2534 cogebantur
536 2449 675 2536 Corcyra
690 2463 785 2538 atque
806 2450 990 2514 Acarnania
1011 2450 1106 2535 longo

142 2539 305 2602 interiecto
338 2537 549 2620 navigationis
584 2539 686 2622 spatio
723 2537 873 2622 pabulum
910 2546 1105 2684 supportare,

143 2621 289 2708 quodque
313 2631 381 2686 erat
403 2624 470 2685 eius
493 2624 540 2685 rei
556 2625 658 2686 minor
680 2626 780 2707 copia,
803 2623 923 2688 hordeo
946 2645 966 2685 a
989 2642 1106 2706 augere

142 2717 238 2792 atque
267 2708 317 2772 his
346 2707 522 2772 rationibus
551 2710 725 2792 equitatum
755 2709 901 2773 tolerare.
936 2707 1002 2772 Sed
1023 2720 1106 2792 post·

143 2816 237 2878 quam
258 2816 323 2858 non
345 2793 438 2870 modo
460 2792 615 2858 hordeum
629 2794 844 2881 pabulumque
867 2792 1013 2858 omnibus
1028 2793 1106 2856 locis

143 2879 324 2965 herbaeque
352 2879 507 2959 desectae,
539 2879 596 2942 sed
624 2882 718 2944 etiam
750 2883 837 2946 frons
869 2902 910 2942 ex
938 2877 1106 2942 arboribus

143 2963 319 3044 deficiebat,
344 2966 500 3048 corruptis
523 2968 612 3050 equis
642 2967 747 3032 macie
767 2965 944 3030 conandum
967 2964 1027 3028 sibi
1050 2961 1105 3026 ali·

143 3049 218 3134 quid
239 3051 407 3135 Pompeius
430 3049 470 3114 de
492 3051 656 3135 eruptione
680 3052 882 3118 existimavit.

204 3135 255 3202 59.
279 3135 380 3200 Erant
396 3137 481 3220 apud
494 3135 665 3202 Caesarem
687 3139 721 3202 in
744 3139 884 3224 equitum
903 3157 1035 3200 numero
1051 3133 1105 3196 Al·

141 3219 287 3307 lobroges
304 3222 366 3286 duo
381 3222 505 3301 fratres,
527 3223 689 3288 Raucillus
705 3233 737 3288 et
747 3224 846 3310 Egus,
861 3219 1024 3285 Adbucilli
1038 3217 1104 3301 filii,

142 3308 195 3390 qui
217 3309 430 3392 principatum
457 3309 490 3372 in
520 3311 648 3372 civitate
669 3309 776 3373 multis
800 3312 892 3373 annis
915 3309 1104 3387 obtinuerat,

142 3391 296 3475 singulari
333 3395 450 3458 virtute
485 3394 640 3476 homines,
678 3418 811 3481 quorum
849 3416 948 3479 opera
985 3391 1105 3458 Caesar

143 3477 289 3550 omnibus
323 3478 455 3544 Gallicis
488 3477 580 3544 bellis
617 3482 736 3566 optima
771 3481 1007 3565 fortissimaque
1039 3485 1106 3541 crat
