2532 3968
483 223 741 292 PRAEFATIO.
1004 220 1080 289 LIX

201 394 239 460 Ο.
262 396 302 460 37
325 395 441 460 retinui
462 417 543 480 quse
564 405 637 460 ante
657 393 884 482 Nipperdsium
904 393 1080 466 edebantur

130 489 246 548 sanun
267 504 312 547 ae
332 489 457 558 litteris,
480 479 595 548 deinde
618 485 933 558 Quibus-omuibus
961 486 1079 546 retus

130 573 268 632 sullatm
290 574 368 634 nillil
387 578 496 632 eontra
520 587 554 631 se
567 587 669 644 reoern
697 571 1078 632 nisurumeeistinolral.

130 651 170 722 N.
197 651 343 717 Parisino
372 650 454 718 libro
482 650 653 720 obsecutus
685 659 800 716 nuntiis
829 663 864 716 et
894 658 1017 727 litteris,
1048 659 1080 722 et

131 743 248 813 ouibus
269 745 387 803 retus
409 743 586 802 omnibus
608 735 749 821 seripsit3
772 757 813 800 ex
835 735 902 803 solo
923 736 1079 806 Vossiano

130 845 277 890 ausurum
290 823 420 908 recepit,
443 821 528 908 quod
541 829 648 888 temen
662 822 979 907 interpretamentum
993 819 1079 892 olere

129 928 196 972 non
216 929 310 974 nemo
328 909 436 974 sentit.

149 1045 151 1056 ,
195 991 234 1056 ln
248 992 311 1058 fine
333 1015 359 1058 c.
382 993 425 1058 40
445 991 569 1060 restitui
597 990 730 1058 verbum
755 998 876 1058 deducit
897 991 1019 1078 (copias
1040 1013 1080 1058 se

131 1083 211 1144 loeis
232 1084 447 1158 superioribus
467 1087 497 1143 in
521 1099 657 1158 eampum
679 1076 825 1164 deducit).
858 1077 907 1142 Its
932 1087 963 1142 et
984 1077 1079 1160 Vind

130 1169 166 1228 et
186 1161 302 1248 reliqui
328 1161 448 1228 habent
476 1161 550 1228 libri
576 1171 703 1250 praeter
730 1163 799 1228 eod.
828 1162 929 1228 Poris.
957 1185 1020 1228 seo.
1044 1172 1081 1230 -et

130 1245 222 1312 Leid.
266 1271 302 1330 r.,
325 1248 502 1334 exquibus
523 1248 562 1313 N.
586 1256 670 1315 duell
691 1247 798 1314 edidit.

195 1271 277 1397 ΜΕ.
306 1333 371 1416 111,
399 1335 470 1398 o.4
499 1355 595 1420 quum
624 1344 773 1420 corrupta
799 1335 869 1416 sint,
897 1355 979 1419 quse
1008 1332 1081 1398 libri

129 1415 268 1482 habent:
297 1425 398 1484 DCCC
423 1441 463 1485 eoa
490 1427 588 1485 seruis
614 1427 682 1484 suis
702 1432 923 1502 pastorumque
954 1425 1079 1484 suorum

129 1514 285 1582 aoeoerat,
308 1505 430 1570 inserui
451 1526 576 1570 nomem
598 1526 710 1570 vocem
732 1513 804 1590 post
817 1524 949 1570 suorum.
982 1502 1081 1568 Plura

130 1589 267 1652 mutavit
287 1588 499 1675 Nipperdeias
521 1611 617 1676 quum
647 1588 787 1656 seribere
815 1587 954 1654 iuberet:
983 1594 1084 1653 DCCC

129 1693 173 1738 eu
193 1682 292 1740 seruis
314 1681 630 1755 pastoribusque
658 1683 744 1741 suis
765 1695 988 1752 suorumque
1014 1693 1069 1742 soe

130 1770 228 1837 uerat

195 1841 234 1908 O.
256 1843 277 1908 6
298 1844 337 1908 N.
361 1867 402 1909 ex
423 1843 512 1910 libris
535 1845 647 1913 edidit:
669 1851 823 1912 Postridie
845 1857 956 1910 erran
984 1851 1083 1922 atrioli

130 1932 424 1998 ¹(lerrniniorum.
458 1935 544 1996 Saxa
570 1939 648 1996 iuter
671 1943 699 1996 et
719 1939 787 1996 alia
810 1937 879 1996 loaa
905 1936 1080 2011 periculosa

129 2020 261 2091 miletam
286 2027 396 2082 nactus
426 2023 585 2082 stationem
610 2038 635 2082 e.
668 2039 696 2096 a.
725 2040 751 2080 s.
790 2015 836 2080 At
859 2021 1080 2081 Carminiorun

131 2107 261 2182 gentem
281 2109 425 2172 veterum
451 2101 637 2187 scriptoram
663 2124 757 2168 nemo
778 2102 876 2181 novit,
899 2109 931 2166 et
952 2122 995 2166 ex
1016 2098 1080 2184 Ap·

132 2182 228 2268 piano
252 2183 294 2264 (b.
318 2207 345 2250 o.
373 2185 415 2268 ΙΙ,
437 2186 492 2266 54)
516 2196 547 2252 et
570 2186 682 2252 Cassio
703 2186 808 2270 Dione
824 2185 921 2267 (XLI,
935 2185 991 2272 44)
1008 2206 1081 2250 ‹eon›

131 2276 206 2342 stet,
230 2267 399 2335 Gaesarem
421 2271 463 2336 sd
484 2281 606 2338 montes
628 2278 796 2338 Ceraunios
822 2271 999 2358 appuliss03
1021 2291 1082 2338 nes

133 2373 199 2418 non
220 2353 255 2418 id
283 2377 378 2441 segre
406 2356 484 2422 ferri
503 2379 635 2422 neeesse
658 2366 723 2439 est,
747 2356 832 2442 quod
853 2357 895 2421 ad
915 2377 995 2422 saxu
1016 2376 1080 2422 nou

130 2437 277 2504 additam
299 2442 348 2522 sit,
371 2463 433 2526 quo
455 2441 536 2524 ,aliis
560 2441 640 2507 loeis
667 2443 863 2528 periosslosis‘
892 2444 961 2508 iure
987 2461 1082 2525 oppo-

133 2535 261 2590 nentur.
295 2523 495 2612 Quapropter
518 2527 647 2613 scripsi:
669 2534 823 2594 Postridie
839 2540 950 2593 terrum
972 2533 1079 2603 atrioli.

133 2613 244 2674 Inter
271 2617 548 2678 Cerauniorum
574 2635 654 2678 saxa
676 2625 705 2678 el
730 2620 793 2678 alio
815 2621 884 2679 locu
904 2617 1082 2693 periculosa

136 2706 202 2758 oea.
243 2694 325 2760 Msle
361 2698 499 2762 exaratis
533 2697 646 2764 mediis
682 2699 716 2763 in
753 2719 833 2764 vose
865 2705 1081 2764 Cerauniorum

135 2775 249 2844 litteris
272 2803 368 2867 quum
389 2782 463 2847 inde
488 2789 707 2848 Germiniorurn
728 2785 910 2864 exstitisset,
933 2781 1081 2846 librarius

135 2863 188 2926 ossi
211 2871 428 2932 Cerminiorum
458 2890 574 2934 nomen
602 2867 644 2933 sd
672 2880 783 2934 teram
810 2870 969 2954 pertinere
995 2864 1082 2932 vide·

135 2946 238 3030 betur,
268 2953 438 3036 genuinum
467 2953 636 3018 verbonim
665 2953 808 3020 ordimur
833 2953 1017 3018 immutavit.
1042 2985 1079 2997 -

134 3031 204 3098 sub
225 3036 321 3102 finem
346 3039 459 3122 eapitis
486 3044 639 3114 Palaeste,
669 3039 755 3126 quod
778 3037 816 3103 N.
838 3059 896 3124 pm
918 3041 1082 3102 Pharsalia

132 3118 232 3185 ,sosibi
254 3122 358 3204 iussit,
380 3123 496 3207 reeepi.

200 3203 294 3270 Initio
316 3229 343 3271 o.
368 3208 386 3271 l
408 3209 541 3291 restitui,
565 3207 649 3294 quod
670 3217 742 3274 ante
755 3207 983 3294 Nipperdeiam
998 3205 1081 3291 lege·

137 3286 231 3354 battis
266 3297 361 3358 Erat
395 3298 481 3358 Orioi
508 3299 668 3358 Luueuus
703 3298 831 3374 Vespillo
866 3305 895 3358 el
927 3298 1083 3357 Minucius

136 3379 257 3454 Rufum
278 3376 317 3440 N.
346 3390 435 3442 erant
463 3400 505 3442 ex
526 3378 603 3444 cod..
619 3377 710 3442 Leid.
725 3379 861 3463 scripsit,
883 3377 924 3442 de
938 3377 1083 3442 Parisino

137 3459 219 3526 libro
241 3464 401 3527 nonsatis
424 3473 561 3545 oonstst3
583 3461 721 3530 Vindob.
744 3477 811 3528 unt
831 3461 970 3528 exhibet.
