2532 3968
205 201 235 268 L
551 205 807 273 PRAEFATIO.

205 374 327 440 iectura
344 384 495 457 propiore
512 391 616 458 ponte,
640 399 736 462 quum
758 379 791 440 in
812 376 903 442 libris
925 377 1051 462 legatur
1066 398 1155 458 pro-

204 467 287 542 prio.
317 459 362 524 Ut
382 482 479 546 pons,
508 485 570 548 quo
598 461 740 548 legiones
755 461 836 525 duae
858 464 1058 544 transierunt,
1075 483 1157 543 pro—

205 553 282 624 pior¹
302 545 364 610 diei
385 557 501 630 posset,
525 549 619 612 etiam
642 569 712 612 esse
735 547 882 632 deberet,
915 547 1000 612 unde
1021 547 1158 614 relativa

208 651 303 714 quam
319 630 451 695 dicimus
471 634 519 696 vis
541 632 625 696 illius
648 633 854 718 comparativi
899 633 1076 718 arripiatur.
1098 632 1157 698 al-

208 725 312 778 terum
339 724 468 800 pontem
497 719 609 782 eastris
637 721 836 803 propiorem,
864 656 998 782 alterum
1026 717 1157 802 longius

209 811 363 866 remotum
390 800 503 885 fuisse,
534 805 660 867 omnino
689 826 754 868 non
774 802 947 868 verisimile
969 811 1027 886 eat,
1049 825 1156 888 neque

209 884 367 949 adieetivo
395 895 537 970 ulterior,
568 911 630 972 quo
660 887 741 952 alter
768 889 881 952 deinde
909 909 990 974 pons
1017 897 1156 970 notatur,

207 969 270 1032 tale
293 970 369 1055 quid
389 972 557 1056 probatur3
579 974 641 1038 imo
664 996 706 1039 ex
726 972 782 1038 illo
803 973 959 1038 adieetivo
982 982 1014 1036 et
1029 995 1070 1038 ex
1083 974 1157 1058 ipsa

208 1057 254 1118 rei
278 1057 399 1122 ratione
428 1069 535 1142 patere
562 1059 701 1141 videtur,
732 1058 864 1123 alterum
892 1067 1019 1142 pontem
1048 1079 1156 1143 supra,

208 1139 341 1204 alterum
364 1142 447 1206 infra
469 1153 580 1224 eastra,
605 1147 631 1207 si
651 1137 814 1229 regio'nem
836 1165 878 1206 ex
898 1143 1037 1207 fluminis
1060 1163 1156 1208 cursu

209 1247 327 1306 servas,
351 1227 444 1292 situm
465 1229 573 1309 fuisse,
597 1231 640 1292 ita
661 1238 696 1292 ut
718 1249 818 1313 aeque
832 1228 873 1291 ab
888 1229 998 1291 eastris
1020 1236 1156 1312 uterque

209 1311 349 1374 distaret.
386 1312 506 1398 Scripsi
539 1316 660 1398 itaque,
697 1315 781 1378 unde
817 1312 967 1378 librorum
997 1314 1156 1397 scriptura

206 1405 338 1474 proprio
362 1406 394 1460 et
414 1401 551 1462 maxime
579 1400 610 1462 id
642 1398 725 1484 quod
747 1401 780 1462 in
801 1399 902 1462 Paria.
925 1420 988 1461 seo.
1012 1421 1031 1461 a
1052 1399 1157 1482 prima

208 1501 304 1544 manu
332 1493 497 1546 exaratum
525 1496 573 1548 est
599 1493 730 1565 proprio
766 1506 802 1548 re
834 1490 968 1562 lepioaes
1001 1481 1156 1549 facillimo

209 1567 318 1630 enasci
352 1570 470 1651 potuit:
508 1591 612 1650 prope
635 1577 761 1650 priores
788 1577 923 1647 iepioaes
956 1568 1037 1654 <Huc
1065 1591 1157 1647 paura

209 1659 386 1730 quetidiana
412 1663 628 1720 cousuetudine
650 1677 896 1733 conpressae
922 1660 1156 1734 pabulatoribus

204 1745 364 1817 praesidio
397 1761 524 1820 prope
548 1749 713 1820 priores
742 1746 876 1818 lepioaes
898 1745 1052 1804 Fabianae
1074 1746 1156 1806 duae

205 1830 316 1900 flumen
339 1833 521 1889 transissent
542 1848 566 1889 e.
591 1848 618 1903 p.
635 1825 687 1973 sp.
710 1824 754 1888 At
774 1823 1014 1892 nihiliortaaae,
1030 1833 1156 1890 mutan·

209 1907 284 1970 dum
306 1920 390 1990 erat3
414 1911 561 1994 sienim,
585 1932 646 1996 quo
684 1933 781 1996 supra
796 1912 912 1991 monui,
936 1909 1017 1984 duae
1031 1909 1155 1980 alterae

210 1991 351 2076 legiones
380 1997 513 2079 pontis
539 1995 696 2081 praesidio
722 2017 886 2060 remanere
910 1994 1081 2076 debebant,
1107 1995 1156 2060 ita

210 2076 333 2162 quidem
365 2081 458 2144 etiam
484 2080 722 2166 pabulatoribus
761 2080 919 2166 praesidio
952 2091 1055 2161 erant,
1095 2080 1156 2146 sed

205 2172 365 2241 praesidio
383 2175 515 2246 proprio
539 2189 595 2230 eae
610 2174 707 2242 erant,
731 2188 812 2251 quae
828 2187 899 2228 oum
914 2163 1155 2251 pabulatoribus
1251 2233 1252 2260 ,

210 2248 243 2310 in
271 2247 402 2314 alteram
423 2252 524 2336 ripam
545 2253 746 2316 transierunt.
770 2289 807 2299 -
832 2249 931 2314 Paulo
952 2260 1024 2335 post
1044 2272 1155 2314 nume-
1251 2265 1252 2314 i

209 2354 280 2396 rum
302 2333 470 2418 legionum,
493 2335 606 2422 quibus
627 2337 778 2402 Afranius
801 2334 958 2399 Fabianae
981 2356 1156 2420 aggressus
1251 2345 1252 2350 ’

211 2426 274 2567 gut,
307 2419 518 2568 Nipperdeius
548 2444 590 2485 ex
610 2422 711 2486 Pario.
742 2445 804 2487 sec.
833 2430 865 2485 et
892 2420 972 2499 Laid
1000 2442 1048 2504 pr.
1082 2419 1156 2501 ,ffl‘
1251 2487 1252 2494 χ

234 2505 307 2568 eit.

211 2589 370 2671 exhibent,
394 2601 488 2677 atque
509 2594 553 2655 ita
575 2593 670 2656 edidi.

272 2673 353 2738 Item
380 2697 407 2738 o.
437 2677 476 2740 41
505 2677 664 2764 vulgatam
692 2679 879 2763 soripurram
916 2689 1006 2740 aneta
1034 2674 1158 2741 retinui

211 2781 305 2844 quam
327 2760 430 2824 firmat
444 2762 536 2826 Vind.
553 2762 643 2828 liber.
662 2763 702 2827 N.
718 2776 806 2828 noete
826 2783 867 2826 ex
880 2761 980 2824 Paris.
996 2781 1060 2822 aee.
1071 2758 1157 2826 ,duo-

210 2843 269 2906 bus
293 2866 332 2907 ue
376 2858 518 2911 raeterea
540 2846 629 2912 libris
652 2849 760 2914 edidit.

272 2868 310 2992 b.
333 2869 384 2994 li.
406 2931 552 2998 Kranero
575 2934 749 3015 adsentior,
773 2935 826 3018 qui
847 2952 984 3019 genmna
1006 2951 1075 2994 eoae
1098 2952 1156 2996 ne-

210 3015 298 3098 gavit
318 3015 428 3099 verba,
450 3026 485 3082 ut
512 3018 608 3105 vulgo
631 3019 781 3085 eduntur:
812 3023 936 3098 Tempus
965 3027 1032 3080 erat
1057 3026 1157 3080 autem

210 3107 433 3180 difficillimum,
465 3125 523 3182 pao
553 3127 648 3182 aeque
674 3111 826 3184 frumenta
851 3110 882 3166 ia
905 3108 1041 3168 bibernis
1063 3114 1156 3164 erant

209 3209 305 3265 aeque
327 3194 446 3252 maltum
467 3211 486 3254 a
508 3196 676 3254 maturitate
692 3196 819 3254 aberant
840 3211 864 3254 e.
891 3210 919 3266 q,
942 3211 967 3250 s.
989 3186 1054 3251 Vix
1068 3184 1156 3248 enim

209 3274 360 3358 temporis
376 3273 591 3338 difficultatem
614 3276 646 3339 in
663 3298 700 3340 eo
715 3295 871 3355 cerneres,
898 3271 982 3358 quod
995 3272 1156 3336 frumenta

208 3377 269 3420 riou
291 3365 409 3424 multum
431 3383 450 3422 a
471 3361 652 3423 maturitate
675 3358 820 3441 aberaut3
848 3359 1039 3424 eontrarium
1068 3354 1159 3419 haud

210 3439 306 3506 dubie
338 3443 504 3508 dicendum
535 3459 611 3506 erat.
656 3445 762 3508 Minus
788 3454 894 3510 tamen
922 3443 1042 3530 placet,
1068 3439 1158 3527 quod

369 2505 556 2592 udendorpii
577 2507 652 2572 libri
672 2509 812 2594 itemque
837 2504 972 2569 Vindob.
995 2527 1043 2589 pr.
1065 2503 1156 2586 ,ΗΠι
