2534 3970
184 195 225 262 68
437 193 498 259 Da
519 193 662 259 BELLO
685 190 876 260 GALLIOO

182 368 359 449 materiam,
390 383 470 451 qnae
498 374 566 428 erat
592 382 701 447 caesa,
732 382 917 429 conversam
946 363 987 429 ad
1008 365 1132 432 hostem

183 451 360 518 collocabat
374 459 405 515 et
441 473 477 515 ro
492 449 576 515 vallo
598 450 639 513 ad
660 459 827 535 utrumque
842 449 924 513 latus
940 450 1131 514 exstruebat.

182 536 365 604 Incredibili
379 473 538 600 celisritate
553 557 667 620 magno
690 537 792 620 spatio
806 536 916 620 paucis
931 535 1043 598 diebus
1059 557 1132 600 con·

182 622 280 705 fecto,
310 644 405 708 quum
426 623 488 685 iam
511 641 608 705 pecus
629 629 725 705 atque
747 631 889 683 extrema
910 620 1133 704 impedimenta

182 707 222 772 ab
243 708 359 772 nostris
380 714 574 786 tenerentur,
598 706 658 790 ipsi
680 705 842 770 densiores
858 704 954 768 silvas
976 714 1130 790 peterent,

182 792 335 857 eiusmodi
349 800 426 854 sunt
437 800 638 875 tempestates
653 799 849 872 consecutae,
870 791 915 854 uti
930 811 1008 875 opus
1023 813 1132 854 neces-

182 879 263 942 sario
293 877 551 940 intermitteretur
573 884 604 938 et
627 877 859 940 continuatione
887 874 1035 938 imbrium
1065 875 1132 939 diu·

182 965 244 1026 tius
260 961 319 1026 sub
334 960 469 1047 pellibus
485 960 599 1024 milites
615 961 768 1026 contineri
782 983 845 1024 non
860 970 997 1044 possent.
1020 961 1132 1045 Itaque

181 1049 313 1112 vastatis
347 1046 491 1112 omnibus
526 1067 634 1110 eorum
666 1047 751 1132 agris
763 1095 771 1127 ,
805 1045 885 1108 vicis
918 1044 1133 1130 aedificiisque

181 1133 331 1195 incensis
353 1129 471 1195 Caesar
503 1133 675 1195 exercitum
706 1130 833 1195 reduxit
865 1138 897 1195 et
924 1132 958 1194 in
985 1129 1133 1194 Aulercis

181 1217 404 1303 Lexoviisque,
426 1215 556 1302 reliquis
578 1219 653 1281 item
673 1214 862 1296 civitatibus,
886 1237 967 1301 quae
988 1217 1133 1301 proxime

181 1301 300 1367 bellum
321 1303 468 1384 fecerant,
490 1304 523 1367 in
544 1300 684 1364 hibernis
707 1295 882 1366 collocavit.

458 1573 495 1640 0.
517 1571 625 1638 IULlI
647 1570 855 1638 CAESARIS

215 1710 316 1823 oa
368 1708 652 1824 urano
706 1656 1098 1822 oristeo

269 1933 271 1941 ·
351 1900 715 1965 commaneamus
738 1899 965 1979 QUARTUS.

182 2138 223 2210 [Α.
241 2139 273 2190 U.
293 2137 322 2204 O,
339 2137 420 2204 ecel,
443 2136 563 2201 Usipetes
587 2141 613 2186 et
630 2137 749 2186 Tencteri
773 2137 893 2188 Germani
917 2139 1038 2189 continuo
1061 2137 1132 2190 bello

216 2203 330 2257 lacessiti
347 2223 364 2256 a
382 2205 481 2266 Suebis,
501 2221 607 2268 quorum
625 2219 748 2254 morose
769 2208 834 2255 1-3
853 2206 1038 2268 describuntur,
1062 2207 1132 2258 Rbo-

216 2281 277 2324 ‘num
293 2279 427 2324 transeunt
441 2279 475 2322 'et
492 2273 643 2338 Menapios,
667 2273 760 2322 deinde
777 2274 912 2324 Eburones
931 2274 1133 2340 Condrusosquc

216 2343 334 2409 aggressi
352 2341 490 2392 accesere
508 2343 598 2390 castris
611 2347 745 2400 eximetur.
773 2342 825 2402 Qui
843 2357 875 2391 ex
892 2343 1045 2407 gravissima
1058 2343 1132 2394 clade

218 2415 361 2470 evaserant,
379 2414 449 2460 baris
461 2409 575 2458 Rhenum
591 2410 624 2458 ad
636 2409 793 2474 Sugambros
811 2426 840 2460 se
857 2411 982 2475 recipiunt
999 2425 1021 2459 c.
1041 2414 1132 2462 1-16.

217 2480 299 2529 Ponte
321 2479 389 2528 sacto
408 2477 504 2528 Caesar
520 2477 636 2526 Rhemun
657 2478 857 2542 transgreditur,
882 2477 1038 2541 Sugambros
1061 2481 1132 2544 agris

218 2546 382 2596 devastandis
395 2545 533 2606 ulciscitur,
546 2545 628 2595 Ubios
641 2562 657 2594 a
669 2545 761 2595 Suebis
775 2562 913 2611 oppressos
926 2546 1025 2606 liberat,
1039 2547 1132 2598 deinde

216 2616 244 2664 in
263 2613 372 2665 Galliam
390 2614 455 2663 redit
472 2629 494 2662 c.
519 2615 634 2662 16-19.
663 2614 812 2664 Britanniae
830 2613 947 2664 litoribus
964 2631 981 2664 a
998 2615 1131 2666 Voluseno

218 2681 356 2747 exploratis
389 2687 415 2731 et
442 2681 525 2731 classe
552 2687 641 2730 coacta
668 2680 764 2731 Caesar
789 2697 803 2731 e
832 2681 941 2732 Morinis
969 2683 996 2732 in
1022 2683 1132 2734 insiliam

214 2751 310 2801 traiicit
327 2766 348 2799 c.
360 2751 468 2800 20-23.
494 2749 579 2814 Aegre
598 2751 709 2798 exercitu
727 2750 753 2798 in
771 2755 863 2800 terram
878 2752 995 2815 exposito
1006 2749 1131 2803 barbaros

217 2818 295 2871 semel
312 2819 453 2882 iterumque
470 2818 550 2866 vincit
567 2833 588 2866 c
606 2819 719 2876 24-35;
738 2817 871 2867 obsidibus
883 2819 1013 2883 imperatis
1031 2821 1057 2868 in
1070 2819 1130 2871 Gal·

216 2886 277 2943 liam
294 2887 360 2936 redit
376 2902 397 2936 a
410 2888 451 2955 36.
473 2885 583 2946 Morini,¹
593 2887 636 2949 qui
648 2885 813 2936 rebellionem
830 2886 951 2948 fecerant,
969 2887 1131 2954 subiguntur,

194 2961 196 2966 ’
216 2970 265 3005 nec
286 2970 338 3004 non
355 2954 542 3018 Messapiorum
559 2955 615 3018 agu'
631 2959 764 3003 vastantur
782 2970 803 3004 c.
821 2956 862 3004 37.
880 2955 921 3005 38.

249 3175 278 3239 1.
321 3174 384 3256 Ea,
407 3195 488 3258 quae
510 3182 619 3240 secuta
641 3183 703 3254 est,
732 3173 850 3256 hieme,
874 3175 928 3259 qui
950 3175 1009 3240 init
1030 3197 1131 3241 annus

185 3261 276 3327 Gneo
297 3259 469 3344 Pompeio,¹
486 3253 593 3322 Marco
617 3255 731 3323 Crasso
753 3259 952 3343 consulibus,
969 3257 1132 3346 'Usipetes

185 3346 336 3412 Germani
365 3353 396 3407 et
424 3343 498 3406 item
520 3343 668 3408 Tencteri
694 3365 809 3429 magna
838 3365 910 3408 cum
931 3345 1132 3412 'multitudine

184 3431 348 3496 bominum
379 3427 504 3501 flumen·
524 3428 670 3492 Rhenum
701 3431 910 3512 transierunt,
942 3453 1007 3499 non
1036 3431 1132 3518 longe
