2490 3974
192 219 255 284 240
444 222 572 286 BELLl
593 223 888 288 HISPANIENSIS

225 407 311 442 merus
328 395 356 441 in
373 394 428 442 dies
446 401 592 457 augeretur,
620 396 759 459 Pompeius
777 411 832 456 eos,
860 398 905 460 qni
929 397 1036 446 Caesari
1054 398 1169 446 favere

226 460 384 520 dicebantur,
402 461 529 524 supplicio
539 463 619 510 tradit
630 478 653 514 c.
665 465 706 510 21.
727 464 919 524 Ursaoneuses,
935 467 1053 528 Ateguae
1068 467 1167 528 eapti,

226 529 304 594 legati
322 531 355 578 ad
373 546 434 578 snos
453 530 627 590 dimittuntnr;
649 532 777 580 interlecti
794 539 853 581 sunt
870 549 886 581 a
903 534 1081 596 Pompeianis,
1110 536 1166 596 qui

225 597 369 648 Ursaonem
386 597 516 662 praesidio
538 599 662 648 tenebant
678 615 700 647 a
718 601 759 650 22.
789 600 886 649 Caesar
913 601 1020 664 Pompei
1050 604 1166 650 eastris

226 671 311 715 caena
343 667 454 726 contem
490 667 638 714 Caesariani
672 669 793 731 operibus
827 669 947 733 occupati
979 667 1166 717 lacessuntur

224 750 242 783 a
260 734 433 799 Pompeianis.
458 735 501 783 Fit
529 735 589 783 leve
616 735 744 798 proelium
765 752 787 784 e
805 739 852 795 233
881 737 986 800 gravia
1013 736 1164 800 proelium

223 807 328 866 postero
346 803 388 852 die
406 803 490 852 editur
506 817 555 851 nec
572 803 628 852 sine
645 819 739 867 magno
757 805 971 868 Pompeianorum
988 803 1161 853 detrimento

223 884 245 918 e
258 871 298 920 24.
318 871 349 931 Q.
362 871 500 936 Pompeius
512 872 593 935 Niger
611 886 669 920 eum
685 873 796 922 Antistio
815 874 946 937 Turpione
963 872 997 921 ad
1009 872 1161 935 singulare

224 945 352 988 certamen
369 945 527 1004 provocante
550 940 716 1004 congreditur
733 956 756 989 c.
774 941 815 988 25.
843 941 952 1004 Equites
973 939 1076 1003 aliquot
1096 940 1159 989 Ro·

223 1008 293 1055 mani
310 1007 344 1056 sd
361 1008 499 1057 Caesarem
515 1013 663 1068 transeunt;
691 1009 888 1073 intercipimus
910 1008 956 1057 (ln.
974 1009 1087 1072 Pompei
1108 1007 1158 1056 lit-

223 1081 294 1124 terae
310 1090 332 1124 c
351 1077 392 1124 26.
422 1075 520 1125 Castris
541 1076 669 1139 utrimque
690 1076 718 1123 in
741 1093 831 1140 campo
853 1077 992 1126 Mundensi
1007 1077 1110 1139 positis
1129 1091 1156 1126 c.

223 1144 256 1190 27
267 1144 404 1193 maximum
415 1144 451 1192 ibi
462 1143 589 1207 proelium
600 1144 771 1196 committitur.
790 1146 875 1206 Quum
886 1145 975 1193 hostes
985 1150 1083 1192 natura
1095 1143 1157 1192 loci

225 1211 407 1261 adiuvarentur
423 1217 514 1278 utpote
532 1228 564 1261 ex
581 1211 640 1262 loco
658 1214 792 1277 superiore
808 1219 966 1277 pugnantes,
990 1211 1154 1260 Caesariani

221 1295 303 1346 prope
321 1279 354 1328 de
371 1281 481 1330 victoria
497 1280 682 1345 desperabas
700 1286 728 1330 at
744 1281 855 1347 legionis
872 1281 897 1328 X
915 1285 941 1329 et
958 1280 1074 1343 equitum
1094 1281 1153 1328 vir·

222 1353 276 1396 tute
292 1348 420 1411 proelium
437 1355 477 1398 est
497 1350 641 1398 restitutum
658 1349 799 1413 hostesque
814 1350 842 1398 in
859 1349 947 1412 lugam
958 1348 1069 1396 coniecti
1083 1353 1152 1396 sunt

223 1430 245 1464 c.
263 1416 371 1465 28-31.
388 1417 603 1482 Pompeianorum
620 1431 682 1482 pars
693 1417 816 1466 Mundam
834 1417 961 1480 confugit3
978 1415 1013 1464 ad
1030 1431 1079 1464 eos
1100 1415 1151 1464 ob-

222 1483 343 1534 sidendos
360 1491 434 1550 parte
451 1486 578 1535 exercitus
601 1485 692 1534 relicta
714 1499 736 1534 c.
754 1488 787 1535 32
805 1485 902 1534 Caesar
918 1486 975 1548 ipse
993 1482 1149 1532 Cordubam

221 1552 370 1616 aggreditur
388 1557 414 1602 et
436 1559 605 1618 expugnate
624 1555 665 1603 33.
683 1555 724 1604 34.
753 1553 855 1603 Deinde
882 1551 1011 1615 Hispalim
1040 1552 1149 1615 recipit

221 1621 389 1682 Praesidium,
407 1621 530 1685 quodibi
547 1621 676 1686 relinquit,
687 1637 747 1671 mox
765 1622 916 1687 opprimitur
933 1617 1072 1669 anilone
1086 1635 1148 1668 cnm

221 1689 403 1740 Lusitanorum
419 1705 497 1740 mann
514 1689 637 1754 oppidum
653 1694 733 1739 noda
748 1692 867 1756 ingresso
886 1703 907 1737 c
926 1689 968 1738 35.
996 1687 1148 1752 Eruptione

222 1759 290 1808 saeta
307 1758 430 1822 oppidani
445 1773 527 1807 naves
543 1758 571 1806 in
587 1758 662 1807 Baeti
679 1759 782 1808 flumine
798 1758 950 1816 incendunt3
968 1771 1033 1820 quos
1052 1771 1147 1819 perse·

221 1827 273 1876 cuti
291 1826 440 1876 Caesariani
457 1825 553 1890 oppido
570 1826 629 1890 ipso
647 1828 787 1890 potiuntur.
815 1827 880 1876 Asta
898 1823 1005 1874 Caesari
1022 1823 1146 1884 deditnr3

221 1895 363 1944 coniuratio
380 1893 413 1944 ab
438 1893 579 1959 transfugis
602 1894 765 1958 Pompeianis
788 1895 924 1953 concitata,
948 1892 1104 1956 opprimitur
1122 1907 1144 1942 c
1222 1883 1223 1908 ³

220 1965 261 2014 36.
279 1963 417 2027 Pompeius
434 1964 539 2012 navium
555 1977 662 2011 numero
682 1973 808 2028 occupato
827 1962 931 2012 Carteia
947 1960 1078 2026 profugit3
1104 1961 1145 2009 in-

220 2031 336 2096 sequitur
353 2047 410 2080 eum
432 2031 535 2092 Didius,
565 2031 609 2094 qni
628 2031 743 2080 Gadibus
768 2031 940 2081 Caesarianae
963 2028 1043 2098 classi
1065 2043 1144 2092 prae-
1222 2053 1223 2060 κ

220 2105 283 2161 erat,
300 2100 455 2163 naviumque
467 2104 565 2163 partem
575 2100 697 2161 incendit,
715 2105 814 2164 partem
826 2099 895 2163 capit
906 2113 927 2146 u
940 2099 981 2148 37.
999 2096 1142 2160 Pompeius
1222 2111 1223 2118 ¹

220 2167 323 2218 saucius
340 2169 367 2216 in
384 2167 478 2217 lectica
495 2167 595 2232 effugit3
613 2167 752 2217 infeliciter
763 2183 820 2216 cum
837 2164 1054 2231 persequentibus
1073 2164 1141 2213 Cae-

220 2237 329 2286 sarianis
345 2241 445 2301 pugnat
462 2251 484 2284 e
502 2237 543 2284 38.
572 2235 656 2296 Quum
675 2237 701 2284 in
720 2251 825 2300 specum
843 2249 871 2283 se
888 2233 1039 2293 abdidisset,
1058 2233 1140 2296 capti·

219 2320 310 2353 vorum
327 2304 422 2353 indicio
441 2303 617 2368 deprehensus
634 2303 788 2353 interficitur
804 2319 826 2352 c.
839 2303 880 2352 39.
898 2302 1024 2361 Lusitani,
1043 2301 1087 2364 qui
1108 2315 1140 2348 ex

220 2373 377 2437 Pompeiano
395 2373 510 2422 exercitu
527 2379 686 2435 supererant,
716 2372 822 2422 Didium
850 2370 960 2420 navitis
991 2367 1140 2418 reficiendis
1222 2383 1223 2400 ¹

220 2445 371 2504 occupatum
394 2439 490 2490 crebris
508 2439 614 2504 proeliis
633 2439 776 2501 lacessunt,
794 2454 875 2488 naves
887 2437 1034 2496 incendunt,
1052 2437 1139 2500 ipsum

220 2507 340 2557 occidunt
351 2522 372 2556 c.
385 2509 426 2557 40.
444 2507 548 2556 Interim
559 2507 657 2556 Fabius
676 2510 803 2557 Maximus
821 2507 855 2556 ad
872 2505 996 2554 Mundam
1015 2504 1137 2554 obsiden·
1222 2519 1223 2546 l

219 2577 278 2625 dam
300 2593 316 2626 a
339 2575 451 2626 Caesare
474 2575 579 2625 relictus
602 2577 724 2639 oppidum
742 2579 885 2641 expugnat3
913 2573 974 2622 inde
992 2573 1138 2622 Ursaonem
1222 2585 1223 2624 i

219 2644 465 2761 plpptidprqppstituit
487 2659 509 2694 c.
527 2646 568 2694 41,
599 2643 704 2706 Concio,
735 2659 810 2709 quam
839 2642 936 2692 Caesar
964 2640 1069 2705 Hispali
1090 2639 1137 2690 ha·

584 2787 734 2798 ...----

248 2866 276 2928 1.
299 2864 462 2928 Pharnace
485 2875 631 2948 superato
654 2865 773 2936 [Africa
785 2866 923 2946 recepta]
947 2861 1001 2946 qui
1024 2881 1065 2923 ex
1085 2858 1136 2923 his
1222 2865 1223 2884 ³

183 2949 310 3034 proeliis
338 2971 409 3013 cum
436 2949 636 3016 adolescente
659 2949 717 3014 On.
739 2949 891 3034 Pompeio
911 2945 1135 3032 probrgissent,
1222 3005 1223 3008 ,

184 3081 289 3098 .....
313 3033 418 3114 Quum
440 3044 471 3098 et
497 3035 654 3100 ulterioris
687 3035 860 3120 Hispaniae
915 3033 1008 3096 otitus
1042 3039 1134 3112 esset,
1222 3073 1223 3118 ,

183 3118 258 3183 dum
281 3119 398 3184 Caesar
429 3120 613 3184 muneribus
647 3119 759 3184 dandis
787 3120 821 3182 in
841 3054 936 3180 Italia
968 3115 1133 3215 detinetis,
1222 3149 1223 3152 κ

183 3226 244 3292 quo
265 3204 389 3270 facilius
411 3205 571 3289 praesidia
592 3214 702 3270 contra
724 3211 923 3290 compararet
954 3201 1132 3285 Pompam,

181 3291 214 3354 in
246 3290 341 3354 fidem
373 3291 619 3376 uniuscuiusque
652 3291 786 3354 civitatis
819 3287 989 3373 confligere
1021 3287 1132 3370 eoepit

182 3373 231 3438 Ita
251 3378 365 3461 partim
386 3375 533 3460 precibus
555 3378 670 3461 partim
690 3377 724 3440 vi
750 3374 833 3438 bene
861 3393 978 3458 magna
1010 3392 1132 3456 compa·

182 3468 250 3523 ratu
271 3483 365 3524 manu
386 3461 737 3546 provinciamvastare.
763 3458 885 3548 Quibus
900 3458 933 3521 in
947 3458 1042 3523 rebus
1057 3479 1130 3523 ncn-
