2532 3968
449 257 707 326 PRAEFATIO.
959 257 1050 326 XLV

98 437 248 496 maxima:
271 454 296 498 e.
321 445 349 500 d.
373 447 398 492 s.
427 427 511 494 Ante
532 427 702 494 Davisium
725 436 791 508 aqit
810 451 869 515 pro
892 443 963 496 orat
984 426 1059 497 ede·

98 515 210 598 batur3
240 518 268 582 is
296 535 417 603 primus
445 516 628 579 monstratis
652 512 842 601 quibusdam
865 515 1060 582 comicorum

99 599 178 666 locis
200 601 279 666 illud
303 625 395 668 orurc
418 607 610 679 cumulique
642 610 676 665 ut
697 609 785 666 recte
808 600 926 664 dictum
948 599 1057 666 defen-

100 685 157 769 dit,
180 688 272 775 eique
295 688 432 755 editores
454 685 531 752 inde
553 685 697 774 plerique
719 685 862 751 obsecuti
877 694 959 750 sunt.
981 685 1058 772 Nip·

100 772 257 859 perdeius,
281 778 332 840 cui
356 779 550 842 comicorum
578 795 679 858 genus
710 771 837 838 dicendi
859 780 966 856 utpote
990 794 1057 837 ser·

99 860 186 924 moni
218 859 273 924 vul
297 863 344 926 ari
384 872 416 926 et
453 858 604 926 familiari
636 857 908 923 accommodatum
945 879 1074 944 parum¹

99 945 206 1010 facere
234 885 403 1011 videbatur
433 971 505 1012 cum
532 946 657 1012 urbano
688 953 720 1008 et
750 941 876 1010 exculto
905 941 1057 1012 Caesaris

100 1052 262 1113 sermone,
285 1031 439 1099 Plautinis
471 1044 502 1097 et
531 1031 734 1098 'Ferentianis
765 1029 842 1094 locis
872 1029 969 1094 tidem
990 1049 1058 1098 non

99 1137 171 1180 esse
200 1115 399 1200 habendam,
430 1118 488 1183 sed
514 1142 585 1183 cum
619 1119 678 1182 Th.
706 1113 854 1184 Bentleio
885 1122 951 1192 anit
981 1123 1057 1182 ants

101 1213 171 1265 orat
193 1223 263 1266 esse
286 1203 489 1268 inserendum
513 1206 644 1269 censuit.
668 1204 846 1285 Assentior,
871 1197 956 1285 quod
977 1199 1058 1266 mihi

99 1308 225 1374 quoque
255 1309 347 1353 orare
377 1312 442 1354 curn
472 1298 573 1369 aliquo
604 1289 790 1356 Caesariani
812 1286 968 1353 sermonis
991 1307 1059 1353 ron

98 1393 169 1436 esse
197 1372 339 1454 videtur,
370 1374 428 1439 sed
459 1397 560 1462 aeque
583 1375 729 1461 displicet
750 1377 783 1440 in
806 1375 1053 1440 sententiarum

99 1477 134 1521 co
164 1463 201 1524 de
228 1466 325 1522 salute
354 1483 412 1525 sun
440 1469 542 1546 aqit,
567 1474 657 1526 orat
678 1477 768 1540 atque
790 1467 981 1524 obsecrat
1001 1459 1058 1522 fri

102 1541 177 1626 gida
203 1542 261 1607 illa
287 1545 457 1610 verborum
487 1546 675 1629 cumulatio,
727 1566 788 1609 uae
822 1567 884 1630 quo
917 1544 1052 1609 consilio

98 1627 239 1692 admissa
268 1630 325 1710 sit,
364 1653 428 1695 non
455 1632 558 1696 video.
597 1569 799 1696 Emendandi
835 1639 939 1694 autem
968 1631 1054 1695 viam

98 1723 281 1778 monstrare
296 1715 422 1780 videtur
451 1717 519 1781 cod.
550 1717 644 1782 Vind.
697 1740 721 1780 r.
745 1716 779 1780 in
801 1737 863 1801 quo
888 1737 954 1780 curn
976 1737 1056 1781 eunt

97 1819 244 1883 procum
266 1821 305 1865 co
330 1812 497 1866 exaratum
519 1813 576 1866 est.
601 1740 695 1882 Quod
718 1803 745 1865 si
765 1802 935 1886 recipimus
957 1807 990 1864 et
1004 1821 1055 1866 ur-

99 1895 190 1952 tcrcm
221 1895 348 1968 quoquc
376 1895 537 1952 amicitiam
570 1887 738 1952 scribimus
771 1908 831 1972 pro
867 1899 1053 1967 ueteremque

101 1979 272 2056 contuitione,
303 1974 408 2037 omnia
429 1975 494 2037 iam
516 1975 633 2060 optime
655 1974 689 2038 in
710 1973 795 2038 hunc
816 1972 945 2038 modum
969 1994 1052 2040 com·

97 2065 210 2142 parata
226 2067 315 2122 sunt:
342 2066 1053 2137 Quumeumdesalatesuaorararquc

101 2147 257 2226 obsecrat,
280 2158 313 2208 ur
334 2152 395 2210 sibi
411 2157 542 2227 parcat,
566 2157 693 2212 ueterem
716 2166 865 2225 quoquc
887 2151 1052 2212 amicitiant

98 2243 306 2293 commemorat
327 2236 530 2311 Caesarisque
552 2239 582 2296 in
599 2253 632 2296 se
647 2238 792 2307 beneficia
807 2237 950 2307 ruperim
975 2251 1054 2308 quac

99 2325 187 2376 crant
208 2323 339 2379 rnuairna
362 2338 386 2380 e.
411 2338 437 2395 q.
462 2341 487 2380 s.

164 2397 199 2463 O.
230 2400 272 2464 23
325 2423 400 2464 uum
427 2411 538 2486 aperte
559 2402 674 2465 vitiosa
696 2403 759 2465 sint
780 2400 888 2480 verba,
913 2400 1050 2485 quaein

98 2483 244 2548 omnibus
268 2423 429 2550 codicibus
451 2488 548 2550 missa
577 2487 740 2551 nominum
762 2487 918 2571 scriptura
939 2485 984 2547 ita
1005 2483 1050 2548 le=

97 2579 234 2653 guntur:
256 2577 356 2636 Erant
378 2579 669 2651 quinquaqinta
701 2579 868 2636 ordines
889 2574 923 2634 L.
948 2575 1052 2634 Donni·

98 2661 167 2734 tius,
194 2659 229 2718 P.
260 2661 406 2722 Lentulus
433 2663 586 2739 Spinther,
607 2662 643 2723 L.
673 2663 820 2722 Vibullius
843 2661 953 2734 Rufus,
976 2659 1048 2720 Sex.

99 2744 262 2814 Quintilius
297 2747 395 2808 Varus
433 2755 597 2822 quaestor,
631 2748 665 2807 L.
696 2747 831 2808 Rubrius
837 2767 849 2816 ;
885 2753 1077 2821 practerea<

93 2831 178 2901 filius
206 2832 320 2891 Domiti
350 2851 374 2892 c.
399 2850 426 2907 q.
449 2851 474 2892 s.
497 2828 630 2894 Vossius
655 2836 686 2892 et
709 2827 954 2911 Oudendorpius
972 2827 1056 2888 scri.

96 2920 240 2995 pserrmt:
263 2919 362 2977 Erunt
382 2921 531 2978 senatorii
561 2921 690 2996 ordinis,
703 2913 925 2976 —Darisiust
950 2917 1052 2974 Erant

98 3003 228 3074 quinque
256 3006 408 3063 senatorii
435 2999 573 3081 ordinis,
597 3006 628 3061 et
650 2999 732 3062 haec
755 2996 946 3060 emendandi
967 2996 1050 3061 ratio

94 3079 287 3166 Nipperdeio
317 3105 442 3170 quoque
471 3085 515 3147 ita
536 3083 711 3170 probabilis
732 3084 803 3148 visa
826 3091 883 3163 est,
906 3082 935 3145 si
957 3102 1050 3144 sena·

96 3174 169 3232 lorii
201 3177 273 3253 post
306 3177 427 3234 ordinis
454 3168 665 3234 collocaretur
702 3169 810 3254 ibique
844 3191 859 3231 s
887 3165 1049 3230 excidisse

95 3253 338 3318 existimaretur.
368 3253 489 3319 Vocem
511 3262 661 3319 senatorii
693 3264 724 3318 et
747 3253 873 3340 quidem
895 3249 1049 3316 hocloco

94 3337 252 3405 excidisse
280 3339 357 3404 mihi
385 3362 509 3426 quoque
538 3339 682 3423 videtin,
713 3349 745 3402 at
766 3359 931 3404 numerum
955 3343 1045 3416 quin-

95 3431 242 3502 quaqinta
269 3426 303 3489 in
329 3424 475 3490 omnibus
497 3423 587 3490 libris
611 3433 788 3490 exstantem
810 3434 941 3508 tangere
963 3421 1048 3505 nolo,

94 3529 191 3593 quum
225 3512 311 3574 omni
341 3511 513 3575 offensione
549 3518 671 3592 careat,
702 3509 871 3573 dummodo
900 3510 934 3570 in
963 3507 1049 3574 hunc
