2532 3968
484 249 740 316 PRAEFATIO.
975 249 1088 318 XXIX

129 421 286 490 Rauracis
324 431 356 487 et
391 421 477 488 Boiis
516 423 687 488 novissimo
727 421 796 488 loco
834 422 1087 488 commemoratis

130 509 235 576 omnir
253 531 404 574 numerus
420 507 645 574 detraheretur.
671 507 762 572 Unde
776 509 894 573 iactum
909 509 958 591 eit,
975 518 1010 572 nt
1024 507 1086 572 Le·

129 595 271 659 morices
300 593 434 658 bissini
460 595 631 675 nominati,
660 595 841 678 perspicere
867 615 1002 680 nequeo,
1024 615 1087 658 neo

129 678 342 765 Nipperdeius
363 679 397 742 in
418 677 616 764 probabilem
631 678 759 744 modum
779 701 849 743 rem
871 679 1008 764 aperuit;
1031 699 1089 742 eos

128 774 205 852 poet
226 762 368 830 Osismou
398 765 480 828 inter
501 763 684 828 Armoricae
710 773 821 848 gentes
842 765 1000 829 nominari
1021 785 1087 829 non

129 851 281 937 potuisse,
303 862 390 914 recte
412 849 547 932 monuit,
577 859 769 934 quapropter
793 850 854 915 hoo
876 848 946 914 loco
968 871 1087 914 nomen

129 935 223 1000 unois
244 933 369 1000 inclusi.
405 934 514 1000 Verba
535 957 617 1020 quae
639 933 730 998 aliter
752 935 899 999 constitui
920 936 984 1000 iam
1006 933 1088 1000 haec

128 1030 222 1086 runt:
246 1066 377 1096 ......
383 1033 492 1086 ocionn
525 1026 702 1085 Pictonibus
731 1032 760 1084 et
790 1026 923 1085 Turonis
944 1032 974 1085 cl
994 1025 1086 1084 Puri-

129 1114 189 1171 siis
211 1119 240 1170 el
258 1112 422 1182 Heluetiis;
443 1127 538 1170 senc
561 1112 751 1188 Andibus,
776 1112 944 1187 Ambianos,
967 1111 1087 1170 Medic·

128 1199 283 1269 matricis,
307 1197 504 1268 Petrocoriis‚
528 1196 660 1270 Neruiis,
683 1197 826 1267 Morinis,
849 1196 1087 1270 Nitiobrieibus,·
1132 1265 1134 1274 y

136 1282 166 1340 V
181 1284 287 1342 milio
308 1284 448 1343 Aulercis
471 1283 647 1342 Cenomanis
653 1303 666 1351 ,·
689 1283 854 1342 indidem
876 1282 1087 1351 Atrebatibus;

130 1375 324 1444 quaterno
353 1369 562 1438 Vellioccssis,
586 1368 730 1428 Lexoviis
752 1375 781 1428 el
801 1369 943 1428 Aulercis
964 1368 1087 1428 Eburo-

129 1454 265 1531 vicibus3
294 1459 401 1514 ternu
430 1454 584 1513 Rauracis
612 1462 641 1514 et
668 1455 757 1514 Boiis
764 1474 777 1524 ;
809 1453 905 1512 XXX
932 1454 1087 1512 uniuersis

129 1541 318 1610 civilatibus,
354 1556 430 1614 quae
462 1539 612 1599 Oceanum
642 1542 794 1612 relinqunt
820 1555 957 1613 quaeque
983 1554 1087 1598 eorum

129 1627 347 1686 consuetudine
370 1627 546 1684 Armoricae
571 1627 774 1701 appellentur,
798 1640 857 1698 quo
880 1626 1006 1683 suntin
1028 1639 1086 1682 uu·

128 1727 210 1771 mero
235 1712 445 1782 Coriosolites,
470 1711 622 1781 Redones,
647 1711 822 1780 Ambibcrii,
847 1710 972 1780 Caletes,
999 1707 1086 1768 Osis-

129 1798 186 1869 mi,
210 1795 417 1872 [Lemovices]
444 1795 546 1856 Unelli.
579 1791 685 1856 Probe
708 1789 923 1876 quidem'scio
945 1789 1086 1852 numeris

129 1877 316 1962 computatis
344 1878 495 1941 maiorem
535 1898 687 1941 summam
718 1875 800 1940 effici
829 1897 883 1956 ea,
924 1896 1018 1975 qnam
1051 1873 1087 1938 in

129 1983 208 2048 agro
234 1961 440 2027 Haeduorum
469 1961 633 2025 lustratam
663 1983 734 2026 esse
761 1961 864 2046 capite
894 1959 1009 2026 dernde
1038 1979 1086 2022 ee-

130 2057 245 2134 quente
267 2047 434 2130 videmusp
449 2047 506 2111 sed
522 2047 681 2132 discrepet
702 2056 835 2132 utraque
851 2067 975 2109 summa
990 2044 1086 2108 etiam

129 2155 227 2219 quum
248 2155 396 2198 numeros
419 2132 571 2217 catalogi,
598 2131 722 2218 qualem
744 2130 954 2216 Nipperdeius
977 2129 1086 2210 edidit,

130 2228 307 2303 computas3
337 2228 422 2282 certe
452 2217 606 2304 quadrant
626 2219 693 2281 fere
719 2238 869 2298 summae,
893 2216 920 2280 si
942 2216 1086 2279 mutatio·

129 2325 188 2368 nes
210 2303 250 2367 ab
272 2304 463 2389 Nipperdeio
485 2304 674 2388 propositae,
698 2303 738 2367 ab
760 2302 906 2366 Krenero
929 2301 998 2364 sine
1019 2299 1087 2364 ulla
1111 2356 1116 2373 ,

128 2388 336 2453 haesitatione
357 2412 415 2475 pro
436 2392 522 2454 veris
543 2399 687 2474 receptas
708 2387 835 2474 probas,
859 2386 916 2451 sed
936 2385 992 2449 ubi
1014 2384 1084 2448 libi-

130 2475 196 2540 dini
216 2473 316 2538 verba
330 2475 549 2539 constituenda
567 2476 810 2554 committuntur,
834 2481 984 2558 quantum
1008 2471 1086 2535 satie

130 2569 239 2646 patent
258 2561 340 2641 viae,
385 2559 478 2623 uibus
500 2569 535 2624 ut
555 2561 712 2644 utrimque
735 2578 876 2622 summae
898 2564 1087 2642 congruant,

133 2646 214 2710 effici
233 2647 342 2732 possit.
396 2655 410 2709 t
422 2645 564 2730 profecto
577 2644 648 2708 fieri
663 2645 772 2730 potuit,
787 2654 823 2707 ut
837 2643 937 2708 maior
952 2639 1087 2726 singulis

133 2731 311 2798 civitatibus
340 2753 488 2796 numerus
516 2732 743 2815 imperaretur,
772 2730 876 2794 minor
903 2726 1019 2792 deinde
1044 2723 1087 2790 ad

132 2817 332 2882 constitutum
364 2815 448 2880 diem
478 2839 517 2880 ex
545 2817 584 2880 iis
607 2818 808 2896 conveniret„
842 2834 946 2899 neque
979 2813 1013 2875 in
1046 2833 1086 2876 eo

132 2901 214 2988 qnod
242 2925 306 2967 non
332 2903 393 2965 nisi
414 2900 577 2966 Bellovaci
606 2909 706 2966 sunm
725 2920 979 2988 numerumnon
1001 2918 1085 2960 oom-

130 2987 267 3074 pleviese
281 2996 456 3062 narrantur,
472 2996 689 3072 argumentum
704 2989 809 3051 inesse
823 2984 958 3066 videtur,
966 3003 1086 3060 *omnes

131 3072 267 3158 reliquas
282 3073 425 3137 civitatee
439 3074 597 3160 integrum
611 3071 745 3136 militum
759 3068 1085 3148 numerumrnisieae3

131 3157 292 3222 Bellovaci
319 3159 404 3222 enirn
432 3157 515 3222 hanc
543 3157 584 3221 ob
612 3181 682 3222 rem
710 3179 788 3244 prae
803 3157 926 3240 ceteris
942 3173 1086 3216 comme·

130 3243 271 3309 morandi
293 3253 396 3326 erant,
427 3243 511 3330 quod
538 3245 702 3328 quominus
725 3245 797 3308 cum
826 3239 957 3326 reliquis
981 3235 1086 3302 Gallis

131 3328 282 3411 faverent,
304 3339 531 3394 recusaverant
552 3351 648 3414 seque
671 3351 727 3394 suo
749 3322 876 3392 nomi'ne
901 3335 933 3390 et
954 3322 1086 3386 arbitrio

131 3413 248 3480 beilum
270 3435 340 3480 eum
362 3414 512 3478 Romania
534 3425 679 3500 gesturos
701 3435 772 3478 esse
794 3411 1027 3476 dictitaverant

141 3547 144 3556 Α
194 3499 230 3565 Ο.
261 3501 300 3564 77
335 3501 369 3563 in
397 3501 537 3565 oratione
567 3497 745 3584 Critognati
782 3519 853 3561 cum
889 3494 1085 3560 Schneidero
