2562 3970
452 174 590 249 ,COMM
611 176 628 239 I
650 175 742 240 OAP.
767 175 857 238 7-9.
1037 221 1039 232 ι
1061 201 1064 206 ·
1108 177 1125 239 7

174 347 350 430 tribunicia,
365 348 399 410 in
410 350 589 414 secessione
604 344 712 432 populi
723 345 849 431 templis
865 344 1004 431 locisque
1020 339 1127 411 editio'-

175 433 263 496 ribus
275 434 451 517 occupatis3
467 444 560 518 atque
577 432 658 496 haec
672 433 842 518 superioris
858 433 968 496 aetatis
981 421 1127 518 exempla

176 521 303 604 expiata
324 516 486 581 Saturnini
507 529 600 604 atque
627 517 844 582 Gracchorum
878 517 1002 581 casibus
1022 518 1126 599 docet3

111 656 114 664 ,
176 603 639 689 quarumrerumillotempore
660 601 739 666 nihil
753 603 879 682 facturn,
902 604 1127 688 recogitatum

176 687 302 774 quidem
324 688 444 768 [mulla
464 687 518 753 lex
542 688 750 774 promulgata,
772 710 837 751 non
852 709 922 750 curn
945 687 1059 773 populo
1075 691 1128 774 agi

177 782 329 858 coeptum,
345 773 433 838 nulla
451 775 587 842 secessio
609 771 713 859 factal.
736 773 896 854 Hortatur,
920 774 1007 836 cuius
1030 775 1126 858 impe·

174 859 287 922 ratoris
320 859 415 922 ductu
449 867 523 920 Vllll
559 861 649 921 annis
682 857 908 942 rempublicam
944 857 1127 922 felicissime

197 946 331 1008 asserint
345 943 544 1030 plurimaque
559 943 679 1028 proelia
695 943 834 1006 secunda
843 943 985 1026 fecerint,
1002 965 1126 1008 omnem

174 967 313 1092 &alliam
329 1027 595 1115 Germaniamque
641 1030 812 1107 suaserint,
836 1037 870 1092 ut
884 1029 952 1092 eius
969 1029 1126 1092 existima-

172 1115 291 1178 tionem
326 1114 571 1200 dignitatemque
601 1052 641 1176 ab
670 1114 804 1178 inimicis
832 1113 1010 1181 defendent.
1046 1109 1126 1179 0011ss

173 1198 310 1263 clamant
338 1198 470 1284 legionis
504 1207 575 1282 XIII,
611 1221 692 1286 quae
725 1199 843 1280 aderat,
880 1199 995 1263 milites
1033 1200 1127 1276 (hanc

173 1285 257 1348 enim
279 1286 367 1350 initio
393 1284 548 1348 tumultus
581 1293 783 1367 evocaveram
819 1283 961 1370 reliquae
987 1285 1126 1348 nondum

173 1371 415 1457 convenerant):
439 1391 508 1434 sese
535 1379 662 1454 paratos
692 1391 762 1434 esse
787 1371 985 1454 imperatoris
1004 1371 1052 1434 sui
1073 1373 1125 1433 tri·

125 1507 128 1526 ,
170 1453 390 1542 hunorumque
412 1455 514 1541 plebis
536 1457 665 1518 iniurias
677 1454 856 1518 defendere.

235 1541 265 1606 8.
289 1539 425 1626 Cognita
450 1540 582 1604 militum
610 1540 772 1606 voluntate
794 1540 972 1604 Ariminum
995 1562 1066 1604 eum
1088 1563 1127 1604 ea

170 1625 296 1711 legione
323 1627 532 1711 proficiscitur
559 1625 666 1710 ibique
695 1626 838 1690 tribunos
867 1624 979 1709 plebis,
1004 1627 1057 1710 qui
1086 1627 1126 1690 ad

171 1733 244 1774 eum
279 1712 499 1796 confugerant,
537 1713 700 1793 convenit3
741 1710 879 1796 reliquas
915 1709 1056 1795 legiones
1086 1733 1126 1774 ex

170 1793 311 1860 hibernis
340 1807 451 1861 evocat
484 1806 516 1862 et
547 1795 698 1882 subsequi
725 1797 823 1860 iubet.
856 1795 904 1860 Eo
935 1794 972 1858 L.
1007 1793 1126 1860 (laesor

171 1879 355 1945 adolescens
377 1883 473 1965 venit,
503 1883 591 1946 cuius
620 1890 711 1966 pater
733 1880 879 1946 Caesaris
902 1889 971 1944 erat
992 1880 1125 1966 legatus,

169 1964 202 2028 Is
225 1965 346 2052 reliquo
368 1989 513 2032 sermone
536 1967 687 2048 confecto,
710 1967 798 2030 cuius
813 1969 860 2030 rei
875 1977 1125 2058 commoneret,

170 2050 290 2117 habere
312 2073 346 2116 se
368 2075 388 2115 a
409 2052 559 2138 Pompeio
574 2052 615 2116 ad
638 2075 709 2116 eum
724 2053 841 2138 privati
863 2051 955 2116 officii
977 2051 1126 2116 mandata

171 2136 381 2202 demonstrat:
409 2137 502 2202 Velle
529 2138 715 2224 Pompeium
738 2160 773 2202 se
795 2137 926 2202 Caesari
947 2146 1124 2222 purgatum,

169 2243 281 2303 noea,
305 2245 386 2309 quae
412 2222 608 2308 reipublicae
638 2245 733 2287 causa
754 2223 863 2306 egerit,
887 2223 920 2286 in
942 2245 1031 2286 suam
1053 2245 1125 2288 con-

168 2307 332 2372 tumeliam
362 2317 475 2372 vertat.
516 2307 648 2393 Semper
677 2331 712 2372 se
740 2307 933 2392 reipublicae
962 2307 1127 2372 commoda

167 2393 301 2478 privatis
323 2393 608 2458 necessitudinibus
628 2392 778 2456 habuisse
800 2394 932 2477 potiora.
956 2392 1126 2458 Caesarem

169 2499 230 2562 quo
254 2501 293 2541 ue
316 2500 375 2563 pro
397 2501 454 2542 sua
482 2479 634 2564 dignitate
663 2478 779 2542 debere
802 2488 833 2542 et
854 2478 993 2542 studium
1013 2488 1045 2542 ot
1065 2481 1125 2544 ira·

168 2585 228 2626 cun
255 2565 261 2578 '
353 2586 443 2628 suam
483 2563 678 2649 reipublicae
715 2563 871 2627 dimittere
907 2586 1011 2649 neque
1039 2563 1125 2647 adeo

168 2650 307 2733 graviter
322 2649 417 2712 irasci
431 2649 574 2730 inimicis,
591 2656 634 2731 ut,
651 2671 746 2735 quum
757 2647 820 2712 illis
832 2671 947 2712 nocere
963 2671 997 2712 se
1009 2659 1124 2734 speret,

168 2733 362 2818 reipublicae
376 2744 498 2798 noceat
518 2734 626 2798 Pauca
641 2734 782 2800 eiusdem
805 2734 930 2819 generis
953 2733 1040 2800 addit
1054 2756 1125 2798 cum

168 2820 372 2883 excusatione
398 2819 531 2904 Pompei
563 2821 738 2883 coniuncta.
788 2819 908 2884 Eadem
936 2819 1003 2882 fere
1030 2827 1124 2904 atque

167 2903 287 2967 eisdem
318 2903 424 2967 verbis
457 2914 583 2988 praetor
619 2905 751 2970 Roscius
785 2906 850 2988 agit
882 2927 954 2968 cum
987 2904 1125 2968 Caesare

167 2987 290 3136 sibique
312 2989 497 3074 Pompeium
541 3011 803 3054 commemorasse
826 2990 1028 3054 demonstrat.

153 3119 157 3134 ,
253 3121 260 3136 .
285 3073 374 3154 Quae
402 3096 453 3138 res
478 3076 537 3138 etsi
565 3074 644 3138 nihil
666 3074 708 3139 ad
729 3073 880 3138 levandas
903 3075 1033 3138 iniurias
1054 3095 1124 3158 per·
1210 3068 1219 3082 '

166 3158 267 3222 tinere
294 3158 494 3240 videbantur,
527 3169 634 3226 tamen
666 3161 795 3225 idoneos
828 3168 939 3224 nactus
971 3159 1123 3240 homines,

167 3264 227 3327 per
248 3266 325 3330 quos
348 3267 394 3326 ea,
419 3267 499 3330 quae
521 3244 629 3327 vellet,
653 3246 693 3308 ad
716 3268 787 3309 eum
809 3245 1032 3330 perferrentur,
1037 3245 1126 3392 petit

167 3326 208 3391 ab
229 3338 371 3416 utroque,
403 3332 549 3415 quoniam
578 3330 708 3416 Pompei
737 3329 886 3394 mandata
912 3329 953 3393 ad
981 3351 1015 3392 se
1059 3337 1124 3391 ctu*

166 3411 270 3492 lerint,
293 3437 333 3479 ne
362 3423 535 3500 graventur
565 3437 622 3478 sua
649 3437 774 3501 quoque
804 3415 845 3479 ad
875 3437 947 3478 eum
968 3413 1125 3500 postulata
