2562 3970
178 163 241 236 XC
521 171 777 236 PRAEFATIO.

247 341 282 407 C.
315 341 354 406 19
385 352 531 427 corrupta
564 352 637 405 sunt
669 341 784 423 verba,
818 363 899 428 quae
927 365 967 406 ex
999 344 1136 412 Labieni

181 421 325 498 oratione
346 427 565 514 proferuntur:
595 439 706 492 turstani
734 449 802 492 sese
830 435 1044 494 multitudinem
1079 443 1134 495 ou'·

181 521 326 581 :ciliorum
349 520 538 578 aduersariis
559 519 871 592 subministraturum,
902 526 935 576 ut
955 523 1043 578 etiarn
1065 538 1134 580 cae·

182 607 281 668 dendo
306 605 335 662 in
359 607 428 679 ipsa
450 606 580 662 uictoria
603 603 761 677 defatiqati
782 606 976 662 vincerentur
1004 612 1093 678 atque
1114 623 1134 664 a

181 693 248 749 suis
270 697 499 764 superarentur,
524 691 636 764 quippe
657 690 677 760 †
701 691 754 762 qui
775 691 806 746 in
823 689 943 747 illorum
957 689 1018 748 sibi
1039 694 1133 762 coud-

182 778 274 846 deret,
293 777 441 850 primurn,
477 776 557 847 quod
585 774 727 832 audierat
754 775 867 832 lionae
894 775 1030 846 lcqioues
1057 775 1134 836 ueie-

180 876 277 919 ranas
299 861 461 918 dissentire
482 875 578 932 neque
600 861 631 916 in
654 860 792 932 Africam
811 861 884 918 uelle
907 862 1040 918 hansire
1062 877 1088 918 e.
1104 878 1134 934 q.

180 963 206 1004 s.
239 939 288 1002 Ita
309 939 347 1000 N.
371 938 477 1020 edidit,
501 939 677 1023 suspicatus
699 948 804 1002 tamen
828 927 955 1014 ilicium,
980 937 1032 1002 vel
1048 947 1135 1006 illsre

182 1023 268 1112 quod
290 1025 323 1087 in
345 1023 395 1086 his
417 1022 478 1087 iilis
503 1023 664 1086 codicibus
688 1032 803 1100 exstat,
827 1035 928 1088 ortum
941 1045 1011 1086 esse
1027 1047 1068 1088 ex
1083 1033 1134 1089 illu

180 1133 229 1191 re3
259 1109 366 1172 omitto
408 1131 484 1192 quas
520 1107 574 1171 alii
614 1109 749 1172 editores
777 1110 997 1194 proposuerint
1030 1112 1132 1176 conie-

180 1207 301 1276 cturas3
325 1194 470 1278 equidem
493 1193 675 1259 emendavi:
700 1203 811 1274 quippe
842 1203 895 1273 qui
921 1203 952 1257 in
976 1201 1047 1258 illa
1074 1219 1134 1260 nu-

179 1301 278 1344 more
299 1283 387 1359 [sibi]
414 1287 579 1355 confideret
601 1287 727 1354 prinum
751 1287 832 1358 quod
853 1292 918 1344 cett.
936 1317 970 1325 —-
992 1279 1135 1344 Turbata

180 1365 275 1430 etiam
299 1372 380 1444 sunt,
404 1386 485 1448 quae
508 1365 669 1448 excipiunt
690 1364 804 1428 verba:
828 1373 953 1441 deinde,
978 1372 1058 1443 quod
1079 1375 1134 1430 tri-

181 1459 270 1514 ennio
293 1457 324 1512 in
347 1456 456 1528 Africa
473 1471 547 1513 suas
563 1457 668 1514 milites
685 1457 900 1518 consuetudine
916 1459 1134 1530 retentostidc-

181 1543 224 1600 les
236 1541 298 1598 sibi
309 1542 366 1598 iarn
379 1542 535 1614 effecisset,
549 1543 679 1602 maxima
692 1553 786 1603 auten
802 1547 918 1603 auxilia
938 1545 1062 1603 haberet
1071 1545 1134 1602 Nu-

184 1627 334 1685 midarum
364 1629 493 1702 equitum
522 1632 653 1702 leuisque
685 1637 870 1706 arniutnrue,
901 1637 1063 1704 praeterea
1096 1629 1144 1688 ex?

180 1711 263 1785 fuqa
281 1712 465 1789 proelioque
487 1715 670 1790 Pompeiano
693 1713 874 1791 [Labienus]
898 1731 972 1788 quos
994 1731 1093 1772 secum
1115 1731 1135 1771 a

182 1798 356 1859 Brundisio
381 1807 645 1876 transportaverat
659 1803 773 1872 equites
791 1802 955 1859 Germanos
974 1801 1135 1872 Gallosque

180 1887 281 1958 ibique
305 1893 416 1961 postca
446 1903 485 1944 ex
517 1887 664 1960 tibridis,
696 1887 850 1944 libertinis,
873 1888 1031 1957 seruisque
1060 1900 1135 1943 con·

181 1973 361 2044 scripserat,
380 1977 557 2040 armaverat,
582 1973 637 2028 ati
654 1971 838 2044 frenatos
865 1973 1135 2035 caristituerat

181 2072 206 2114 e.
231 2073 259 2129 q.
282 2069 394 2126 s.,‘-
421 2050 501 2114 haec
527 2051 566 2113 N.
596 2051 715 2134 posuit,
746 2060 884 2114 attamen
912 2049 986 2112 libri
1019 2048 1133 2134 (Paris.

180 2156 244 2197 sec.
270 2133 359 2198 Leid.
382 2157 429 2220 pr.
453 2134 536 2200 Scal.
558 2135 651 2198 Vind.
681 2135 743 2222 pr.)
766 2145 811 2198 uti
829 2141 950 2215 frenato
974 2144 1005 2198 et
1027 2140 1132 2198 condi-

181 2226 299 2283 dicerut
326 2219 460 2303 habent3
490 2229 682 2306 quapropter
716 2222 812 2284 satius
845 2219 942 2308 habui
977 2219 1133 2282 scribere:

181 2311 281 2383 ibique
299 2320 408 2386 postea
431 2329 469 2370 ex
491 2313 622 2370 hibridis
637 2313 784 2370 libertinis
810 2313 966 2383 servisque
993 2313 1133 2367 conscri-

176 2403 298 2472 pserat,
324 2405 510 2466 armaverat,
535 2399 601 2468 qui
628 2398 686 2453 uti
715 2399 875 2470 frenato
908 2396 1134 2454 condidice·

180 2489 279 2540 rant.
322 2474 470 2561 Suspicor
498 2475 664 2538 relativum
693 2485 746 2554 qai
773 2475 943 2556 excidisse,
974 2497 1069 2560 quum
1091 2483 1137 2538 uti

182 2561 359 2624 coniunctio
390 2584 459 2624 esse
492 2561 661 2624 videretur.
699 2598 739 2608 —
772 2560 867 2646 Apud
905 2559 1134 2645 Nipperdeium

182 2643 296 2709 deinde
319 2645 398 2709 haec
421 2655 608 2730 sequuntur:
630 2658 790 2724 praeterea
812 2655 900 2723 reqia
930 2653 1048 2708 auxilia
1074 2652 1134 2708 ele-

177 2738 304 2817 phantis
328 2737 412 2794 CXX
435 2739 642 2809 equitatusque
664 2739 898 2796 dinumerabilia
929 2730 1017 2793 Libri
1032 2729 1133 2793 Paris.

182 2838 245 2880 sec.
275 2816 369 2880 Vind.
399 2838 446 2900 pr.
478 2822 658 2896 elephantis,
682 2815 769 2881 Leid.
794 2839 842 2900 pr.
865 2823 1023 2896 elephanti,
1048 2813 1133 2878 Scal.

182 2908 357 2981 elephantos
378 2900 512 2982 habent3
534 2900 630 2984 vulgo
647 2909 817 2980 elephantes·
833 2902 944 2966 editur.
977 2900 1020 2962 As
1036 2921 1134 2985 quum

180 2987 282 3050 forma
304 2993 426 3064 elephas
447 3009 510 3049 non
540 2987 601 3048 nisi
627 2988 660 3049 in
686 2988 877 3050 nominativo
908 3008 982 3048 casu
1009 2985 1134 3048 numeri

181 3070 351 3156 singularis
374 3072 407 3134 in
429 3093 488 3134 usu
512 3071 560 3149 sit,
585 3073 612 3134 si
634 3074 844 3135 accusativum
869 3093 1017 3156 graecum
1040 3091 1133 3133 exce-

179 3159 265 3240 peris
287 3159 321 3220 in
343 3159 435 3220 unico
457 3155 511 3218 ilio
533 3156 687 3220 Martialis
716 3157 785 3222 loco
815 3157 854 3220 de
882 3168 976 3240 spect.
1003 3155 1059 3236 19,
1093 3155 1132 3217 4:

181 3247 258 3306 Bam
277 3248 399 3322 facilen
422 3249 488 3306 tolli
509 3250 555 3304 sic
578 3250 735 3323 elephanta
755 3255 852 3323 putat,
874 3263 987 3304 vercor
1008 3250 1044 3304 ut
1064 3239 1134 3304 iure

182 3333 350 3405 elephantis
372 3349 428 3410 pro
450 3328 633 3390 accusativo
656 3325 786 3411 pluralis
809 3328 933 3389 numeri
954 3324 1073 3390 habere
1095 3325 1134 3388 ii·
1175 3335 1179 3344 '

182 3419 261 3472 ceat.
297 3411 525 3484 (Noniiuativus
542 3419 684 3492 elephans
706 3421 755 3476 ter
778 3412 894 3496 legitur
916 3412 998 3474 infra
1023 3433 1049 3474 c.
1073 3410 1134 3490 843
