2562 3966
389 241 524 306 COMM.
547 242 577 305 V
600 240 694 306 OAP.
717 242 854 306 ets-ca
1042 243 1101 308 113

135 412 281 478 hostibus
310 413 428 477 veniat.
485 412 616 485 Interim
647 413 897 498 speculatoribus
926 415 960 478 in
991 436 1102 480 omnes

134 509 241 584 partes
265 498 402 561 dimissis
426 498 587 582 explorat,
617 521 678 584 quo
713 498 966 563 commodissime
988 501 1102 566 itinere

134 583 252 646 vallem
274 586 409 647 transire
430 585 539 669 possit.
1054 646 1057 661 ,

200 670 252 732 50.
274 669 324 733 Eo
347 669 398 732 die
412 669 552 754 parvulis
569 671 768 755 equestribus
784 670 912 757 proeliis
929 672 970 736 ad
985 693 1101 757 aquam

135 757 226 818 factis
249 757 375 840 utrique
406 777 477 818 sese
505 776 561 819 suo
591 755 662 821 loco
693 759 871 821 continent:
896 755 991 838 Galli,
1015 757 1101 842 quod

136 839 307 925 ampliores
331 841 447 925 copias,
471 862 552 925 quae
572 841 714 906 nondum
740 851 964 923 convenerant,
989 865 1100 927 exspe-

137 925 282 1004 ctabant3
314 924 443 1008 Caesar,
474 926 501 988 si
522 925 603 990 fo1te
625 928 745 991 timoris
769 928 967 991 simulatione
993 927 1101 992 hostes

135 1013 170 1075 in
193 1033 284 1074 suum
306 1010 410 1076 locum
440 1011 555 1074 elicere
585 1023 702 1097 posset,
733 1021 768 1076 ut
797 1015 876 1076 citra
902 1012 1019 1076 vallem
1041 1035 1100 1098 pro

137 1098 248 1160 castris
271 1096 390 1180 proelio
413 1096 628 1178 contenderet,
652 1100 679 1161 si
701 1098 734 1161 id
757 1097 882 1162 efficere
903 1120 967 1163 non
981 1107 1099 1185 posset,

136 1192 172 1246 ut
193 1181 364 1267 exploratis
391 1181 557 1247 itineribus
580 1185 702 1247 minore
725 1205 797 1247 cum
818 1182 960 1268 periculo
981 1183 1100 1248 vallem

135 1269 302 1352 rivumque
331 1269 490 1330 transiret.
540 1267 646 1331 Prima
677 1268 748 1332 luce
775 1268 913 1332 hostium
942 1272 1100 1354 equitatus

137 1353 179 1416 ad
201 1361 304 1415 castra
326 1352 449 1416 accedit
463 1353 684 1439 proeliumque
707 1377 779 1417 cum
801 1355 918 1418 nostris
941 1354 1100 1440 equitibus

138 1439 312 1502 committit.
358 1436 477 1502 Caesar
499 1438 642 1502 consulto
666 1441 788 1524 equites
812 1439 926 1503 cedere
947 1462 1044 1525 seque
1066 1441 1100 1504 in

138 1533 242 1588 castra
269 1525 412 1608 recipere
442 1523 544 1603 iubet3
575 1524 669 1587 simul
704 1547 745 1590 ex
780 1524 926 1588 omnibus
955 1524 1100 1610 partibus

136 1619 241 1674 castra
263 1608 372 1674 altiore
400 1608 485 1672 vallo
512 1611 629 1672 muniri
655 1619 827 1695 portasque
855 1609 976 1675 obstrui
1005 1618 1100 1695 atque

135 1697 169 1758 in
190 1695 240 1757 his
263 1693 519 1758 administrandis
534 1695 630 1758 rebus
653 1717 748 1780 quam
763 1697 901 1758 maxime
916 1697 1100 1760 concursari

137 1790 168 1844 et
190 1803 262 1844 curn
284 1779 483 1844 simulatione
506 1781 558 1864 agi
579 1781 700 1844 timoris
723 1779 819 1844 iubet.

200 1866 252 1930 51,
284 1863 407 1944 Quibus
431 1864 577 1929 omnibus
600 1866 696 1928 rebus
718 1865 827 1931 hostes
850 1866 976 1929 invitati
991 1866 1098 1950 copias

136 1951 306 2016 traducunt
327 1952 491 2037 aciemque
513 1951 622 2037 iniquo
645 1950 714 2016 loco
742 1953 951 2032 constituunt,
982 1952 1099 2016 nostris

135 2059 214 2102 vero
237 2038 332 2101 etiam
358 2036 397 2100 de
430 2035 514 2099 vallo
542 2035 686 2100 deductis
715 2039 845 2122 propius
879 2036 1034 2100 accedunt
1068 2045 1099 2100 et

135 2122 201 2188 tela
222 2124 306 2186 intra
319 2123 526 2185 munitionem
542 2143 583 2185 ex
605 2122 751 2186 omnibus
765 2122 908 2207 partibus
927 2123 1099 2186 coniiciunt

134 2208 407 2295 praeconibusque
430 2207 655 2270 circummissis
678 2209 876 2292 pronuntiari
897 2207 1016 2289 iubent,
1041 2230 1098 2272 seu

137 2297 207 2380 quis
233 2292 344 2358 Gallus
368 2315 425 2356 seu
446 2292 607 2356 Romanus
629 2291 708 2358 velit
736 2302 809 2356 ante
838 2292 949 2357 horam
970 2295 1098 2357 tertiam

136 2379 177 2442 ad
201 2401 235 2442 se
257 2381 401 2458 transire,
425 2380 494 2441 sine
515 2377 658 2463 periculo
681 2378 794 2460 licere;
825 2388 897 2463 post
918 2379 952 2442 id
973 2389 1097 2463 tempus

135 2486 201 2528 non
221 2465 289 2528 fore
309 2463 514 2549 potestatem:
549 2485 586 2527 ac
609 2465 655 2526 sic
677 2474 802 2528 nostros
831 2473 1098 2548 contempserunt,

136 2561 172 2614 ut
199 2550 367 2615 obstructis
400 2552 434 2613 in
464 2551 604 2634 speciem
633 2551 730 2634 portis
765 2549 898 2634 singulis
933 2548 1098 2613 ordinibus

137 2637 302 2721 cespitum,
347 2635 411 2698 uod
434 2657 472 2699 ea
493 2657 557 2699 non
578 2656 674 2719 posse
692 2635 924 2720 introrumpere
945 2634 1098 2698 videban-

135 2730 198 2803 tur,
222 2721 277 2785 alii
297 2659 417 2785 stilum
438 2742 535 2784 manu
558 2720 712 2797 scindere,
737 2719 789 2783 alii
812 2719 913 2783 fossas
937 2719 1098 2805 complere

135 2808 322 2892 inciperent.
366 2806 448 2869 Tum
478 2804 598 2869 Caesar
625 2805 771 2869 omnibus
803 2808 903 2890 portis
933 2807 1098 2890 eruptione

134 2893 222 2957 facta
243 2893 447 2977 equitatuque
477 2893 591 2956 emisso
619 2891 766 2955 celeriter
795 2891 902 2955 hostes
930 2891 964 2953 in
992 2889 1099 2974 fugam

136 2979 209 3060 dat,
233 2979 278 3040 sic
299 2979 346 3040 uti
369 2977 496 3041 omnino
517 2977 681 3061 pugnandi
704 2998 801 3040 causa
815 2978 977 3040 resisteret
994 2997 1098 3057 nemo,

135 3084 351 3149 magnumque
384 3085 427 3126 ex
456 3063 501 3125 eis
527 3083 695 3126 numerum
724 3062 839 3132 occidit
866 3071 961 3147 atque
989 3082 1099 3125 omues

137 3150 233 3214 armis
257 3150 352 3212 exuit.

202 3235 253 3297 52.
276 3234 418 3318 Longius
463 3233 591 3318 rosequi
613 3233 749 3313 veritus,
781 3232 865 3318 quod
888 3231 987 3295 silvae
1008 3229 1099 3315 palu·

137 3320 258 3406 desque
280 3257 519 3385 intercedebant
533 3341 637 3404 neque
653 3320 748 3382 etiam
763 3316 896 3402 parvulo
912 3315 1099 3381 detrimento

136 3404 264 3468 illorum
286 3405 390 3469 locum
412 3404 549 3491 relinqui
570 3402 714 3485 videbat,
743 3401 889 3466 omnibus
919 3403 984 3466 suis
1013 3404 1098 3466 inco·

138 3487 278 3556 lumibus
302 3491 400 3576 copiis
431 3490 543 3554 eodem
572 3489 624 3553 die
651 3487 693 3552 ad
723 3487 910 3634 Ciceronepp
943 3489 1096 3572 pervenit

188 3593 266 3632 Caesar
401 3591 403 3600 '
