2538 3978
215 177 276 242 166
471 179 602 244 BELLI
622 177 923 244 ALEXANDRINI
1232 7 1241 326 Ι

213 350 284 435 ipse
305 372 423 436 paucas
445 361 593 437 inportu
622 373 722 416 naves
750 350 863 435 longas
892 349 1032 432 haberet,
1056 350 1191 415 litteras

213 435 247 498 in
268 434 423 500 Achaiam
452 436 493 500 ad
520 435 559 515 Q.
591 435 746 502 Calenum
773 439 868 518 misit,
890 437 936 499 uti
959 435 1019 499 sibi
1043 434 1191 499 classem

216 520 364 587 mitteret.
388 521 482 601 Quod
504 543 601 608 quum
622 522 744 586 tardius
759 520 860 602 fieret,
884 543 979 608 quam
1001 521 1190 608 periculum

215 615 396 672 nostrorum
423 606 597 692 flagitabat,
621 609 676 694 qui
700 607 855 670 sustinere
883 607 1034 691 impetum
1065 606 1190 670 Octavi

215 702 281 756 noir
313 702 469 777 poterant,
502 692 638 756 navibus
672 693 830 773 actuariis,
863 713 996 779 quarum
1028 713 1190 755 numerus

217 785 286 840 erat
308 778 384 840 satis
406 799 540 862 magnus
563 777 780 864 magnitudine
803 799 992 864 quamquam
1014 799 1082 840 non
1106 779 1189 840 satis

214 862 299 925 iusta
320 864 361 926 ad
382 861 610 947 proeliandum,
633 873 737 928 rostra
758 863 916 948 imposuit.
939 862 998 925 His
1021 861 1188 925 adiunctis

215 946 351 1010 navibus
372 946 475 1033 longis
498 957 529 1013 et
549 969 683 1012 numero
706 947 816 1011 classis
839 957 931 1012 aucto
953 945 1106 1010 militibus
1131 971 1188 1012 ve·

214 1033 333 1096 teranis
361 1033 526 1118 impositis,
576 1055 686 1098 uorum
717 1053 865 1117 magm
887 1034 1010 1119 copiam
1037 1031 1189 1096 habebat

168 1193 176 1198 ¹
215 1139 257 1182 ex
279 1117 425 1182 omnibus
448 1057 635 1204 legionibus,
659 1120 714 1205 qui
731 1139 863 1183 numero
886 1139 1054 1203 aegrorum
1076 1117 1188 1183 relicti

216 1212 307 1268 erant
329 1202 499 1284 Brundisii,
522 1226 620 1290 quum
649 1205 806 1269 exercitus
828 1205 862 1267 in
885 1202 1054 1268 Graeciam
1076 1214 1185 1267 trans·
1240 1249 1241 1268 t

215 1298 404 1374 portaretur,
418 1289 578 1374 profectus
594 1298 643 1352 est
664 1291 698 1352 in
718 1288 896 1375 Illyricum,
912 1290 1086 1352 maritimas
1102 1311 1185 1353 non·
1240 1289 1241 1302 ¹

209 1374 328 1450 ,nullas
345 1374 499 1456 civitates,
523 1397 606 1460 quae
635 1374 817 1438 deiecerant
839 1374 1037 1459 Octavioque
1059 1396 1095 1436 se
1117 1386 1185 1438 tra-
1240 1381 1241 1394 ¹

217 1459 373 1538 diderant,
402 1463 518 1544 partim
546 1460 729 1545 recipiebat,
762 1462 876 1545 partim
908 1469 1112 1523 remanentes
1149 1463 1184 1525 in

217 1566 273 1610 suo
296 1543 427 1608 consilio
449 1545 750 1630 praetervehebatur
769 1567 829 1609 neo
852 1545 912 1610 sibi
933 1545 1028 1608 ullius
1050 1547 1098 1610 rei
1113 1567 1183 1612 mo·

215 1652 284 1694 ram
305 1631 589 1716 necessitatemque
603 1631 797 1717 iniungebat,
815 1633 890 1716 quin
905 1653 1000 1716 quam
1015 1629 1185 1695 celerrime

214 1723 325 1801 posset
347 1716 451 1800 ipsum
473 1715 643 1780 Octavium
669 1725 921 1802 persequeretur.
967 1716 1061 1779 Hunc
1083 1738 1186 1802 oppu-

216 1811 368 1886 gnantem
382 1800 579 1886 Epidaurum
599 1811 684 1865 terra
698 1805 779 1865 mari
802 1824 852 1883 ue,
874 1801 929 1865 ubi
949 1811 1092 1866 nostrum
1115 1813 1185 1866 erat

216 1887 418 1974 praesidium,
448 1886 587 1950 adventu
610 1909 667 1950 suo
695 1826 860 1974 discedere
882 1887 921 1951 ab
944 1889 1184 1974 oppugnatione
1240 1911 1241 1914 ¹

219 1974 322 2057 coegit
342 1972 599 2058 praesidiumque
621 1983 762 2036 nostrum
784 1974 913 2058 recepit.

282 2059 334 2121 45.
359 2056 521 2140 Octavius,
546 2079 642 2143 quum
669 2058 831 2122 Vatinium
852 2057 987 2121 classem
1010 2080 1127 2144 magna
1142 2080 1185 2122 ex

217 2153 307 2229 parte
334 2141 510 2207 confectam
543 2165 583 2206 ex
621 2143 778 2207 naviculis
808 2145 956 2206 actuariis
983 2142 1102 2208 habere
1131 2166 1185 2209 co·

218 2237 357 2312 gnosset,
381 2227 516 2292 confisus
539 2250 598 2294 sua
619 2227 722 2292 classe
737 2228 875 2292 substitit
891 2229 932 2292 ad
946 2228 1082 2292 insulam
1098 2229 1183 2293 Tau·
1239 2245 1240 2280 l

217 2311 334 2393 ridem3
358 2335 421 2398 qua
442 2316 572 2399 regione
583 2313 727 2377 Vatinius
739 2315 909 2400 insequens
922 2314 1102 2399 navigabat,
1116 2337 1183 2379 non

218 2419 280 2482 quo
314 2398 483 2463 Octavium
515 2399 560 2462 ibi
589 2400 743 2463 restitisse
772 2401 877 2481 sciret,
912 2398 969 2463 sod
1002 2399 1087 2484 quod
1108 2421 1183 2463 oum

217 2481 342 2566 longius
354 2505 554 2570 progressum
569 2485 696 2569 insequi
711 2484 905 2548 decreverat.
929 2483 1035 2562 Quum
1050 2487 1182 2570 propius

217 2565 388 2632 Tauridem
411 2571 597 2632 accessisset
619 2569 764 2633 distentis
787 2571 851 2632 suis
874 2568 1017 2651 navibus,
1042 2571 1127 2655 quod
1150 2581 1182 2634 et

217 2659 389 2737 tempestas
420 2664 489 2716 erat
517 2653 698 2718 turbulenta
731 2666 762 2718 et
789 2654 876 2718 nulla
904 2656 1042 2740 suspicio
1070 2655 1179 2737 hostia,

216 2748 349 2822 repente
371 2738 538 2802 adversam
560 2739 601 2803 ad
623 2762 658 2802 se
679 2741 860 2804 venientem
886 2761 1001 2803 navem
1023 2742 1181 2804 antemnis

217 2823 260 2886 ad
281 2824 419 2888 medium
441 2823 558 2887 malum
588 2825 733 2889 demissis
760 2827 948 2888 instructam
969 2835 1180 2910 propugnato-

216 2907 305 2974 ribus
342 2908 573 2974 animadvertit.
609 2909 702 2989 Quod
735 2910 790 2974 ubi
827 2911 1002 2995 conspexit,
1036 2911 1181 2974 celeriter

217 2992 290 3058 vela
319 2993 452 3057 subduci
479 2995 601 3058 demitti
622 3018 662 3060 ue
692 3005 856 3059 antemnas
884 2995 973 3060 iubet
1001 3003 1032 3058 et
1063 2995 1180 3060 milites

218 3080 335 3142 armari
366 3090 397 3142 et
418 3079 537 3143 vexillo
568 3019 702 3161 sublato,
733 3103 795 3167 quo
823 3079 985 3166 pugnandi
1015 3079 1112 3144 dabat
1140 3083 1181 3145 si-

217 3185 326 3248 gnum,
357 3185 439 3249 quac
467 3167 589 3248 primae
621 3188 722 3229 naves
744 3165 1019 3252 subsequebantur
1039 3165 1125 3230 idem
1146 3176 1181 3232 ut

216 3249 365 3329 facerent,
395 3248 602 3332 significabat.
630 3249 791 3314 Parabant
812 3272 847 3314 sc
869 3250 1029 3314 Vatiniani
1050 3261 1180 3336 repente

217 3335 374 3417 oppressi3
396 3336 501 3418 parati
523 3335 673 3419 deinceps
702 3335 870 3398 Octaviani
893 3357 934 3398 ex
955 3345 1049 3420 portu
1070 3358 1180 3418 procc-
