2534 3970
195 217 237 285 58
449 220 511 286 DE
531 221 674 288 BELLO
698 219 887 288 GALLIOO

194 390 312 474 tinent,
333 392 500 478 providere
521 395 702 476 instituunt,
729 392 790 458 hoc
811 393 931 456 maiore
953 411 1026 476 spe,
1059 389 1143 477 quod

194 475 327 540 multum
347 487 460 542 natura
480 478 543 542 loci
564 478 773 544 confidebant.
816 477 981 541 Pedestria
1001 497 1074 540 esse
1094 476 1142 540 iti·

193 581 273 625 nera
287 565 414 644 concisa
428 565 602 646 secmariis,
625 565 861 649 navigationem
875 561 1057 648 impeditam
1071 583 1141 646 pro·

193 653 264 732 pter
299 647 496 712 inscientiam
530 649 671 714 locorum
709 647 961 735 paucitatemque
1019 656 1142 710 ortuum

194 730 351 815 sciebant,
384 755 487 819 neque
508 744 633 800 nostros
655 737 813 799 exercitus
838 741 968 820 propter
1076 733 1142 796 enti

193 814 332 902 inopiam
361 817 476 882 diutius
499 819 583 905 apud
609 843 644 885 se
665 820 782 884 morari
809 840 902 905 posse
924 816 1140 882 confidebant:

194 921 233 964 ac
253 903 325 966 iam'
338 912 372 965 ut
387 906 492 968 omnia
506 914 615 970 contra
629 907 809 992 opinionem
824 903 1013 984 acciderent,
1035 911 1142 966 tamen

194 1007 228 1049 se
250 986 420 1073 plurimum
441 990 576 1054 navibus
598 1013 708 1076 posse,
738 989 897 1053 Romanos
918 1008 1022 1074 neque
1043 985 1141 1050 ullam

192 1069 373 1136 famutatem
404 1072 523 1140 habere
554 1079 683 1140 navium
713 1095 817 1161 neque
850 1094 960 1138 eorum
990 1071 1141 1152 locorum,

192 1153 248 1219 ubi
269 1155 388 1222 bellum
409 1162 528 1244 gesturi
551 1169 664 1244 essent,
686 1159 779 1242 vada,
802 1169 920 1246 portus,
945 1155 1065 1222 insulas
1085 1178 1141 1221 no-

191 1239 293 1326 visse3
315 1265 353 1307 ac
374 1243 467 1330 longe
490 1245 584 1309 aliam
606 1267 675 1311 esse
689 1245 924 1330 navigationem
945 1244 979 1306 in
993 1240 1141 1306 concluso

191 1329 274 1390 mari
295 1336 387 1414 atque
409 1332 443 1394 in
463 1332 641 1395 vastissimo
670 1341 764 1416 atque
781 1328 988 1416 apertissimo
1011 1325 1142 1392 Oceano

191 1413 433 1560 ἔξιτερίοἰοὴαηῑ.
478 1415 539 1479 His
567 1417 653 1481 initis
683 1414 822 1481 consiliis
852 1413 966 1500 oppida
986 1413 1141 1492 muniunt,

242 1507 347 1562 menta
368 1521 410 1563 ex
490 1501 515 1564 's
543 1503 577 1565 in
599 1501 714 1588 oppida
740 1509 937 1585 comportant
979 1517 1080 1561 naves
1106 1497 1140 1560 in

191 1580 366 1665 Venetiam,
388 1583 444 1649 ubi
486 1607 629 1650 cesarem
650 1588 788 1673 primum
810 1607 881 1650 esse
894 1547 1016 1648 bellum
1036 1589 1141 1666 gestu·
1186 1631 1189 1636 .

191 1688 263 1730 rum
285 1668 455 1753 constabat,
479 1693 573 1757 quam
588 1672 744 1821 plurimas
764 1680 906 1819 possunt,
929 1691 966 1733 co
1032 1677 1054 1730 t.
1083 1663 1140 1730 So·

192 1752 257 1816 cios
279 1753 340 1817 sibi
354 1755 396 1819 ad
409 1756 444 1818 id
457 1755 576 1820 bellum
620 1760 742 1839 sismos,
793 1756 934 1837 exovios,
988 1761 1138 1833 amnetes,

190 1835 1140 1926 Ambiliatos,Morinos,Diablintres,Menapiosadsciscunt3

190 1923 310 1989 auxilia
332 1925 559 2010 ex'Britannia,
583 1950 664 2014 quae
679 1937 788 1993 contra
809 1948 862 1991 eas
877 1927 1022 2012 regiones
1036 1923 1141 2007 posita

190 2017 254 2090 est,
276 2019 448 2074 arcessunt

255 2094 305 2158 10.
326 2094 429 2159 Erant
456 2097 515 2162 hae
542 2097 741 2162 difficultates
773 2095 849 2162 belli
877 2092 1026 2182 gerendi,
1080 2113 1139 2154 uas

190 2197 227 2240 su
247 2201 287 2242 ra
308 2181 509 2265 ostendimus,
533 2182 589 2247 sed
610 2183 708 2248 multa
731 2181 902 2247 Caesarem
922 2189 1029 2244 tamen
1104 2176 1139 2240 id

188 2199 308 2328 bellurn
330 2267 518 2332 incitabant:
547 2269 680 2334 iniuriae
701 2277 893 2332 retentorum
915 2266 1056 2351 equitum
1075 2262 1135 2326 Ro·

189 2370 369 2433 manorum,
399 2352 530 2419 rebellio
558 2354 642 2418 facta
670 2362 742 2439 post
770 2352 981 2431 deditionem,
1004 2347 1137 2412 defectio

189 2432 270 2498 datis
300 2435 476 2520 obsidibus,
505 2449 552 2504 tot
573 2441 735 2504 civitatum
757 2438 944 2518 coniuratio,
971 2433 1136 2534 imprimis,

188 2540 229 2582 ne
251 2519 311 2584 hac
361 2531 428 2588 arte
455 2523 601 2608 neglecta
628 2523 770 2609 reliquae
796 2523 941 2586 nationes
970 2519 1032 2586 aibr
1051 2517 1138 2582 idem

188 2602 286 2670 licere
308 2544 542 2674 arbitrarentur.
570 2608 681 2696 Itaque
703 2631 800 2695 quum
813 2605 922 2670 intelle
945 2614 1013 2669 eret
1027 2624 1138 2668 omnes

188 2689 256 2755 fere
279 2689 388 2757 Gallos
409 2696 500 2760 novis
522 2692 617 2759 rebus
640 2693 767 2758 studere
797 2702 828 2756 et
858 2690 899 2756 ad
923 2627 1051 2754 bellum
1071 2709 1137 2752 mo·

187 2773 295 2841 bilitcr
316 2777 522 2866 celeriterque
545 2781 692 2862 excitari,
726 2799 835 2843 omnes
858 2786 964 2840 autem
992 2769 1136 2839 homines

187 2871 300 2926 natura
331 2862 469 2929 libertati
504 2865 630 2929 studere
670 2874 702 2929 et
730 2862 942 2928 conditionem
978 2860 1136 2924 servitutis

188 2947 302 3031 odisse,
324 2951 509 3037 priusquam
530 2948 639 3035 plures
661 2950 804 3013 civitates
819 2947 1044 3033 conspirarent,
1066 2965 1136 3029 par·

176 3033 327 3114 ,tiendum
364 3034 424 3098 sibi
472 3055 510 3100 ao
544 3033 638 3098 latius
675 3031 926 3098 distribuendum
961 3031 1136 3095 exercitum
1252 3085 1253 3092 ,

186 3127 315 3268 putllll
324 3203 434 3290 Itaque
457 3205 563 3269 Titum
592 3203 770 3267 Labienum
796 3203 936 3287 legatum
962 3204 996 3266 in
1017 3201 1135 3266 Treve-

185 3311 264 3390 ros,
279 3291 491 3437 quilproximi
513 3290 635 3355 flumini
656 3289 766 3354 Rheno
789 3299 877 3413 sunt,
901 3309 974 3352 cum
995 3310 1012 3351 e
1035 3289 1136 3353 uitatu

185 3383 288 3437 mrttrt.
365 3397 417 3438 uic
447 3375 596 3456 mandat,
633 3374 750 3438 Remos
782 3373 986 3460 reliquosque
1048 3372 1136 3457 elgae

185 3456 279 3524 adeat
312 3469 407 3543 atque
436 3462 470 3524 in
492 3461 594 3525 officio
617 3461 776 3525 contineat
798 3457 1135 3546 Germanosque,=qui
1250 3449 1251 3473 ¹
