2562 3966
194 205 254 270 110
446 204 508 268 Du
529 203 674 272 BELLO
697 203 888 271 GALLIOO

191 376 284 438 stium
309 375 539 442 confertissima
561 385 609 440 est
636 377 706 440 visa
733 377 832 440 irrum
856 381 887 440 ‘t.
930 377 979 442 Ne
1000 375 1146 442 Vorenus

191 460 318 546 quidem
340 471 406 524 tum
428 483 499 526 sese
520 461 605 526 vallo
627 462 773 541 continet,
797 483 831 524 se
876 462 1014 536 omnium
1029 463 1147 526 veritus

191 546 456 610 existimationem
479 545 689 632 subsequitur.
739 545 893 610 Mediocri
915 548 1015 633 spatio
1038 546 1146 612 relicto

190 629 281 694 Pulio
302 632 401 716 pilum
422 633 456 696 in
477 632 583 696 hostes
605 632 744 696 immittit
772 640 865 718 atque
886 655 982 696 unum
1006 655 1047 696 ex
1069 631 1145 696 mul·

191 715 323 780 titudine
344 718 733 800 procurrentcmtraiicit3
763 739 826 801 quo
847 739 997 802 percusso
1021 727 1052 780 et
1073 740 1145 782 exa-

190 801 309 866 nimato
330 801 415 865 hunc
444 804 539 866 scutis
568 813 746 888 protegunt,
773 803 807 865 in
834 799 957 866 hostem
985 801 1051 866 tela
1079 804 1145 866 uni-

190 887 275 950 versi
297 888 467 952 conjiciunt
495 910 598 974 neque
626 887 701 950 dant
729 887 931 973 regrediendi
957 886 1145 952 facultatem.

190 970 400 1056 Transfigitur
435 981 557 1036 scutum
591 973 717 1036 Pulioni
745 982 777 1035 et
802 983 948 1038 verutum
976 975 1010 1036 in
1041 972 1146 1037 balteo

190 1054 345 1140 defigitur.
399 1057 524 1121 Avertit
559 1057 610 1122 hio
642 1079 734 1122 casus
767 1059 917 1142 vaginam
945 1069 976 1122 et
995 1057 1147 1142 gladium

190 1140 324 1206 educere
347 1143 473 1206 conanti
503 1143 647 1208 dextram
680 1152 820 1208 moratur
848 1166 986 1225 manum,
1015 1143 1146 1228 impedi·
1202 1193 1204 1198 .

189 1235 255 1290 tum
277 1249 317 1289 ue
351 1226 461 1292 hostes
498 1229 739 1293 circumsistunt.
798 1229 961 1293 Succurrit
1001 1229 1146 1292 inimicus

182 1310 236 1378 ..itti
257 1251 404 1376 boronus
426 1322 458 1378 et
479 1312 635 1378 laboranti
658 1312 813 1378 subvenit.
850 1313 902 1376 Ad
917 1314 1001 1377 hunc
1016 1335 1050 1376 se
1073 1335 1145 1376 con-

188 1395 292 1460 festim
322 1421 341 1461 a
368 1397 500 1463 Pullone
528 1401 629 1463 omnis
658 1397 823 1463 multitudo
854 1399 1028 1462 convertit:
1057 1397 1147 1462 illum

188 1490 299 1547 veruto
322 1483 514 1548 arbitrantur
536 1487 684 1548 occisum.
734 1482 849 1548 Gladio
876 1485 1049 1548 comminus
1079 1505 1146 1546 rem

188 1569 270 1651 gerit
291 1568 437 1634 Vorenus
459 1579 553 1655 atque
575 1592 637 1634 uno
667 1569 831 1634 interfecto
853 1567 992 1655 reliquos
1014 1567 1145 1654 paulum

188 1652 350 1800 propellit3
374 1677 470 1740 quum
492 1655 636 1740 cupidius
648 1655 752 1736 instat,
775 1653 926 1720 inlocum
943 1654 1081 1718 deiectus
1097 1655 1143 1717 in·

179 1739 334 1802 eriorem
371 1740 516 1804 concidit.
571 1740 657 1804 Huic
687 1763 796 1803 rursus
837 1740 1050 1805 circumuento
1086 1740 1147 1803 sert

188 1823 363 1892 subsidium
383 1824 484 1906 Pulio‚
508 1834 602 1912 atque
625 1824 718 1890 ambo
741 1823 912 1890 incolumes
932 1825 1145 1911 compluribus

188 1907 359 1974 interiectis
382 1932 504 1974 summa
525 1933 596 1974 cum
626 1910 720 1974 laude
749 1933 819 1974 sese
845 1911 929 1976 intra
957 1913 1146 1984 munitiones

188 1995 351 2079 recipiunt.
401 1995 455 2060 Sic
481 1996 605 2061 fortuna
632 1997 666 2059 in
689 1998 887 2061 contentione
917 2006 949 2060 et
976 1997 1145 2061 certamine

187 2087 353 2165 utrumque
373 2083 533 2162 uersauit,
562 2091 596 2145 ut
625 2081 705 2146 alter
734 2081 826 2146 alteri
852 2083 997 2146 inimicus
1026 2080 1144 2146 auxilio

187 2163 344 2252 salutique
374 2176 472 2249 esset,
502 2189 604 2252 neque
634 2166 801 2230 diiudicari
829 2178 955 2253 posset,
983 2176 1052 2232 uter
1080 2169 1142 2230 utri

186 2251 301 2316 virtute
322 2252 544 2316 anteferendus
566 2252 737 2318 videretur.
1135 2287 1139 2294 ·

249 2333 301 2400 45.
326 2335 452 2415 Quanto
482 2339 605 2404 eratin
632 2337 700 2402 dies
727 2341 854 2422 gravior
882 2347 976 2424 atque
1003 2337 1144 2422 asperior

187 2423 387 2506 oppugnatio,
418 2433 450 2487 et
475 2425 612 2487 maxime
640 2423 725 2509 quod
753 2446 869 2508 magna
896 2432 986 2508 parte
1009 2422 1144 2486 militum

187 2505 329 2571 confecta
361 2507 545 2572 vulneribus
572 2531 624 2572 res
654 2509 695 2572 ad
723 2510 912 2594 paucitatem
942 2507 1144 2572 defensorum

209 2601 396 2675 ervenerat,
431 2602 518 2658 tanto
552 2594 727 2660 crebriores
762 2593 885 2660 litterae
910 2596 1074 2679 nuntiique
1102 2593 1144 2657 ad

187 2613 356 2741 gaesarem
384 2679 603 2762 mittebantur3
634 2701 766 2765 quorum
793 2701 867 2764 pars
891 2678 1141 2764 deprehensam

187 2770 357 2846 conspectu
378 2773 555 2832 nostrorum
571 2763 705 2830 militum
719 2786 791 2828 cum
806 2765 946 2828 cruciatu
960 2764 1142 2829 necabatur.

185 2845 264 2910 Erat
283 2869 366 2912 unus
386 2849 471 2914 intus
492 2849 627 2914 Nervius
649 2851 776 2914 nomine
797 2849 936 2932 Vertico,
958 2849 1027 2914 loco
1049 2860 1142 2914 natus

185 2931 326 3014 honesto,
349 2935 403 3020 qui
425 2957 445 2999 a
465 2935 568 3020 prima
588 2935 752 3002 obsidione
775 2935 816 2998 ad
838 2933 1024 3000 Ciceronem
1039 2935 1142 3020 perfu-

185 3026 276 3164 plerat
297 3040 449 3106 suamque
471 3023 501 3084 ei
522 3021 618 3086 fidem
639 3021 845 3106 praestiterat.
886 3021 949 3084 Hic
971 3041 1062 3084 servo
1086 3043 1142 3106 spe

200 3101 340 3168 'bertatis
362 3105 548 3192 magnisque
576 3105 747 3191 persuadet
768 3107 930 3191 praemiis,
962 3115 998 3169 ut
1019 3105 1142 3170 litteras

186 3187 227 3252 ad
257 3187 427 3256 Caesarem
456 3191 586 3256 deferat.
635 3191 702 3258 Has
731 3189 786 3255 ille
814 3194 847 3255 in
873 3190 977 3256 iaculo
1003 3190 1141 3276 illigatas
1204 3221 1206 3224 ·

186 3273 276 3343 effert
297 3283 329 3340 et
351 3273 462 3340 Gallus
484 3277 567 3342 inter
589 3275 699 3341 Gallos
715 3277 782 3341 sine
797 3275 864 3341 ulla
878 3299 931 3342 sus
953 3277 1056 3342 icione
1071 3298 1142 3340 ver-

185 3367 270 3424 satus
299 3360 349 3444 ad·
370 3359 542 3428 Gaesarem
567 3363 721 3446 pervenit.
771 3361 824 3427 Ab
854 3384 891 3427 eo
944 3385 961 3428 e
989 3361 1140 3448 periculis

186 3441 346 3512 Ciceronis
368 3445 564 3530 lectorisque
586 3448 794 3532 cognoscitur.
921 3448 923 3452 ’
