2490 3974
451 283 595 350 CAPUT
618 286 712 349 5-a
780 274 783 279 ¹
1002 286 1063 350 189
1164 325 1167 330 -

98 457 264 522 Numidae.
295 455 426 520 Interim
455 457 487 520 in
509 456 623 519 itinere
652 477 694 519 ex
724 455 847 540 oppidis
871 467 902 519 et
924 457 1063 521 castellis

98 544 274 627 legationes
300 543 410 605 venire
433 550 465 605 et
485 541 630 626 polliceri
656 541 847 606 frumentmn
874 551 1064 629 paratosque

99 649 169 693 esse
196 649 277 713 quae
305 629 494 712 imperasset
521 627 637 690 facere.
667 626 777 712 Itaque
808 647 845 691 eo
876 627 927 690 die
961 637 1065 694 castra

8 713 11 723 ’
97 714 202 800 posuit
224 713 263 777 ad
287 712 436 797 oppidum
459 713 642 798 Ruspinam,
666 711 739 775 Kal.
763 712 928 776 Ianuariis

162 798 191 862 7.
213 797 293 861 Inde
304 799 403 862 movit
414 807 446 861 et
456 799 601 884 peruenit
613 797 653 861 ad
665 798 816 882 oppidum
830 798 956 882 Leptin,
985 798 1063 862 libe-

7 887 8 902 *
97 906 166 948 ram
188 885 349 948 civitatem
364 893 396 947 et
413 885 596 947 immunem.
607 883 727 968 ‘Legati
742 906 782 946 ex
799 883 914 968 oppido
938 883 1063 948 obviarn

96 971 237 1051 veniunt,
271 968 407 1032 libenter
440 989 474 1033 se
507 971 619 1033 omnia·
651 969 799 1050 factiuns,
842 991 923 1054 quae
957 968 1062 1051 vellet,

95 1054 294 1140 pollicentur.
321 1054 428 1140 Itaque
451 1054 687 1119 contritionibus
711 1054 880 1139 adportas
903 1055 1011 1139 oppidi
1033 1064 1064 1118 et

96 1139 249 1205 custodiis
271 1141 500 1225 impositique
532 1143 602 1226 quis
624 1139 716 1203 miles
738 1141 773 1203 in
795 1138 943 1225 oppidum
967 1141 1062 1204 iutro-

7 1247 10 1290 t
95 1227 158 1289 iret
179 1235 233 1288 aut
254 1225 403 1289 iniuriam
424 1227 541 1289 faceret
569 1227 705 1310 cuipiam
726 1225 859 1308 incolae,
882 1248 946 1292 non
967 1224 1062 1310 longe

7 1317 9 1376 i
97 1312 138 1374 ab
169 1309 285 1396 oppido
312 1310 486 1374 secundum
520 1305 592 1374 litus
620 1311 696 1374 facit
729 1319 840 1374 castra.
878 1310 1063 1397 Eodemque

7 1423 8 1462 t
94 1419 195 1460 naves
224 1397 388 1461 onerariae
417 1405 448 1459 et
476 1395 591 1480 longae
620 1396 792 1460 nonnullae
822 1419 898 1460 casu
926 1397 1062 1462 advene-

7 1511 8 1548 t
95 1490 186 1563 runt3
208 1480 360 1565 reliquae,
383 1490 418 1544 ut
433 1491 481 1545 est
503 1484 533 1546 oi
553 1482 740 1563 nuntiatum,
756 1483 896 1545 incertae
918 1479 1073 1546 locorum

7 1597 8 1600 ¹
95 1567 223 1632 Uticam
244 1588 357 1631 versus
379 1577 490 1652 petere
518 1569 607 1632 visae
638 1577 719 1630 sunt.
747 1567 879 1630 Interim
902 1566 1063 1631 Caesara

7 1693 8 1718 i
96 1653 179 1716 mari
199 1675 265 1716 non
286 1651 410 1736 digredi
429 1673 535 1738 neque
551 1653 786 1718 mediterranea
801 1661 910 1738 petere
932 1663 1063 1737 propter

7 1767 8 1808 3
96 1739 227 1802 navium
257 1759 396 1801 errorem
430 1739 667 1826 equitatumque
699 1741 733 1802 iu
766 1736 902 1802 navibus
937 1759 1062 1802 omnem

7 1855 8 1894 t
96 1825 268 1905 continere,
298 1832 332 1886 ut
361 1822 505 1904 arbitror,
533 1846 574 1886 ne
603 1825 671 1909 agri
697 1832 916 1905 vastarentur3
947 1845 1062 1909 aquam

95 1911 128 1973 in
161 1930 261 1973 naves
293 1908 383 1972 iubet
415 1912 614 1995 comportari.
648 1910 797 1994 Remiges
834 1910 972 1990 interim,
1008 1909 1063 1994 qui

7 2027 8 2062 t
96 2002 248 2080 aquatum
274 2016 293 2057 e
319 1993 455 2058 navibus
487 1995 640 2077 exierant,
673 1995 777 2058 subito
807 1996 929 2079 equites
958 1993 1062 2057 Mauri

95 2101 200 2166 neque
223 2078 424 2164 opinantibus
455 2078 655 2145 Caesarianis
685 2081 788 2145 adorti
810 2080 925 2144 multos
948 2077 1060 2144 iaculis

7 2211 8 2234 t
96 2163 374 2247 convulnerarunt,
397 2165 567 2229 nonnullos
588 2166 824 2232 interfecerunt.
847 2165 962 2232 Latent
978 2170 1060 2232 enim
1131 2178 1136 2184 '

7 2283 8 2322 t
95 2254 130 2316 in
143 2251 265 2318 insidiis
278 2272 349 2318 cum
362 2253 450 2340 equis
463 2253 545 2318 inter
557 2251 718 2320 convalles
730 2265 765 2319 ut
777 2255 881 2319 subito
895 2255 1057 2336 exsistant,

7 2373 9 2410 2
95 2362 160 2404 non
183 2349 218 2403 ut
238 2341 272 2402 in
294 2361 406 2425 campo
430 2341 605 2404 comminus
628 2341 820 2427 depugnent.

160 2425 188 2489 8.
212 2425 335 2488 Caesar
355 2426 483 2489 interim
504 2426 538 2488 in
561 2425 739 2490 Sardiniam
766 2427 894 2490 nuntios
917 2447 988 2489 cum
1010 2424 1060 2486 lit-

7 2567 8 2580 ,
93 2513 171 2575 teris
201 2519 233 2574 et
260 2512 294 2574 in
316 2511 455 2598 reliquas
484 2514 666 2596 provincias
695 2512 845 2576 finitimas
876 2512 1001 2592 dimisit,
1026 2519 1060 2573 ut

7 2641 8 2650 η
94 2595 157 2660 sibi
179 2595 306 2678 auxilia,
335 2607 538 2678 commeatus,
568 2598 768 2680 frumentum,
798 2597 987 2684 simulatque
1010 2593 1059 2657 lit-

7 2725 8 2734 *
93 2681 346 2766 teraslegissent,
355 2683 674 2766 mittendacurarent,
687 2687 931 2769 exoneratisque
942 2681 1059 2768 partim

93 2767 229 2831 navibus
258 2767 361 2852 longis
381 2766 555 2832 'Rabirium
584 2770 770 2834 Postumum
798 2774 831 2834 in
854 2768 995 2834 Siciliam
1018 2763 1058 2828 ad

95 2852 269 2917 secundum
299 2863 508 2917 commeatum
537 2857 761 2919 arcessendum
790 2856 893 2919 mittit.
918 2851 1060 2922 ,interim

96 2961 169 3002 cum
193 2945 217 2999 X
239 2939 374 3002 navibus
402 2939 505 3024 longis
528 2941 569 3003 ad
597 2942 736 3026 reliquas
766 2963 865 3007 naves
899 2937 1060 3004 onerarias

93 3025 336 3110 conquirendas,
361 3047 442 3110 quae
459 3026 667 3107 deerrassent,
692 3037 723 3091 et
745 3027 838 3091 simul
860 3046 949 3088 mare
970 3032 1059 3086 tuen-

7 3135 8 3140 *
92 3111 170 3174 dum
193 3109 233 3174 ab
256 3109 399 3174 hostibus
414 3109 503 3174 iubet
516 3112 684 3198 proficisci.
707 3113 788 3178 Item
811 3112 847 3176 C.
871 3108 1059 3174 Sallustium

93 3195 244 3280 Crispum
276 3205 456 3281 praetorem
493 3199 534 3261 ad
566 3198 737 3262 Cercinam
769 3197 905 3262 insulam
937 3213 1058 3272 versus,

94 3303 190 3366 quam
223 3280 398 3346 adversarii
429 3281 590 3366 tenebant,
626 3307 697 3348 curn
729 3293 819 3369 parte
851 3281 981 3346 navium
1011 3280 1060 3341 ire

93 3364 191 3446 iubet,
215 3367 300 3514 qulod
321 3367 366 3431 ibi
388 3389 538 3452 maguum
552 3391 719 3433 numerum
741 3369 889 3433 frumenti
912 3387 982 3429 esse
1005 3387 1059 3427 au-

95 3450 212 3514 diebat.
261 3475 319 3518 aec
331 3454 378 3516 ita
390 3453 569 3538 imperabat
583 3456 762 3540 unicuique,
778 3456 823 3518 ita
834 3447 1058 3539 praecipiebat,

93 3536 141 3600 uti
162 3535 231 3600 fieri
252 3547 392 3621 possent,
414 3561 455 3602 ne
477 3563 538 3604 nec
559 3539 664 3606 locum
691 3541 854 3604 excusatio
875 3536 977 3601 ullum
1004 3538 1059 3602 ha-
