2562 3966
375 265 510 332 OOMM.
531 265 595 332 VH
616 265 710 331 OAP.
734 266 868 332 12-16.
1036 265 1098 332 149

145 438 316 519 terficiant,
348 437 625 522 impedimentisne
654 446 788 521 exuant,
827 435 940 524 quibus
973 438 1097 502 amissis

146 521 264 587 bellum
290 524 358 608 geri
384 543 447 588 non
475 527 584 609 possit.
628 522 797 588 Praeterea
825 522 942 610 oppida
969 522 1097 588 incendi

144 617 300 693 oportere,
324 630 405 694 quae
419 631 483 676 non
497 609 670 674 munitione
692 617 724 672 et
745 607 807 673 loci
827 618 941 672 natrrra
956 608 995 672 ab
1012 609 1097 672 omni

145 695 209 758 sint
236 692 376 778 periculo
405 702 486 775 tuta,
515 717 578 760 neu
607 695 671 757 suis
700 696 762 758 sint
789 692 830 758 ad
859 692 1097 758 detractandam

146 777 287 842 militiam
317 778 516 864 receptacula
536 802 599 844 neu
620 779 769 844 Romanis
798 780 961 864 proposita
982 777 1023 843 ad
1045 800 1095 843 co-

146 865 231 948 piam
258 874 449 928 commeatus
478 864 693 951 praedamque
724 863 906 929 tollendam.
949 863 1039 928 Haec
1069 864 1096 927 si

145 949 256 1033 mavia
268 959 323 1012 aut
338 949 454 1014 acerba
472 949 650 1028 videantur,
672 948 770 1016 multo
786 948 841 1014 illa
893 951 982 1014 avius
1005 951 1096 1012 aesti-

144 1055 241 1115 mare,
264 1034 390 1117 liberos,
413 1036 562 1120 coniuges
584 1037 617 1098 in
641 1037 822 1099 servitutem
838 972 986 1117 ablnahi,
1009 1035 1096 1120 ipsos

145 1119 292 1203 interfici3
316 1142 396 1206 quae
419 1122 459 1184 sit
481 1142 612 1184 necesse
634 1120 779 1184 accidere
801 1120 902 1183 victis.

210 1205 259 1268 15.
283 1205 432 1276 Omnium
448 1227 603 1271 consensu
625 1205 684 1269 hac
708 1207 862 1269 sententia
883 1204 1017 1291 probata
1030 1228 1094 1270 uno

143 1289 196 1356 die
218 1290 353 1375 amplius
375 1297 427 1354 XX
449 1290 544 1354 urbes
566 1291 745 1376 Biturigum
767 1290 987 1356 incenduntur.
1024 1291 1096 1357 Hoc

143 1375 227 1440 idem
249 1376 285 1438 fit
306 1379 339 1440 in
360 1375 489 1463 reliquis
512 1375 708 1444 civitatibus:
731 1377 764 1439 in
787 1375 930 1441 omnibuis
952 1375 1095 1461 partibus

143 1461 290 1526 incendia
312 1463 563 1546 conspiciuntur3
586 1483 667 1548 quae
682 1463 741 1526 etsi
763 1483 878 1546 magno
901 1461 1095 1526 cumdolore

142 1569 252 1611 omnes
273 1546 425 1629 ferebant,
448 1558 554 1611 tannen
575 1546 635 1612 hoc
657 1546 718 1611 sibi
740 1546 845 1611 solatii
866 1546 1093 1632 proponebant,

142 1631 228 1718 quod
257 1654 291 1695 se
313 1655 412 1718 prope
442 1633 606 1718 explorata
637 1633 771 1696 victoria
803 1631 948 1696 celeriter
980 1633 1096 1696 amissa

142 1719 373 1802 reciperaturos
406 1717 615 1784 confidebant
658 1717 863 1782 Deliberatur
892 1717 931 1780 de
958 1715 1095 1783 Avarico

143 1804 175 1866 in
198 1803 356 1866 communi
385 1804 532 1886 concilio,
562 1803 688 1870 incendi
731 1803 865 1886 laceret,
895 1823 936 1866 an
958 1801 1094 1866 defendi

142 1887 358 1952 Procumbunt
386 1889 531 1954 omnibus
555 1889 655 1954 Gallis
678 1827 730 1954 ad
740 1888 839 1974 pedes
861 1887 1031 1972 Bituriges,
1053 1909 1095 1968 ne

142 1972 384 2058 pulcherrimam
398 1997 496 2060 prope
511 1977 605 2038 totius
621 1974 745 2040 Galliae
759 1972 881 2056 urbem,
906 1995 986 2060 quae
1004 1984 1095 2058 prae-

141 2058 221 2122 sidio
245 2067 277 2122 et
298 2070 481 2126 o1namento
504 2061 545 2124 sit
560 2062 688 2142 civitati,
711 2061 776 2124 suis
798 2058 942 2122 manibus
966 2063 1095 2122 succen-

140 2143 217 2209 dere
229 2155 429 2228 cogerentur:
441 2145 533 2210 facile
542 2168 576 2210 se
584 2145 646 2210 loci
656 2153 770 2209 natura
781 2143 965 2208 defensuros
977 2142 1093 2226 dicunt,

139 2229 225 2314 quod
239 2252 338 2316 prope
354 2253 395 2294 ex
410 2231 554 2294 omnibus
566 2231 706 2317 partibus
717 2229 846 2294 flumine
862 2238 893 2294 et
906 2229 1021 2314 palude
1036 2230 1094 2292 cir-

140 2313 288 2378 cumdata
304 2338 399 2380 unum
413 2314 529 2381 habeat
548 2327 580 2381 et
594 2326 821 2402 perangustum
835 2313 963 2378 aditum.
990 2313 1094 2378 Datur

139 2400 319 2486 petentibus
347 2403 442 2465 venia
468 2402 670 2467 dissuadente
697 2403 798 2487 primo
821 2399 1041 2486 Vercingetori
1066 2422 1093 2481 e,

139 2495 211 2572 post
233 2486 423 2552 concedente
447 2497 478 2551 et
493 2487 642 2573 precibus
664 2488 805 2573 ipsorum
827 2495 859 2550 et
879 2424 1095 2550 misericordia

138 2570 236 2655 vulgi.
269 2571 461 2638 Defensores
485 2573 600 2658 oppido
622 2573 727 2638 idonei
749 2570 938 2656 deliguntur.

204 2657 253 2720 16.
276 2656 518 2744 Vercingetorix
538 2657 713 2723 minoribus
735 2656 907 2722 Caesarem
928 2655 1093 2720 itineribus

138 2740 342 2830 subsequitur
371 2756 402 2807 et
431 2743 534 2808 locum
563 2745 675 2808 castris
706 2743 815 2830 deligit
841 2737 1009 2829 paludibus
1042 2740 1093 2806 sil-

138 2827 250 2912 visque
265 2830 416 2893 munitum
433 2829 474 2893 ab
489 2829 627 2896 Avarico
643 2829 737 2914 longe
752 2828 839 2894 milia
852 2850 1003 2913 passuum
1017 2833 1091 2891 XVI.

138 2911 187 2976 Ibi
208 2936 266 2998 per
287 2923 389 2978 certos
412 2914 629 3001 exploratores
654 2915 689 2978 in
710 2914 835 3000 singula
857 2914 920 2978 diei
941 2922 1092 2998 tempora,

138 3020 219 3100 quae
247 2998 289 3062 ad
316 2999 488 3084 Avaricum
518 3011 694 3088 agerentur,
722 2999 933 3086 cognoscebat
954 3008 994 3081 et,
1018 2997 1094 3083 quid

137 3085 207 3147 teri
229 3083 335 3166 vellet,
357 3084 541 3171 imperabat.
587 3087 707 3150 Omnes
732 3096 856 3150 nostras
872 3082 1092 3170 pabulationes

137 3169 457 3256 frumentationesque
495 3170 685 3238 observabat
719 3172 958 3256 dispersosque,
996 3190 1093 3254 quum

138 3253 261 3339 longius
292 3258 472 3321 necessario
493 3257 710 3342 procederent,
740 3256 942 3322 adoriebatur
963 3276 1092 3339 magno-

138 3362 198 3425 que
219 3341 417 3407 incommodo
433 3343 599 3425 afficiebat,
623 3345 690 3424 etsi,
715 3350 866 3428 quantum
887 3341 1007 3404 ratione
1021 3361 1093 3424 pro·

136 3425 238 3490 videri
291 3436 405 3510 oterat,
436 3427 476 3492 ab
505 3431 620 3494 nostris
651 3427 884 3509 occurrebatur,
907 3434 941 3489 ut
962 3427 1092 3490 incertis

135 3449 330 3598 temporibus
353 3513 549 3601 diversisque
571 3516 735 3580 itineribus
756 3515 863 3578 iretur.
1151 3499 1160 3518 ’
