2534 3970
410 221 545 287 OOMM.
566 222 583 285 I
606 223 698 288 oAP.
721 221 835 288 8-12.
865 270 867 276 ·
1079 221 1098 284 9

213 395 261 457 11.
284 392 424 457 Helvetii
444 395 508 456 iam
527 415 585 478 per
606 395 768 480 angustias
790 402 822 457 et
842 394 921 458 fines
940 391 1099 480 Sequano·

146 501 219 543 rum
240 501 313 542 suas
336 480 441 563 copias
463 478 670 542 traduxerant
691 488 722 542 et
743 481 777 542 in
797 477 1003 543 Haeduorum
1019 480 1099 544 fines

146 572 360 650 pervenerant
381 585 552 649 eorumque
574 585 666 646 agros
688 563 929 649 populabantur.
962 564 1098 647 Haedui,

148 671 246 736 quum
268 670 303 712 66
325 669 444 733 suaque
459 647 499 712 ab
515 649 553 711 iis
569 647 741 712 defendere
762 671 825 713 non
847 658 992 732 possent,
1015 649 1100 734 lega·

147 743 198 798 tos
220 733 261 797 ad
284 730 453 797 Caesarem
473 735 601 796 mittunt
626 743 771 817 rogatum
793 731 965 797 auxilium:
994 733 1045 798 Ita
1066 756 1101 798 so

149 819 395 903 omnitempore
431 817 471 882 de
503 817 619 903 populo
640 818 782 883 Romano
814 819 941 883 meritos
964 840 1043 893 esse,
1066 827 1102 883 ut

172 925 250 968 aene
279 905 313 966 in
342 911 512 988 conspectu
548 905 706 968 exercitus
743 903 843 966 nostri
872 904 942 988 agri
970 904 1099 984 vastari,

148 926 242 1053 liberi
265 1010 373 1052 eorum
394 989 427 1050 in
442 990 629 1051 servitutem
643 987 767 1070 abduci,
792 987 908 1072 oppida
922 989 1100 1074 expugnari

148 1095 214 1138 non
236 1071 412 1136 debuerint
455 1073 579 1136 Eodem
609 1081 751 1136 temore
779 1072 906 1136 Haedui
939 1071 1097 1155 Ambarri,

148 1159 321 1221 necessarii
364 1166 395 1222 61
423 1157 649 1241 consanguinei
713 1157 902 1239 aeduorum,
931 1156 1103 1222 Caesarem

152 1241 318 1308 certiorem
338 1241 456 1306 faciunt
478 1264 549 1306 6666
576 1241 656 1326 depo
679 1241 773 1306 ulatis
803 1243 889 1328 agris
920 1263 984 1306 non
1010 1241 1102 1308 facile

149 1327 190 1390 ab
214 1326 337 1412 oppidis
358 1327 424 1390 vim
445 1326 582 1392 hostium
601 1348 659 1410 pro
685 1326 780 1392 'bere
802 1327 883 1391 Item
900 1326 1101 1412 Allobroges,

170 1413 204 1475 ui
225 1421 311 1475 trans
333 1411 521 1476 Rhodanum
536 1412 623 1475 vicos
638 1413 916 1497 possessionesque
932 1410 1102 1492 habebant,

149 1435 226 1580 lrga
247 1518 282 1560 se
304 1496 345 1559 ad
367 1495 541 1560 Caesarem
562 1497 720 1581 recipiunt
750 1507 781 1560 st
803 1497 1019 1561 demonstrant
1042 1494 1104 1560 sibi

150 1591 277 1666 praeter
339 1580 489 1646 risolum
510 1580 589 1644 nihil
611 1603 681 1646 6666
703 1581 826 1666 reliqui.
860 1580 983 1659 Quibus
1004 1581 1101 1645 rebus

151 1603 441 1730 adductusallaesar
461 1689 525 1731 non
544 1666 792 1750 exspectandum
814 1665 875 1729 sibi
889 1667 1004 1747 statuit,
1028 1664 1103 1729 dum

151 1750 297 1815 omnibus
318 1751 451 1814 fortunis
474 1752 630 1816 sociorum
660 1752 852 1836 consumptis
881 1751 915 1814 in
945 1749 1101 1822 Santonos

151 1835 293 1900 Helvetii
336 1838 526 1901 ervenirent.

189 1981 191 1986 ,
215 1921 264 1984 12.
286 1858 422 1984 Flumen
443 1928 492 1986 est
511 1921 604 2002 Arar,
628 1919 713 2005 quod
757 1942 791 1983 er
805 1920 883 1984 fines
898 1919 1104 1985 Haeduorum

152 2012 183 2068 et
204 2004 423 2091 Sequanorum
443 2006 477 2070 in
497 2005 708 2069 Rhodanum‘
733 1942 811 2086 huit,
834 2005 1012 2070 incredibili
1027 2004 1103 2070 lani-

151 2099 224 2172 tate,
246 2090 292 2154 ita
312 2098 346 2153 ut
369 2089 484 2172 oculis,
514 2092 548 2153 in
569 2099 671 2153 utram
693 2102 815 2175 partem
842 2089 938 2172 fluat,
971 2091 1104 2154 iudicari

152 2197 216 2239 non
237 2177 346 2260 possit.
389 2175 428 2239 Id
449 2175 590 2238 Helvetii
611 2173 732 2238 ratibus
761 2197 799 2239 ac
820 2174 965 2239 lintribus
987 2175 1102 2238 iunctis

151 2257 338 2324 transibant
392 2260 457 2324 Ubi
488 2282 547 2345 per
580 2258 796 2344 exploratores
833 2259 953 2324 Caesar
990 2261 1104 2324 certior

152 2344 252 2408 166166
276 2355 324 2408 661
358 2355 422 2410 tres
458 2346 523 2408 iam
557 2354 664 2430 partes
692 2346 854 2430 copiarum
874 2345 1039 2411 Helvetios
1070 2343 1105 2408 id

153 2427 271 2493 flumen
292 2429 480 2512 traduxisse,
504 2438 647 2516 quartam
668 2428 735 2492 fers
756 2440 877 2515 partem
896 2432 974 2494 citra
987 2428 1105 2494 flumen

153 2513 278 2577 Ararim
299 2514 452 2600 reliquam
475 2537 561 2596 6666,
584 2513 624 2577 de
646 2516 740 2578 tertia
766 2515 877 2600 vigilia
905 2537 977 2580 cum
1005 2514 1102 2600 legio·

140 2599 246 2662 nibus
269 2599 370 2662 tribus
392 2623 410 2664 e
433 2601 544 2664 castris
588 2598 724 2662 rofectus
747 2599 788 2663 ad
810 2622 879 2662 enm
894 2609 1017 2685 partem
1031 2622 1104 2684 per-

152 2683 252 2766 venit,
276 2707 358 2769 quae
378 2685 519 2748 nondum
550 2622 669 2747 1116666
696 2686 871 2748 transierat.
914 2685 979 2752 Eos
1007 2685 1104 2770 impe-

154 2768 232 2834 ditos
255 2777 287 2832 et
300 2769 499 2854 inopinantes
515 2792 556 2854 ag
595 2790 684 2832 essue
699 2789 751 2832 ma
796 2792 846 2832 am
859 2779 981 2855 partem
997 2791 1106 2833 eorum

155 2853 308 2918 concidit:
330 2852 447 2940 reliqui
469 2875 539 2918 sese
595 2875 654 2936 gae
669 2875 743 2917 man
765 2864 858 2918 arunt
880 2865 973 2940 atque
987 2856 1020 2920 in
1034 2876 1105 2940 pro-

154 2939 254 3001 ximas
278 2937 375 3002 silvas
398 2939 597 3003 abdiderunt.
641 2937 673 3000 Is
695 2961 737 3022 pa
782 2939 1031 3025 sappellabatur
1054 2939 1105 3002 Ti·

154 3025 301 3107 gurinus:
335 3045 409 3086 nam
441 3024 541 3090 omnis
576 3023 686 3085 civitas
752 3022 869 3088 elvetia
897 3032 929 3088 in
958 3032 1106 3110 quattuor

119 3173 124 3183 ,
154 3130 253 3193 pagos
286 3107 388 3172 divisa
428 3119 484 3173 est.
529 3107 592 3172 Hic
621 3129 721 3194 pagus
754 3131 851 3193 unus,
882 3133 978 3196 quum
1014 3109 1105 3173 domo

155 3195 274 3257 exisset
293 3202 419 3278 patrum
440 3203 619 3258 nostrorum
633 3195 793 3276 memoria,
816 3194 852 3258 L.
870 3193 1016 3259 Cassium
1034 3215 1106 3257 con·

155 3277 255 3344 sulem
283 3277 483 3344 interfecerat
523 3286 555 3342 et
594 3278 661 3341 eius
698 3281 872 3343 exercitum
905 3278 963 3343 sub
997 3279 1107 3363 iugum

156 3363 293 3428 miserat.
337 3363 387 3426 lta
408 3365 476 3428 siva
499 3385 575 3428 casu
597 3363 665 3427 sive
688 3363 819 3429 consilio
835 3365 966 3429 deorum
981 3365 1106 3429 immor·

156 3447 278 3531 talium,
306 3469 386 3534 quae
406 3471 480 3534 pars
502 3448 637 3514 civitatis
659 3447 825 3512 Helvetiae
846 3451 1003 3534 insignem
1025 3447 1106 3510 cala-
