2562 3966
182 243 243 308 rur
411 244 498 328 ⁴nn
520 244 664 312 annno
688 245 879 311 cancico

180 414 242 480 loci
264 416 511 501 opportunitate,
535 418 589 502 qui
612 439 646 482 se
668 418 768 504 ipsius
793 418 968 482 munitione
990 417 1138 482 defende·

180 509 245 564 ret:
278 501 419 586 equitum
446 525 522 566 vero
556 525 686 588 operam
718 524 821 589 neque
847 504 880 566 in
906 502 977 568 loco
1004 503 1137 588 palustri

181 585 355 664 desiderari
383 583 531 650 debuisse
561 588 680 652 stillio
708 588 805 652 fuisse
835 587 958 670 utilem,
991 612 1052 674 quo
1076 590 1138 652 sint

179 671 321 756 profecti.
366 669 529 735 Summam
556 671 682 757 imperii
709 695 743 738 se
771 673 913 737 consulto
936 673 1015 736 nulli
1037 674 1137 737 disce·

181 757 308 820 dentem
329 755 507 838 tradidisse,
529 780 571 822 ne
592 759 620 821 is
635 757 842 822 multitudinis
859 758 961 822 studio
985 759 1025 822 ad
1047 759 1137 823 dimi-

181 843 317 906 candum
337 841 568 927 impelleretur,
592 845 643 907 cui
657 845 705 908 rei
720 853 849 929 propter
863 845 960 908 animi
975 844 1137 908 mollitiem

182 926 308 992 studere
330 948 439 991 omnes
462 927 600 1010 videret,
635 928 719 1014 quod
747 929 863 993 diutius
890 929 1029 994 laborem
1055 929 1138 992 ferre

181 1034 245 1076 non
267 1023 405 1096 possent.
439 1012 573 1077 Romani
590 1016 617 1077 si
632 1036 708 1078 casu
723 1014 959 1096 intervenerint,
983 1014 1136 1096 fortunae,

182 1098 209 1160 si
235 1095 366 1162 alicuius
393 1096 509 1161 indicio
537 1100 658 1181 vocati,
693 1100 767 1162 huic
793 1098 971 1163 habendam
993 1101 1136 1184 gratiam,

183 1181 266 1268 quod
289 1193 320 1246 et
341 1184 530 1267 paucitatem
547 1206 655 1248 eorum
678 1207 719 1250 ex
741 1184 811 1249 loco
836 1186 997 1271 superiore
1024 1207 1138 1268 cogno-

182 1288 272 1330 scere
295 1274 326 1330 et
352 1269 501 1332 virtutem
523 1269 688 1354 despicere
709 1271 878 1355 potuerint,
909 1271 963 1356 qui
986 1270 1138 1334 dimicare

182 1374 245 1416 non
267 1351 337 1416 ausi
358 1354 490 1438 turpiter
513 1376 547 1418 se
569 1356 602 1416 in
625 1363 729 1418 castra
742 1356 931 1440 receperint.
968 1355 1139 1440 Imperium

182 1460 215 1500 se
239 1436 278 1502 ab
310 1435 448 1502 Caesare
475 1461 532 1524 per
560 1439 770 1524 proditionem
798 1440 919 1504 nullum
945 1439 1137 1521 desiderare,

182 1522 266 1609 quod
292 1521 411 1587 habere
439 1525 574 1588 victoria
602 1537 725 1609 posset,
761 1548 842 1611 quae
871 1526 934 1589 iam
964 1535 1047 1590 esset
1077 1525 1138 1588 sibi

182 1618 276 1695 atque
309 1607 454 1672 omnibus
485 1608 585 1673 Gallis
607 1610 794 1696 explorata:
854 1612 909 1674 uin
939 1613 1032 1677 etiam
1060 1610 1137 1696 ipsis

181 1694 356 1777 remittere,
380 1696 408 1757 si
429 1693 490 1758 sibi
512 1697 611 1780 nragis
633 1695 784 1760 honorem
806 1635 955 1779 trlluere,
982 1719 1076 1782 quam
1097 1695 1138 1760 ab

182 1801 217 1844 se
251 1778 384 1844 salutem
420 1780 564 1865 accipere
597 1782 774 1846 videantur.
822 1782 913 1848 Haec
945 1792 980 1846 ut
1017 1781 1138 1846 intelle-

181 1866 277 1949 gatis,
300 1867 417 1950 inquit,
445 1887 465 1928 a
485 1888 537 1929 me
559 1867 681 1930 sincere
701 1869 911 1952 pronuntiari,
945 1867 1052 1931 audite
1077 1867 1138 1932 Ro-

181 1971 290 2014 manos
323 1949 449 2016 milites.
489 1950 643 2015 ¹Producit
675 1975 800 2035 servos,
841 1975 918 2038 quos
947 1956 979 2017 in
1009 1951 1139 2038 pabula·

182 2036 266 2100 tione
293 2036 402 2120 paucis
431 2045 504 2102 ante
531 2036 643 2101 diebus
672 2049 843 2124 exceperat
869 2048 901 2103 et
925 2037 1008 2101 fame
1029 2039 1138 2102 vinou-

182 2119 283 2206 lisque
299 2123 544 2187 excruciaverat.
575 2122 618 2186 Hi
636 2124 698 2187 iam
717 2135 788 2188 ante
804 2124 916 2204 edocti,
940 2145 1021 2209 quae
1042 2125 1138 2186 inter·

182 2205 285 2289 rogati
312 2210 560 2290 pronuntiarent,
589 2208 704 2273 milites
728 2231 762 2272 se
788 2232 858 2274 esse
880 2208 1070 2293 legionarios
1092 2207 1137 2272 di-

183 2299 273 2373 cunt3
299 2290 381 2355 fame
403 2301 436 2356 et
448 2293 555 2379 inopia
570 2293 722 2358 adductos
737 2293 819 2358 clam
834 2317 874 2357 ex
896 2294 1006 2356 castris
1022 2292 1136 2374 exisse,

182 2377 209 2439 si
231 2375 307 2461 quid
321 2375 538 2442 frumenti-aut
552 2381 674 2463 pecoris
689 2380 722 2441 in
737 2380 822 2464 agris
836 2379 974 2464 reperire
988 2388 1136 2462 possent:

183 2461 278 2526 simili
299 2485 425 2528 omnem
446 2465 616 2528 exercitum
638 2465 747 2548 inopia
761 2465 870 2548 premi,
893 2485 953 2527 nec
973 2465 1037 2527 iam
1052 2465 1137 2528 vires

183 2545 327 2610 sufficere
350 2549 534 2634 cuiusquam
555 2570 615 2612 nec
636 2549 719 2612 ferre
742 2551 844 2634 operis
867 2548 1007 2613 laborem
1025 2570 1136 2632 posse:

181 2633 287 2719 itaque
303 2635 449 2697 statuisse
463 2635 693 2718 imperatorem,
717 2635 744 2697 si
758 2633 837 2698 nihil
850 2635 883 2697 in
905 2635 1138 2720 oppugnatione

183 2718 290 2802 oppidi
335 2717 560 2803 proiecissent,
611 2719 714 2783 triduo
751 2720 925 2784 exercitum
971 2719 1138 2786 deducere.

181 2803 282 2886 Haeo,
311 2803 429 2887 inquit,
463 2824 482 2866 a
511 2824 578 2884 me,
611 2803 871 2890 Vercingetorix,
900 2804 1054 2869 beneficia
1083 2804 1138 2872 ha

181 2887 281 2969 betis,
322 2908 417 2972 quem
452 2887 638 2973 proditionis
678 2891 881 2974 insimulatis3
922 2893 1011 2954 cuins
1041 2914 1139 3040 opera

183 2975 251 3038 sine
271 2981 377 3038 vestro
393 2975 546 3058 sanguine
560 2983 682 3039 tantum
698 2978 872 3041 exercitum
887 2976 1040 3042 victorem
1068 2999 1138 3042 ame

183 3065 402 3144 consumptum
423 3059 553 3143 videtis;
577 3083 671 3147 quem
686 3063 819 3148 turpiter
845 3084 878 3126 se
901 3084 942 3124 ex
962 3061 1038 3146 fuga
1058 3063 1138 3126 rcci-

181 3147 321 3231 pientem
347 3165 389 3207 ne
418 3165 481 3229 qua
510 3145 621 3210 civitas
651 3147 716 3210 suis
741 3147 857 3211 finibus
882 3148 1022 3234 recipiat,
1046 3170 1066 3211 a
1086 3169 1138 3212 me

181 3231 343 3315 provisum
365 3237 422 3294 est.

246 3315 297 3378 21.
322 3313 507 3380 Conclamat
534 3318 635 3380 omnis
660 3316 825 3383 multitudo
849 3326 880 3381 et
902 3340 958 3382 suo
980 3339 1067 3384 more
1090 3339 1138 3382 ar-

181 3399 242 3462 mis
265 3408 442 3484 concrepat,
494 3401 559 3466 uod
582 3401 689 3468 facere
711 3405 804 3468 ineo
826 3411 1025 3485 consuerunt,
1048 3403 1138 3466 cuins

182 3483 355 3547 orationem
377 3423 568 3569 approirant:
587 3509 743 3553 summum
765 3511 836 3554 esse
847 3487 1139 3574 Vercingetorigem
