2532 3968
387 244 523 312 COMM.
545 242 624 311 VIII
646 246 739 312 CAP.
764 245 879 314 8-12.
1050 242 1109 324 197

151 411 407 503 insequebantur,
431 427 485 482 aut
498 418 639 483 vicissim
660 417 767 484 hostes
790 419 901 484 eadem
918 423 1109 508 transgressi

150 507 274 568 nestros
287 498 420 588 {longius
443 503 683 570 submovebant.
714 504 891 571 Accidebat
913 515 1018 571 autem
1033 519 1108 592 que·

151 585 276 652 tidianis
292 577 549 674 pabulationibus
565 588 611 675 (id
626 589 710 675 quod
725 590 869 655 accidere
885 599 1108 677 erat'necesse,

152 687 248 760 quum
275 675 358 737 raris
386 671 589 760 disiectisque
617 695 659 738 ex
680 673 832 739 aedificiis
860 673 1012 778 pabulum
1036 691 1108 742 con-

152 756 358 850 quireretur),
387 767 423 824 ut
449 757 610 847 impeditis
638 757 716 825 locis
740 759 878 847 dispersi
904 758 1108 848 pabulatores

152 845 472 930 circumvenirentur3
496 864 577 933 quae
599 867 660 928 res,
684 847 744 911 etsi
765 847 925 910 mediocre
941 847 1107 912 detrimen·

149 940 217 992 tum
231 931 442 995 iumentorum
465 952 503 995 ac
523 953 687 996 servorum
697 936 814 996 nostris
825 931 987 1016 afferebat,
1003 942 1108 998 tamen

150 1014 261 1078 stultas
284 1017 489 1100 cogitationes
516 1016 668 1081 incitabat
688 1016 911 1093 barbarorum,
947 1028 1041 1105 atque
1070 1036 1108 1083 ee

148 1101 267 1185 magis,
291 1100 377 1188 quod
399 1099 579 1186 Commius,
607 1125 701 1189 quern
730 1103 905 1189 prefectum
922 1103 969 1166 'ad
991 1101 1109 1168 auxilia

148 1185 379 1250 Germanorum
392 1187 581 1253 arcessenda
592 1186 693 1270 docui,
709 1209 780 1252 cum
793 1188 1109 1276 equitibus‘venerat;

172 1273 203 1336 ui
213 1274 338 1336 tametsi
349 1293 480 1337 numero
492 1295 557 1337 non
568 1272 702 1358 amplius
716 1284 805 1338 erant
816 1275 988 1361 quingenti,
1003 1278 1108 1340 tamen

180 1375 378 1422 ermenerum
400 1357 536 1422 adventu
561 1358 687 1424 barbari
709 1359 898 1424 nitebantur.

212 1439 262 1526 ll.
286 1441 412 1518 Caesar,
437 1467 533 1529 quum
550 1441 815 1509 animadverteret
832 1444 953 1510 hostem
970 1445 1108 1532 complu*-

146 1549 198 1590 res
228 1527 296 1592 dies
323 1526 435 1592 castris
467 1529 584 1615 palude
619 1539 650 1594 et
678 1529 740 1595 loci
773 1542 886 1596 natura
901 1531 1042 1594 ¹munitis
1073 1553 1107 1595 se

145 1622 256 1676 tenere
277 1635 381 1700 neque
411 1616 587 1701 oppugnari
614 1625 720 1679 castra
753 1633 860 1680 eorum
890 1617 957 1680 sine
981 1616 1108 1682 dimica·

146 1697 231 1762 tione
252 1701 432 1784 perniciosa
452 1722 513 1765 nec
543 1699 647 1766 locum
669 1699 894 1766 munitionibus
918 1700 1024 1765 claudi
1045 1703 1108 1766 nisi

146 1806 166 1845 a
186 1787 306 1848 maiore
330 1785 472 1849 exercitu
494 1807 598 1871 posse,
621 1785 742 1850 litteras
765 1785 806 1850 ad
829 1781 1020 1852 Trebonium
1037 1789 1107 1850 mit·-

145 1870 203 1950 tit,
230 1878 265 1932 ut
292 1891 387 1956 quam
416 1870 581 1936 celerrime
610 1881 718 1957 posset
745 1871 776 1936 le
799 1873 903 1936 'onem
924 1872 1108 1957 xl11,qnae

145 1976 216 2018 cum
233 1955 268 2019 T.
286 1955 396 2021 Sextio
408 1955 513 2041 legato
528 1960 560 2020 in
575 1895 952 2044 Biturigibuslliemabat,
970 1977 1107 2029 arcesse-

145 2051 194 2104 ret
216 2050 309 2127 atque
331 2045 375 2105 ita
398 2063 468 2106 cum
484 2042 584 2106 tribus
600 2041 777 2128 legionibus
796 2045 920 2128 magnis
942 2043 1108 2107 itineribus

145 2125 187 2189 ad
209 2149 243 2192 se
265 2129 403 2210 veniret3
432 2129 501 2212 ipse
530 2129 652 2214 equites
682 2129 715 2192 in
744 2129 847 2194 vicem
875 2127 1047 2204 Remorum
1069 2141 1107 2192 ae

144 2211 324 2296 Lingonum
338 2211 595 2300 reliquarumque
611 2213 784 2296 civitatum,
829 2234 940 2278 uorum
958 2211 1107 2300 magnum

144 2319 311 2362 numerum
333 2308 533 2380 evocaverat,
550 2300 709 2384 praesidio
725 2237 980 2384 pabulationibus
1000 2301 1107 2382 mittit,

145 2384 199 2470 qui
221 2383 341 2447 subitas
364 2382 501 2448 hostiurn
522 2385 717 2449 incursiones
741 2387 938 2450 sustinerent.

209 2469 259 2533 12.
284 2467 378 2548 Quod
400 2492 495 2556 quum
518 2468 658 2556 quotidie
679 2471 779 2553 fieret,
802 2491 840 2534 ao
862 2472 923 2534 iam
942 2479 1106 2535 consuetu·

145 2554 218 2618 dine
241 2555 406 2640 diligentia
432 2557 642 2638 minueretur,
676 2555 762 2642 quod
782 2555 970 2642 plerumque
993 2556 1107 2619 accidit

144 2639 357 2722 diuturnitate,
387 2639 552 2705 Bellovaci
574 2641 698 2706 delecta
720 2663 815 2706 manu
837 2637 977 2730 peditum
1001 2644 1106 2789 cqgni-

143 2728 183 2789 tis
207 2725 393 2791 stationibus
416 2727 607 2813 quotidianis
635 2727 774 2813 equitum
801 2737 982 2792 nostrorum
995 2753 997 2759 s
1011 2727 1036 2789 s'
1051 2749 1103 2790 ve-

144 2811 260 2875 stribus
291 2811 368 2876 locis
403 2811 532 2875 insidias
567 2813 738 2897 disponunt
774 2811 948 2898 eodemque
984 2812 1107 2898 equites

143 2905 269 2981 postero
298 2897 349 2960 die
380 2897 521 2980 mittunt,
547 2898 600 2983 qui
649 2898 763 2962 rimuni
793 2897 945 2962 elicerent
970 2906 1104 2980 nostros,

143 2982 258 3046 deinde
280 2985 511 3046 circumventos
527 3005 568 3068 ag
590 2921 787 3047 roderentur.
826 2983 923 3048 Cuius
939 2981 1015 3046 mali
1038 3003 1106 3046 sors

143 3066 253 3132 incidit
275 3065 391 3151 Remis,
416 3067 530 3154 quibus
552 3007 606 3133 ilie
620 3067 697 3132 dies
716 3067 869 3155 fungendi
890 3071 1029 3132 muneris
1052 3067 1105 3132 ob-

142 3162 283 3216 venerat.
328 3152 473 3240 Namque
496 3153 537 3237 hi,
562 3166 810 3240 quum‘repente
831 3155 968 3220 hostium
984 3155 1105 3238 equites

142 3236 440 3304 animadvertissent
474 3262 512 3303 ac
537 3255 669 3302 numero
688 3241 884 3326 ‘superiores
914 3241 1106 3325 paucitatem

142 3326 422 3410 contempsissent,
453 3332 493 3389 cu
515 3323 597 3388 idius
624 3325 758 3388 insecuti
786 3324 943 3411 peditibus
967 3326 1106 3410 undique

141 3419 216 3472 sunt
238 3409 433 3474 circumdati.
503 3432 543 3475 uo
558 3408 640 3473 facto
656 3409 832 3495 perturbati
848 3409 993 3494 celerius,
1011 3431 1105 3496 quam

140 3493 336 3561 consuetudo
351 3494 413 3559 fert
428 3496 582 3580 equestris
598 3493 720 3581 proelii,
738 3518 772 3560 se
787 3503 977 3583 receperunt
989 3495 1106 3560 amisso
