2562 3970
180 195 225 258 44
473 193 535 256 DE
556 191 701 259 BELLO
725 191 860 260 CIVILI

181 373 248 428 tum
279 383 406 428 omnem
427 364 599 428 convenire
621 363 718 444 iubet,
742 364 844 428 aciem
870 363 1014 428 insanit:
1038 371 1150 433 contre

182 449 363 534 opinionem
386 451 469 512 enim
497 447 631 512 militum
660 448 840 533 famamque
870 449 1008 514 omnium
1045 447 1150 513 videri

180 532 339 642 proelium
368 532 529 618 defugisse
556 554 708 617 magnum
730 532 955 598 detrimentum
976 531 1148 602 afferebat,

181 616 247 682 bed
270 617 390 682 eisdem
405 618 446 682 de
461 618 575 699 causis,
599 641 680 704 quae
696 627 770 682 sunt
785 619 941 702 cognitae,
965 639 1027 703 quo
1043 619 1149 684 minus

181 703 334 766 dimicare
355 701 462 782 vellet,
493 703 690 785 movebatm,
719 711 814 789 atque
837 703 898 767 hoc
918 704 1013 768 etiam
1035 703 1148 786 magis,

182 787 272 873 quod
290 788 384 872 spatii
406 787 548 855 brevitas
570 790 667 852 etiam
685 789 718 852 in
738 787 845 872 fugam
861 788 1013 855 coniectis
1036 787 1149 852 adver·

184 873 279 936 seriis
300 895 366 936 non
385 871 520 936 multum
542 872 584 936 ad
606 895 762 938 summam
784 873 938 938 victoriae
960 874 1072 946 iuvare
1093 893 1149 956 po·

180 966 270 1021 terat.
300 957 372 1022 Non
402 958 487 1021 enim
509 957 645 1044 amplius
667 958 786 1043 pedum
807 957 936 1025 milibus
959 957 1084 1022 duobus
1107 955 1149 1026 ab

181 1043 294 1106 castris
317 1051 424 1106 castra
446 1040 623 1106 distabant:
639 1043 715 1106 hinc
729 1041 809 1108 duas
825 1051 932 1127 partes
954 1043 1039 1106 acies
1056 1062 1149 1106 oceu-

179 1126 301 1211 pabant
321 1127 421 1208 duae3
451 1128 546 1190 tertia
567 1127 706 1208 vacabat
727 1127 769 1192 ad
789 1129 953 1194 incursum
974 1137 1070 1212 atquc
1090 1128 1150 1190 im-

180 1220 291 1296 petum
319 1211 455 1276 militum
483 1211 605 1276 relicta
633 1212 670 1276 Si
702 1213 861 1298 proelium
889 1214 1148 1292 committeretur,

180 1297 399 1382 propinquitas
434 1306 610 1362 castrorum
645 1297 783 1362 celerem
818 1299 975 1384 superatis
1003 1319 1045 1363 ex
1071 1296 1150 1380 fuga

180 1391 345 1466 receptum
368 1380 473 1446 dabat.
497 1382 568 1447 Hac
590 1382 632 1446 de
646 1405 744 1448 causa
766 1385 973 1449 constituerat
996 1383 1150 1467 sigusin-

179 1465 355 1531 ierentibus
377 1467 537 1549 resistere,
583 1469 649 1532 rior
670 1467 792 1553 proelio
814 1491 879 1534 non
900 1467 1070 1533 lacessere.

170 1583 172 1588 ·
244 1551 296 1615 83.
320 1551 417 1616 Acies
451 1561 520 1616 erat
552 1490 729 1618 leoniana
762 1553 881 1639 duplex
915 1553 1076 1638 legionum
1105 1559 1150 1634 V;

178 1637 308 1702 tertium
319 1638 353 1700 in
365 1636 513 1700 subsidiis
526 1635 631 1702 locum
646 1639 766 1707 alariae
781 1639 928 1705 cohortes
944 1637 1150 1719 obtinebant;

180 1721 329 1790 (lassaris
344 1721 476 1807 triplex3
492 1721 549 1786 sed
556 1724 694 1808 primam
701 1727 803 1790 aciem
812 1734 986 1811 quaternae
1001 1723 1150 1788 cohortes

179 1829 221 1871 ex
252 1815 278 1870 V
307 1806 487 1894 legionibus
513 1808 675 1892 tenebant,
708 1811 767 1876 has
797 1809 1007 1874 subsidiariae
1039 1817 1151 1873 ternae

179 1899 211 1956 et
232 1913 343 1957 rursm
366 1892 449 1959 alise
477 1893 609 1958 totidem
639 1917 715 1960 suae
738 1897 891 1981 cuiusque
913 1895 1052 1980 legionis
1075 1891 1150 1958 sub·

179 1977 411 2063 sequebantur-3
435 1980 591 2063 sagittarii
612 1979 851 2066 funditoresque
881 1981 986 2044 media
1008 1981 1150 2044 contine·

178 2061 296 2127 bantur
318 2065 396 2146 acie,
420 2067 580 2150 equitatus
595 2065 696 2131 latera
716 2065 872 2151 cingebat.
897 2063 970 2129 Tali
990 2065 1152 2128 instructa

179 2148 248 2212 acie
276 2157 385 2214 tenere
412 2158 547 2236 uterque
569 2155 768 2236 propositum
797 2150 981 2216 videbatur:
999 2167 1001 2173 ·
1017 2148 1149 2231 Caesar,

178 2255 219 2296 ne
241 2233 304 2296 nisi
326 2243 454 2299 coactus
476 2233 634 2320 proelium
657 2237 883 2318 committeret;
906 2235 970 2316 ille,
993 2244 1028 2298 ut
1050 2254 1151 2319 opera

179 2315 329 2382 Caesaris
351 2318 530 2404 impediret
553 2320 744 2386 Producitur
765 2331 833 2384 tum
855 2341 918 2403 res,
942 2320 1092 2404 aciesque
1108 2317 1151 2382 ed

178 2401 255 2465 solis
288 2424 437 2468 occasum
471 2407 686 2470 continentur:
720 2404 795 2469 inda
827 2407 953 2491 utrique
982 2406 1015 2468 in
1043 2411 1151 2468 castra

179 2486 353 2565 discedunt.
382 2489 516 2554 Postero
543 2491 595 2556 die
625 2492 814 2556 munitiones
844 2491 1004 2556 institutas
1028 2487 1150 2552 ansar

176 2581 271 2656 parat
292 2575 464 2657 perficer03
492 2575 539 2638 illi
560 2576 680 2640 vadum
706 2576 845 2640 fluminis
875 2563 992 2640 Sicoris
1014 2581 1148 2646 tentare,

178 2657 206 2719 si
227 2660 364 2722 transire
386 2668 526 2745 possent.
551 2660 673 2740 Quare
689 2661 912 2726 animadversa
932 2659 1054 2726 Caesar
1069 2657 1148 2722 Ger·

176 2763 288 2806 manos
316 2743 397 2808 levis
427 2754 610 2810 annanrrae
638 2747 842 2894 equitumque
898 2756 1000 2810 artem
1028 2743 1149 2808 flumen

176 2828 294 2892 traiioit
317 2829 511 2915 crebrasque
532 2831 567 2894 in
588 2830 666 2916 ripis
690 2841 779 2896 custo
803 2833 851 2895 ias
897 2833 904 2846 ’
923 2832 1022 2917 ponit.

241 2913 293 2977 84.
316 2913 462 2978 Tandem
480 2917 623 2981 omnibus
638 2915 736 2981 rebus
758 2916 891 2998 obsessi,
916 2925 1062 3002 quartum
1083 2912 1150 2976 iam

177 2997 261 3061 diem
284 2999 493 3099 sinepabulo
508 3002 641 3066 retentis
656 3002 815 3084 iumentis,
839 3023 950 3087 aquas,
974 3001 1146 3085 lignorum,

175 3082 325 3148 frumenti
361 3085 472 3170 inopia
508 3085 589 3150 collo
613 3087 699 3150 uium
736 3095 849 3172 petunt
882 3095 914 3150 et
944 3086 988 3168 id,
1023 3085 1050 3147 si
1077 3083 1148 3146 fieri
1257 3099 1258 3133 t

174 3168 285 3253 possit,
313 3179 435 3234 semoto
465 3193 486 3234 a
512 3169 604 3234 militi
627 3193 665 3236 us
694 3171 776 3235 loco.
805 3171 871 3236 Ubi
898 3171 932 3234 id
961 3193 981 3234 a
1008 3169 1149 3234 (laesere

174 3260 327 3338 negatum
356 3262 397 3335 et,
432 3255 539 3340 palam
576 3257 604 3319 si
633 3255 772 3342 colloqui
799 3256 929 3338 vellent,
960 3273 1147 3320 concessum

177 3347 235 3419 est,
259 3337 351 3401 datur
373 3338 493 3404 obsidis
508 3339 579 3404 ioco
595 3339 728 3406 Caesari
747 3341 831 3406 filius
854 3340 989 3406 Afranii.
1012 3339 1150 3404 Venitur
1206 3333 1214 3360 ¹
1256 3387 1257 3425 p

174 3419 209 3482 in
232 3443 305 3485 eum
326 3421 441 3507 locum,
465 3446 560 3510 quem
583 3425 855 3512 Caesar-delegit
878 3426 1038 3492 Audiente
1060 3433 1149 3490 utro·
