2532 3968
457 225 713 298 PRAEFATIO.
1013 221 1061 300 Li

118 403 278 469 manens
300 405 334 468 in
362 401 465 469 locum
494 403 680 468 sanandum¹
695 405 843 469 coniecit:
875 405 933 484 quo
963 395 1061 494 nequii
1138 449 1141 458 ·

116 496 263 569 frumento
291 495 323 553 in
351 495 488 556 nonnis
516 501 605 554 nont
631 502 865 568 sopetesque
893 496 1011 556 muttum
1039 507 1061 553 u

119 581 285 638 maturitate
296 580 424 638 oberunt
430 572 542 649 ;nulla
553 573 715 639 enimhuic
723 575 921 640 coniecturae
929 595 970 638 ex
980 573 1061 639 tius

118 681 222 722 rarum
251 657 454 724 similitudine
484 662 653 724 auctoritas
681 659 811 725 accedit.
848 657 1061 724 Verisimilius

119 742 240 809 videtur
267 765 364 822 neque
393 743 599 830 depravatum
626 766 696 810 esse
718 767 760 808 ex
781 766 925 824 nouoque.
963 738 1058 813 Prae·

119 837 204 894 terea
230 827 398 915 displicere
423 838 555 894 necesse
577 839 625 894 est
645 829 745 896 verba
774 839 805 894 tn
827 837 975 916 hibernis:
996 826 1060 908 Qui

119 920 243 979 tiburno
265 935 336 977 cum
358 913 584 1000 Oudendorpio
606 922 719 979 horreo
741 913 825 978 dicta
840 937 914 980 esse
930 915 1059 1000 iaciunt,

119 999 160 1080 ,in
182 998 294 1086 quibus
315 999 505 1064 frumentum
533 1001 695 1085 provisum
724 1001 756 1063 in
785 1001 919 1065 hiemem
947 998 1062 1074 conde-

119 1083 230 1165 batur‘,
251 1105 294 1148 ex
314 1083 447 1149 libidine
468 1107 533 1149 non
554 1107 595 1149 ex
615 1085 736 1150 ratione
765 1094 797 1151 et
823 1107 883 1150 usu
909 1091 1059 1166 statuunt,

119 1178 150 1232 et
172 1171 336 1255 quominus
352 1191 423 1233 cum
436 1169 581 1234 Kranero
596 1178 626 1234 in
644 1175 779 1236 bibernis
794 1179 975 1318 corruptum
990 1189 1061 1248 essu

119 1276 159 1318 ex
186 1256 255 1339 ipso
283 1263 313 1318 in
342 1262 463 1320 horreis
492 1257 720 1337 existimemus,
747 1256 861 1320 iterum
898 1257 1061 1319 itterarumT

119 1339 329 1424 discrepantia
344 1339 457 1422 obstat,
473 1361 553 1442 quae
567 1341 664 1404 nimia
676 1351 733 1421 est,
750 1363 842 1427 quam
858 1363 938 1428 quae
953 1339 1061 1404 oculos
1096 1397 1098 1404 ,

117 1423 227 1488 fallere
247 1427 394 1510 potuerit.
427 1426 541 1490 Ammo
564 1436 669 1490 autem
688 1425 756 1490 falti
774 1427 884 1511 potuit
911 1423 1083 1489 librarius

117 1508 201 1572 male
223 1508 343 1591 doctus,
366 1511 394 1573 si
415 1513 553 1596 genuina
567 1513 723 1596 scriptura
747 1533 794 1576 ex
815 1518 1061 1599 biberniserstt

117 1595 356 1683 praepositionis
379 1597 462 1659 enim
484 1599 549 1660 vim
564 1619 660 1684 quum
677 1596 832 1682 dispicere
853 1597 1006 1682 nequiret,
1022 1613 1062 1660 eu

121 1701 193 1742 cum
224 1688 255 1744 in
290 1684 500 1746 commutavit.
540 1681 650 1767 Itaque
678 1683 805 1766 scripsi:
841 1687 964 1762 Tempus
997 1691 1064 1758 not

120 1772 455 1852 autemdiffleiltimum,
481 1788 538 1846 quo
560 1787 657 1848 neque
676 1774 826 1847 frumento
852 1789 899 1832 eu
925 1771 1062 1831 hibernis

117 1857 213 1924 erunt
238 1871 414 1932 nouoque
435 1861 555 1918 muttum
576 1875 596 1918 a
617 1861 785 1917 maturitate
807 1858 934 1917 oberunt
952 1887 1005 1934 -,
1027 1859 1061 1915 et

117 1935 284 2017 ,intimante
306 1959 347 2001 ex
367 1936 520 2002 hibernis‘
535 1961 572 2002 ea
587 1938 649 2002 dici
663 1947 748 2025 puto,
772 1959 853 2024 quae
876 1935 1063 2022 Caesariani

117 2041 159 2086 ex
181 2021 312 2086 Gallicis
334 2023 474 2086 hibernis
496 2025 529 2087 in
544 2023 730 2108 Hispaniam
753 2044 859 2088 secum
876 2030 1060 2086 evexerant.

20 2183 25 2190 .
183 2105 219 2170 Ο.
241 2105 283 2170 53
304 2107 343 2171 N.
367 2109 504 2192 scripsit:
536 2113 631 2172 Multo
659 2130 782 2174 rumore
803 2115 1061 2186 odfinpeoontur,

116 2191 161 2254 At
182 2191 255 2256 libri
277 2193 476 2258 consentiunt
495 2195 529 2258 in
550 2195 684 2280 simplici
705 2193 804 2260 verbo
822 2199 991 2272 stupebunt,
1015 2192 1038 2279 (

116 2277 199 2341 Leid
220 2301 267 2363 pr.
287 2278 453 2365 finpeoot),·
474 2280 580 2366 itaque
598 2286 792 2358 finpebontur
814 2278 908 2343 edidi.

179 2360 219 2427 C.
246 2363 288 2427 58
316 2365 391 2431 ferri
412 2374 589 2450 nequeunt,
613 2387 692 2451 quae
720 2366 754 2428 in
776 2363 865 2429 libris
895 2363 1060 2448 leguntur:

115 2455 186 2530 Ipsi
206 2453 415 2514 Massilienses
438 2463 467 2516 et
486 2457 637 2516 celeritate
659 2459 779 2515 nonium
801 2463 829 2514 et
850 2457 978 2514 scientio
1003 2470 1060 2526 pu-

116 2541 311 2600 bernotorum
327 2543 437 2612 confisi
446 2548 569 2601 nostros
590 2543 748 2601 eludebant
762 2543 945 2616 impetusque
961 2545 1063 2598 eorum

117 2627 388 2700 excipiebant.
421 2621 538 2686 Hostes
561 2623 644 2686 enim
658 2643 722 2686 non
736 2622 798 2685 nisi
812 2629 877 2684 tum
892 2626 1061 2700 eluduntur,

117 2727 216 2790 quum
238 2727 346 2770 eorum
370 2707 505 2793 impetus
535 2697 595 2772 nob
619 2705 827 2789 'excipiuntnn
860 2702 1062 2788 Quapropter

115 2789 330 2876 Nipperdeius
353 2799 541 2873 decipiebant
555 2791 650 2856 scribi
664 2793 764 2875 iussit,
787 2790 843 2855 sed
857 2789 965 2854 dubito
986 2807 1063 2852 num

114 2873 173 2938 ille
195 2875 365 2940 flustrandi
387 2899 497 2942 sensus
519 2899 612 2962 quem
627 2878 700 2942 huic
720 2876 818 2942 verbo
833 2877 939 2942 inesse
952 2873 1062 2954 voluit,

116 2980 192 3024 cum
218 2963 340 3026 ratione
367 2971 398 3025 et
426 2985 485 3026 usu
515 2973 673 3047 congruat.
705 2961 915 3027 Verisimilius
936 2959 1062 3024 videtur

115 3046 293 3112 Caesarem
308 3048 489 3132 scripsisse:
514 3057 696 3129 impetusque
714 3069 815 3112 eortina
837 3051 1062 3118 eurietion&

115 3131 205 3216 quod
227 3133 310 3200 enim
334 3133 549 3206 Massilienses
579 3131 788 3200 Caesarianos
819 3130 1002 3213 eludebant,
1028 3130 1063 3192 in

115 3237 158 3280 eo
179 3219 376 3302 potissimum
398 3217 595 3299 semebatur,
623 3220 706 3304 quod
728 3220 863 3304 impetus
879 3237 986 3282 eorum
1008 3235 1062 3278 ex-

115 3301 246 3367 ciebant
266 3326 327 3368 nec
349 3303 462 3368 deinde
485 3303 699 3388 excipiebant,
730 3326 825 3389 quum
854 3303 887 3366 id
907 3308 1061 3388 peterent,

113 3398 154 3450 ut
183 3390 282 3456 aciem
311 3389 524 3453 Romanorum
546 3387 705 3454 solverent
734 3386 938 3474 singulasque
964 3405 1062 3450 naves

112 3474 393 3624 circurrpI’enirent.
446 3475 556 3561 Neque
589 3497 652 3540 non
690 3482 777 3560 patet
808 3471 970 3538 oculorum
1009 3468 1063 3534 vel

143 3578 225 3618 esem
261 3609 267 3624 .
894 3581 909 3632 ,1
