2562 3970
214 219 251 282 14
491 218 552 282 DE
574 219 718 285 BELLO
740 217 873 284 CIVILI

209 387 425 474 eruptionibus
447 399 589 470 caveant,
612 389 777 456 sedetiam
792 387 987 472 singulorum
1002 388 1165 453 hominum

208 473 347 538 occultos
371 475 473 538 extus
496 485 667 540 asservent.
710 475 821 559 Neque
843 496 918 537 vero
940 483 1006 537 tam
1027 475 1162 536 remisso

207 580 246 622 ac
266 558 417 644 languido
440 559 544 623 animo
599 562 743 646 uisquam
776 560 915 623 omnimo
947 559 1012 639 fuit,
1046 559 1165 642 quiea

206 653 299 708 nocte
325 645 550 728 conquieverit.
613 655 686 724 anta
718 654 786 709 erat
818 665 958 708 summae
979 665 1086 708 rerum
1108 665 1163 706 ex·

207 730 369 815 spectatio,
403 738 438 794 ut
470 729 549 794 alius
582 732 615 793 in
648 729 742 794 aliam
774 737 896 814 partem
929 739 1034 792 mente
1066 737 1164 812 atque

206 815 310 878 animo
343 814 528 895 traheretur,
586 814 642 879 uid
673 816 750 900 ipsis
784 812 1041 896 Corfiniensibus,
1086 812 1164 898 quid

204 899 355 982 Domitio,
379 901 455 986 quid
475 837 621 979 LentrllO‚
656 900 732 987 quid
752 899 881 984 reliquis
905 898 1072 980 accideret,
1106 899 1163 984 qui

206 1006 284 1071 quos
307 1007 347 1048 ue
369 996 499 1050 eventus
522 987 711 1071 exciperent.
766 1041 774 1056 χ

268 1008 320 1134 2l.
344 1069 465 1148 Quarta
483 1071 592 1156 vigilia
624 1072 748 1134 circiter
773 1067 926 1135 Lentulus
948 1067 1098 1155 Spinther
1119 1067 1161 1134 de

204 1177 295 1220 muro
317 1176 390 1220 cum
410 1155 526 1240 vigiliis
549 1155 795 1240 custodibusque
816 1155 933 1218 nostris
956 1153 1160 1240 colloquitur:

204 1239 296 1322 velle,
334 1243 361 1304 si
397 1241 458 1306 sibi
493 1242 548 1305 fiat
582 1251 730 1327 potestas,
769 1238 939 1305 Caesarem
975 1241 1156 1303 convenire.

204 1325 302 1390 Facta
333 1336 486 1412 potestate
519 1347 560 1390 ex
592 1326 707 1412 oppido
736 1327 877 1408 mittitur,
909 1347 1014 1412 neque
1046 1323 1087 1388 ab
1120 1347 1160 1390 eo

204 1412 290 1496 prius
312 1411 485 1478 Domitiani
506 1411 622 1477 milites
644 1411 819 1492 discedunt,
853 1433 949 1496 quam
969 1411 1004 1474 in
1025 1430 1156 1496 conspe-

204 1505 289 1560 ctum
311 1495 458 1562 Caesaris
481 1497 664 1570 deducatur.
687 1496 794 1576 Quum
808 1519 881 1560 eum
901 1496 941 1560 de
970 1495 1072 1560 sabito
1098 1516 1158 1558 sua

116 1643 119 1658 ,
203 1590 273 1646 orat
294 1591 389 1668 atque
411 1582 566 1665 obsecrat,
588 1592 622 1646 ut
645 1581 705 1646 sibi
725 1591 845 1668 parcat,
868 1591 1009 1646 veterem
1032 1600 1156 1666 quoque

203 1668 371 1732 amicitiam
404 1677 625 1734 commemorat
659 1667 805 1733 Caesaris
828 1689 868 1732 ue
890 1669 924 1731 in
946 1689 981 1732 se
1002 1665 1158 1731 beneficia

202 1755 347 1838 exponit3
370 1775 451 1838 quae
466 1763 557 1818 erant
571 1754 722 1818 maxima:
745 1691 830 1838 quod
844 1775 901 1838 per
915 1775 987 1818 eum
1008 1755 1041 1818 in
1063 1750 1156 1818 colle·

201 1839 288 1922 glum
309 1839 491 1923 pontificum
505 1847 646 1920 venerat,
663 1838 747 1923 quod
760 1839 957 1923 provinciam
968 1837 1157 1923 Hispaniam

201 1945 242 1988 ex
263 1933 413 2008 praetura
432 1923 596 2005 habuerat,
630 1923 714 2008 quod
734 1924 768 1986 in
795 1925 945 2009 petitione
974 1917 1155 1988 consulatus

201 2018 269 2074 erat
291 2007 483 2074 sublevatus.
507 2008 604 2074 Cuius
620 2010 793 2075 orationem
816 2008 935 2073 Cacsar
956 2006 1155 2094 interpellat:

201 2113 236 2158 se
257 2115 321 2158 non
341 2093 488 2158 maleficii
510 2116 606 2158 causa
626 2116 666 2158 ex
693 2095 858 2179 provincia
890 2117 907 2157 e
948 2115 1061 2174 essum,
1097 2094 1155 2158 sed

200 2179 246 2244 uti
267 2201 302 2243 se
323 2193 350 2243 a¹
364 2179 561 2244 contumeliis
588 2180 785 2244 inimicorum
814 2179 907 2244 defen
931 2189 1006 2260 eret,
1040 2191 1075 2244 ut
1102 2179 1155 2244 tn·-

200 2262 301 2328 bunos
323 2263 425 2348 plebis
447 2265 480 2328 in
502 2287 541 2329 ea
562 2288 598 2330 re
621 2287 661 2330 ex
684 2265 809 2329 civitate
838 2263 986 2350 expulsos
1008 2265 1041 2328 in
1064 2286 1155 2328 suam

199 2347 383 2434 dignitatem
411 2352 600 2432 restitueret,
633 2359 668 2414 ut
690 2371 724 2414 se
747 2359 779 2413 et
800 2350 949 2435 populum
978 2349 1156 2416 Romanum

198 2433 333 2498 factione
354 2457 527 2520 paucorum
549 2457 734 2521 oppressum
755 2437 788 2498 in
811 2435 992 2500 libertatem
1013 2434 1154 2500 vindica

199 2527 257 2582 ret.
302 2519 399 2583 Ouius
421 2522 562 2586 oratione
584 2521 785 2586 confirmatus
806 2519 971 2604 Lentulus,
994 2521 1076 2584 utin
1099 2541 1155 2606 op·

72 2681 77 2688 ,
198 2603 306 2688 pidum
328 2607 444 2669 reverti
465 2605 569 2682 liceat,
592 2607 684 2691 petit:
715 2605 799 2688 quod
825 2605 865 2670 de
892 2627 958 2669 sua·
972 2603 1073 2669 salute
1096 2606 1154 2670 im·

183 2737 186 2760 ,
198 2691 377 2774 patraverit,
401 2691 468 2754 fore
491 2693 584 2754 etiam
606 2689 736 2776 reliquis
759 2691 800 2755 ad
817 2713 907 2755 suam
925 2689 1155 2776 spemsolati03

197 2774 276 2840 adeo
300 2797 369 2840 esse
390 2777 573 2862 perterritos
595 2776 774 2859 nonnullos,
796 2786 831 2840 ut
853 2798 928 2840 suae
943 2777 1027 2840 vitae
1043 2775 1154 2840 durius

198 2859 362 2926 consulere
385 2871 546 2945 cogantur.
568 2861 668 2924 Facta
688 2871 843 2948 potestate
865 2861 1007 2925 discedit.

259 2945 311 3010 23.
335 2945 462 3028 Caesar,
484 2945 539 3009 ubi
566 2945 655 3028 luxit,
693 2969 801 3010 omncs
834 2956 995 3011 senatores
1029 2955 1153 3014 senato·

197 3053 331 3116 rumque
354 3029 482 3112 liberos,
505 3031 648 3096 tribunos
668 3032 806 3096 militum
832 3033 1016 3119 equitesque
1037 3031 1153 3098 Roma·

195 3139 254 3182 nos
276 3115 317 3192 ad
340 3137 374 3184 se
395 3116 527 3202 produci
548 3115 646 3180 iubet.
676 3117 778 3182 Erant
801 3119 1044 3204 quinquaginta3
1068 3118 1154 3186 ordi·

195 3202 245 3264 nis
267 3209 416 3266 senatorii
435 3201 472 3265 L.
494 3201 661 3284 Domitius,
694 3202 729 3266 P.
745 3201 900 3266 Lentulus
921 3201 1079 3288 Spinther,
1113 3203 1153 3270 L.

195 3284 354 3350 Vibullius
375 3285 484 3368 Rufius,
512 3285 586 3351 Sex.
610 3286 781 3366 Quintilius
804 3287 908 3352 Varus
932 3297 1091 3374 quaestor,
1113 3289 1154 3354 L.

196 3369 349 3453 Rubrius3
381 3381 547 3456 praeterea
566 3371 650 3436 filius
672 3372 806 3438 Domitii
826 3371 943 3459 aliique
972 3372 1153 3461 complures

197 3451 413 3522 adolescentes
436 3465 467 3521 ct
489 3477 622 3543 magnus
643 3479 792 3523 numerus
822 3459 971 3546 equitum,
989 3457 1152 3526 Romano·
