2532 3968
359 193 493 261 OOMM.
516 195 579 261 VH
601 195 695 262 OAP.
718 197 855 265 87-90.
1024 200 1086 311 1β9

128 365 210 430 duci.
253 365 327 452 Ipse
347 367 389 449 in
417 369 590 432 munitione
618 391 676 454 pro
710 372 820 434 castris
855 371 1013 436 consedit:
1048 394 1086 438 eo

128 452 224 517 duces
239 451 470 538 producuntur3
485 453 728 538 Vercingetorix
740 455 872 539 deditur,
889 478 977 522 arma
990 459 1085 543 proii-

127 540 261 602 ciuntur.
305 537 485 602 Reservatis
512 539 655 604 Haeduis
678 551 772 625 atque
793 540 956 624 Arvernis,
981 546 1087 628 siper

128 645 182 690 eos
216 625 358 708 civitates
392 645 581 710 recuperare
623 635 745 711 posset,
790 648 831 689 ex
864 625 1008 714 reliquis
1036 650 1086 692 ca·

149 711 315 858 tivisb‘toto
344 711 496 774 exercitui
518 713 621 796 capita
649 710 774 795 singula
798 711 938 797 praedae
959 715 1086 780 nomine

151 797 218 859 ‘stri
241 796 295 858 uit.

191 880 241 944 90.
265 880 324 944 His
346 879 442 944 rebus
465 881 614 945 confectis
636 883 669 945 in
691 880 842 946 Haeduos
863 885 1086 968 proficiscitur3

127 967 287 1031 civitatem
308 967 375 1030 reci
397 967 430 1028 it.
474 965 523 1030 Eo
545 965 575 1030 le
598 969 640 1030 ati
663 968 703 1032 ab
718 967 872 1030 Arvernis
894 970 984 1034 missi
1006 991 1086 1057 quae

126 1054 297 1138 imperaret
319 1073 353 1114 se
375 989 511 1116 lecturos
533 989 730 1138 pollicentur.
774 1052 914 1138 Imperat
935 1077 1086 1140 magnum

126 1159 292 1202 numerum
314 1136 469 1202 obsidum.
513 1136 670 1222 Legiones
685 1139 719 1200 in
733 1137 866 1208 hiberna
887 1140 989 1203 mittit.
1027 1139 1087 1204 Ca·

126 1225 285 1309 ptivorum
311 1222 436 1286 circiter
464 1223 576 1308 viginti
603 1223 691 1287 milia
711 1223 853 1287 Haeduis
870 1223 1087 1312 Arvernisque

126 1307 241 1373 reddit.
287 1307 394 1374 Titum
415 1307 592 1372 Labienum
615 1307 738 1373 duabus
761 1330 832 1372 oum
855 1307 1032 1394 legionibus
1055 1320 1088 1377 ct

128 1395 270 1482 equitatu
291 1395 325 1456 iu
352 1391 526 1480 Sequanos
544 1394 702 1480 proficisci
723 1393 827 1458 iubet:
850 1393 924 1458 huic
945 1395 1088 1460 Marcum

128 1479 354 1565 Sempronium
370 1478 510 1542 Rutilum
533 1478 684 1543 attribuit.
722 1477 838 1544 Gaium
852 1479 987 1545 Fabium
1002 1481 1087 1566 lega·

127 1574 248 1630 tumet
274 1564 409 1628 Lucium
435 1564 610 1630 Minucium
637 1564 780 1629 Basilum
809 1586 881 1629 cum
909 1565 1087 1651 legionibus

128 1650 250 1716 duabus
283 1655 314 1712 in
345 1649 452 1714 Remis
486 1649 632 1733 collocat,
668 1673 708 1713 ne
742 1672 835 1736 quam
870 1649 910 1714 ab
946 1651 1087 1716 finitimis

126 1735 307 1802 Bellovacis
338 1735 549 1800 calamitatem
571 1739 638 1800 acci
662 1737 734 1800 iant.
780 1735 894 1800 Gaium
917 1735 1088 1800 Antistium

99 1853 113 1870 ν
128 1823 285 1908 Reginum
307 1821 340 1884 in
361 1819 590 1904 Ambilaretos‚
620 1759 727 1884 ultum
749 1819 892 1885 Sextium
914 1823 947 1885 in
969 1821 1087 1886 Bituri-

3 1985 29 1992 ‚,
127 1930 194 1994 ges,
219 1905 333 1972 Gaium
356 1905 524 1970 Caninium
545 1906 693 1972 Rebilum
714 1907 747 1970 in
770 1907 910 1971 Rutenos
933 1929 1003 1970 cum
1026 1908 1100 1986 sin-¹

128 1992 212 2080 gulis
233 1991 411 2076 legionibus
433 1993 536 2056 mittit
574 1991 726 2072 Quintum
746 1991 886 2055 Tullium
902 1991 1089 2058 Ciceronem

130 2087 162 2142 et
183 2077 331 2142 Publium
349 2076 523 2163 Sulpicium
541 2077 698 2142 Cabilloni
720 2086 751 2142 et
762 2077 935 2142 Matiscone
957 2079 991 2141 in
1005 2077 1089 2142 Hae·

129 2164 200 2228 duis
223 2163 264 2226 ad
275 2163 399 2227 Ararim
420 2165 468 2227 rei
488 2163 712 2228 frumentariae
735 2184 830 2226 causa
851 2161 993 2227 collocat.
1015 2162 1089 2249 Ipse

127 2249 279 2314 Bibracte
304 2249 445 2313 hiemare
467 2250 637 2313 constituit.
673 2247 734 2311 His
757 2270 795 2312 ex
821 2246 934 2312 litteris
957 2249 1089 2330 cognitis

128 2335 248 2401 Romae
271 2333 394 2398 dierum
411 2333 527 2422 'viginti
549 2333 733 2420 supplicatio
754 2332 905 2398 redditur.
