2538 3978
364 233 499 298 COMM.
522 231 569 296 III
592 232 685 297 CAP.
711 233 885 296 roc-109.
1045 234 1109 297 135*

107 466 109 470 ,
148 404 284 490 primum
306 404 390 468 inter
412 425 485 467 suos
509 405 599 489 queri
621 397 715 489 atque
742 404 902 490 indignari
924 405 1028 488 coepit
1056 426 1105 470 re-

148 511 222 575 gem
244 489 285 552 ad
306 485 432 552 causam
456 488 623 552 dicendam
646 491 787 570 evocari3
811 489 924 552 deinde
947 489 1105 553 adiutores

149 574 304 660 quosdam
325 573 447 640 consilii
471 575 520 636 sui
541 584 652 638 nactus
676 597 716 639 ex
736 576 820 658 regis
844 577 954 638 amicis
986 575 1105 636 exerei-

147 667 212 723 tum
237 683 256 723 a
287 659 413 723 Pelusio
446 658 529 722 clam
561 659 787 723 Alexandriam
827 662 972 724 evocavit
1011 659 1122 743 atquc'

149 745 284 808 eundem
306 744 476 825 Achillam,
502 747 590 808 cuius
609 768 705 830 supra
726 746 935 826 meminimus,
959 743 1105 809 omnibus

148 831 246 916 copiis
268 829 429 915 praefecit.
460 831 555 893 Hunc
584 832 745 893 incitatum
768 831 832 894 suis
856 839 887 896 et
908 831 993 916 regis
1014 829 1105 894 infla·

148 923 213 978 tum
235 915 523 1001 pollicitationibus,
552 937 633 1000 quae
655 917 726 978 fieri
746 915 853 996 vellet,
887 915 1001 981 litteris
1025 937 1105 978 nun-

149 1002 262 1087 tiisque
286 1001 421 1066 edocuit.
444 1000 481 1062 In
496 1009 683 1064 testamento
699 1000 871 1065 Ptolemaei
892 1003 991 1086 patris
1014 1001 1104 1064 here-

150 1085 205 1148 des
228 1097 318 1150 erant
341 1088 448 1172 scripti
472 1107 513 1148 ex
536 1085 658 1149 duobus
686 1084 758 1150 filiis
791 1088 891 1151 maior
913 1095 944 1150 et
966 1109 1008 1150 ex
1029 1085 1105 1148 dua-

149 1169 208 1234 bus
230 1169 356 1236 filiabus
380 1195 427 1253 ea,
451 1193 531 1256 quae
554 1181 657 1234 aetate
685 1172 900 1235 antecedebat.
942 1172 1033 1236 Haec
1059 1173 1105 1234 uti

148 1255 268 1338 fierent,
290 1279 349 1342 per
364 1256 566 1320 omnes'deos
578 1279 698 1342 perque
720 1257 857 1339 foedera,
882 1279 962 1344 quae
984 1257 1104 1320 Rornae

148 1341 283 1424 fecisset,
307 1342 416 1406 eodem
440 1351 626 1404 testamento
650 1341 847 1408 Ptolemaeus
869 1343 1019 1428 populum
1041 1341 1100 1404 Ro-

147 1448 276 1490 manum
298 1425 523 1492 obtestabatur.
561 1426 704 1490 Tabulae
736 1429 919 1492 testamenti-
937 1450 1018 1492 unae
1045 1449 1104 1512 per

149 1509 268 1597 legatos
291 1515 357 1577 eius
379 1513 512 1578 Romam
533 1522 625 1574 erant
646 1511 771 1592 allatae,
795 1515 884 1577 utin
906 1514 1027 1576 aerario
1049 1533 1103 1597 po·
1119 1559 1134 1572 t

148 1597 298 1660 narentur
321 1597 404 1684 (hae,
439 1619 535 1682 quum
562 1607 691 1682 propter
712 1597 857 1682 publicas
880 1598 1103 1684 occupationes

147 1682 224 1767 poni
245 1704 308 1746 non
322 1685 506 1768 potuissent,
530 1682 615 1767 apud
628 1683 813 1768 Pompeium
828 1691 901 1746 sunt
915 1681 1103 1769 depositae),

80 1815 82 1819 .
149 1765 267 1830 alterae
301 1769 412 1831 eodem
445 1767 592 1853 exemplo
623 1767 755 1833 relictae
788 1777 883 1854 atque
917 1767 1103 1853 obsignatae

147 1851 364 1916 Alexandriae
408 1852 638 1918 referebantur.
942 1921 945 1927 ,

214 1937 285 2002 109.
321 1937 373 2003 De
385 1877 445 2003 liis
467 1937 563 2022 rebus
586 1961 681 2024 quum
705 1948 852 2024 ageretur
881 1939 966 2024 apud
988 1937 1103 2002 Caesa-

146 2044 223 2105 rem,
246 2025 336 2110 isque
358 2025 496 2088 maxime
518 2022 615 2088 vellet
636 2047 693 2110 pro
717 2027 876 2088 communi
892 2025 993 2090 amico
1009 2033 1103 2108 atque

148 2107 267 2172 arbitro
291 2111 521 2175 controversias
543 2131 653 2192 regum
671 2131 869 2195 componere,
894 2110 997 2174 subito
1014 2131 1103 2173 exer-

147 2193 227 2256 citus
250 2196 356 2278 regius
379 2197 598 2280 equitatusque
621 2196 722 2258 omnis
744 2197 855 2259 venire
876 2195 1103 2260 Alexandriam

148 2280 319 2342 nuntiatur.
355 2279 501 2344 Caesaris
525 2282 633 2365 copiae
655 2302 854 2366 nequaquam
877 2289 966 2344 erant
987 2289 1101 2360 tantae,

147 2365 239 2426 uteie
253 2373 344 2428 extra
356 2366 517 2451 oppidum,
541 2367 568 2428 si
589 2376 672 2429 esset
684 2366 904 2449 dimicandum,
921 2365 1102 2430 confideret.

147 2447 404 2535 Relinquebatur,
439 2460 475 2514 ut
496 2472 530 2513 se
554 2451 618 2514 suis
641 2450 718 2515 locis
742 2453 858 2550 oppido
886 2461 1008 2516 teneret
1029 2473 1103 2514 con-

151 2533 319 2620 siliumque
340 2535 486 2600 Achillae
509 2547 721 2621 cognosceret.
744 2536 861 2600 Mrlites
872 2547 978 2602 tamen
993 2557 1104 2600 omnes

146 2618 180 2682 in
203 2621 299 2684 armis
322 2643 393 2684 esse
415 2622 507 2684 iussit
528 2643 700 2707 regemque
733 2621 876 2686 hortatus
910 2633 967 2705 est,
1003 2631 1039 2685 ut
1061 2643 1103 2684 ex

145 2705 210 2766 suis
239 2709 425 2769 necessariis
455 2728 532 2793 quos
562 2705 694 2770 haberet
720 2709 879 2772 maximae
906 2708 1101 2772 auctoritatis

69 2850 74 2870 Ι
143 2787 263 2873 legatos
286 2791 327 2854 ad
348 2791 508 2855 Achillam
529 2793 667 2856 mitteret
689 2801 735 2874 et,
780 2793 834 2856 uid
858 2803 942 2858 esset
957 2813 1101 2858 suaevo-

143 2871 283 2960 luntatis,
307 2877 499 2941 ostenderet.
522 2876 553 2939 A
576 2900 636 2962 quo
659 2879 747 2942 missi
759 2816 974 2944 ‘bioseondes
997 2888 1029 2942 et
1044 2876 1100 2942 Se-

141 2962 261 3044 rapion,
295 2963 349 3045 qui
370 2961 463 3026 ambo
485 2961 581 3047 legati
603 2963 722 3027 Romae
743 2963 868 3027 fuerant
889 2984 1101 3049 magnamque

142 3045 226 3130 apud
281 3055 380 3110 atrem
411 3046 628 3112 Ptolemaeum
661 3050 881 3114 auctoritatem
913 3049 1100 3128 habuerant,

142 3129 184 3192 ad
206 3069 366 3198 Achillam
388 3142 610 3217 pervenerunt.
646 3134 733 3213 Quos
756 3132 820 3217 ille,
852 3157 948 3220 quum
970 3135 1003 3197 in
1027 3154 1099 3197 con·

141 3224 283 3300 spectum
306 3217 373 3282 eius
395 3220 566 3299 venissent,
589 3219 771 3305 priusquam
788 3221 911 3284 audiret
925 3229 988 3301 aut,
1011 3219 1101 3284 euius

140 3302 195 3363 rei
210 3325 307 3366 causa
328 3304 418 3366 missi
446 3313 562 3386 essent,
598 3313 815 3388 cognosceret,
853 3306 970 3390 corripi
1003 3315 1099 3390 atque

139 3384 273 3452 interfici
295 3389 401 3472 iussit;
439 3411 573 3474 quorum
596 3388 678 3454 alter
700 3399 830 3472 accepto
852 3390 985 3456 vulnere
1008 3411 1098 3454 occu-

139 3480 232 3555 patus
253 3495 312 3560 per
334 3495 407 3538 suos
429 3497 489 3560 pro
512 3476 617 3539 occiso
642 3474 795 3558 sublatus,
820 3474 901 3538 alter
915 3475 1099 3540 interfectus
