2562 3970
456 222 590 288 OOMM.
613 225 630 288 1
653 224 745 289 OAP.
768 225 861 289 3-6.
1113 227 1135 291 5

180 417 288 460 seeum
310 397 482 482 exaequari
509 395 637 460 volebat
664 405 765 476 totum
787 419 821 460 se
844 395 884 460 ab
908 399 976 462 eius
997 399 1135 462 amicitia

180 489 350 545 averterat
363 491 395 544 et
423 503 495 545 eum
528 481 746 546 communibus
775 483 912 546 inimicis
938 484 973 547 in
1000 486 1134 568 gratiam

179 566 325 650 redierat,
350 587 483 653 quorum
503 567 765 651 ipse‘masrimam
786 576 908 652 partem
930 567 984 633 illo
1000 571 1134 634 affinita-

179 653 219 716 tis
241 662 383 736 tempore
412 653 592 715 iniunxerat
615 650 761 734 ansari3
792 652 886 716 simul
907 653 1038 718 infamia
1059 655 1135 720 dua-

179 755 250 800 rum
270 736 429 822 legionum
451 746 621 822 permotus,
652 760 730 824 quas
753 737 793 802 ab
814 738 927 805 itinere
948 739 1046 805 Asiae
1076 739 1134 827 Sy-

179 822 309 909 riaeque
331 822 372 886 ad
395 845 483 886 suam
510 825 682 908 potentiam
715 823 972 911 dominatumque
1002 847 1132 892 conver·

178 915 268 989 terat,
292 929 359 971 rem
381 907 423 971 ad
444 930 533 972 arma
555 908 669 973 deduci
691 909 845 974 studebat.

148 1002 151 1007 '
241 993 271 1056 5.
294 992 354 1056 His
383 993 422 1057 de
452 995 555 1058 causis
589 1004 726 1077 aguntur
759 997 865 1061 omnia
889 997 1003 1081 raptim
1040 1005 1134 1084 atque

164 1077 311 1142 turbate.
351 1078 419 1143 Nee
441 1079 575 1143 dooendi
598 1079 744 1144 Caesaris
766 1082 951 1168 propinquis
973 1083 1041 1147 eius
1065 1105 1134 1169 spa·

176 1165 255 1228 tium
282 1163 383 1244 datur,
417 1185 477 1230 nec
508 1165 643 1230 tribunis
671 1165 774 1251 plebis
797 1168 846 1230 sui
867 1166 1002 1253 periculi
1023 1168 1134 1256 depre-

177 1249 272 1314 candi
293 1271 398 1335 neque
426 1251 521 1314 etiam
551 1254 685 1316 extremi
710 1253 787 1317 iuris
810 1254 1038 1318 intercessione
1059 1255 1132 1318 reti-

175 1334 282 1416 nendi,
320 1334 404 1420 quod
424 1335 461 1398 L.
485 1335 575 1399 Sulla
606 1336 789 1424 reliquerat,
819 1337 952 1402 facultas
973 1338 1131 1422 tribuitur,

176 1419 296 1484 sedda
325 1443 384 1486 sua
411 1420 512 1486 salute
545 1423 680 1508 septimo
713 1423 764 1488 die
794 1424 933 1508 cogitare
966 1435 1132 1510 coguntur,

176 1505 261 1592 quod
281 1504 329 1569 illi
350 1505 611 1571 turbulentissimi
633 1507 847 1594 superioribus
869 1509 1063 1594 temporibus
1078 1511 1133 1574 tri-

173 1591 253 1654 buni
274 1590 378 1676 plebis
400 1591 508 1656 ultimo
531 1593 669 1679 denique
690 1617 800 1659 mense
826 1616 954 1659 suarum
974 1596 1133 1660 actionum

174 1678 334 1762 respicere
357 1697 396 1740 ac
417 1679 528 1742 timere
553 1689 751 1744 consuerant.
779 1678 969 1744 Decurritur
991 1680 1032 1744 ad
1053 1679 1134 1746 illud

176 1771 353 1825 extremum
374 1772 468 1849 atque
489 1763 634 1828 ultimum
656 1764 971 1848 senatusconsultum,
995 1788 1056 1852 quo
1072 1767 1134 1830 nisi

176 1869 278 1932 paene
299 1849 332 1911 in
354 1849 423 1933 ipso
446 1848 534 1913 urbis
562 1851 709 1916 incendio
742 1861 836 1937 atque
858 1852 891 1915 in
913 1851 1133 1937 desperatione

157 1931 316 1997 ¹omnium
344 1933 457 1999 salutis
480 1935 656 2000 *latorum
689 1936 822 2002 audacia
853 1959 1027 2023 numquam
1059 1947 1132 2002 ante

157 2017 363 2082 descensum
400 2030 462 2086 est:
500 2021 576 2086 dent
608 2043 737 2107 operam
767 2021 922 2105 consules,
960 2033 1131 2109 praetores,

174 2102 292 2168 tribuni
313 2102 416 2190 plebis
460 2108 556 2194 uique
573 2129 636 2188 pro
660 2108 842 2173 consulibus
863 2115 927 2172 sint
947 2107 988 2172 ad
1009 2108 1132 2191 urbem,

173 2211 215 2254 ne
237 2189 313 2277 quid
334 2190 452 2276 respub
467 2193 514 2256 'oa
536 2193 715 2258 detrimenti
737 2195 850 2280 capiat.
879 2193 969 2258 Haec
992 2204 1132 2259 senatus·

172 2274 316 2340 consulto
337 2277 578 2361 perscribuntur
599 2303 627 2343 a
651 2279 681 2342 d.
704 2279 767 2344 VH
787 2279 835 2342 Id.
857 2277 926 2343 Ian.
965 2279 1076 2366 Itaque
1102 2279 1134 2344 V

193 2362 282 2426 rimis
305 2360 425 2444 diebus,
449 2363 563 2450 quibus
585 2363 698 2429 haberi
720 2374 849 2429 senatus
870 2367 981 2451 potuit,
1006 2387 1069 2451 qua
1091 2387 1132 2430 ex

195 2449 224 2510 ‘e
247 2445 446 2512 consulatum
467 2450 537 2513 iniit
558 2449 721 2533 Lentulus,
751 2450 849 2515 biduo
879 2461 1014 2536 excepto
1036 2451 1131 2516 eomi-

171 2531 240 2597 tiali
261 2541 294 2597 et
314 2530 354 2595 de
375 2535 509 2619 imperio
532 2533 679 2599 Caesaris
702 2546 733 2600 et
756 2535 795 2600 de
817 2535 1020 2624 amplissimis
1042 2536 1131 2619 viris,

170 2617 307 2682 tribunis
328 2616 442 2703 plebis,
458 2622 644 2706 gravissime
659 2620 926 2707 acerbissimeque
942 2620 1131 2688 decernitur.

171 2699 359 2789 Profugiunt
381 2705 486 2768 statim
508 2728 548 2770 ex
570 2705 648 2772 urbe
670 2706 789 2772 tribuni
810 2706 913 2793 plebis
943 2729 1076 2793 seseque
1091 2705 1133 2771 ad

172 2787 344 2854 Gaesarem
372 2789 545 2855 conferunt.
578 2791 610 2855 Is
633 2814 672 2857 eo
694 2803 836 2879 tempore
864 2802 932 2859 erat
961 2792 1131 2857 Ravennae

172 2873 440 2961 exspectabatque
470 2877 534 2940 suis
563 2877 734 2942 lenissimis
768 2877 935 2963 postulatis
968 2898 1131 2964 responsa,

171 2962 199 3024 si
214 2983 276 3048 qua
290 2959 451 3025 hominum
467 2983 504 3026 ae
527 2966 624 3028 uitate
638 2986 690 3028 res
706 2964 747 3028 ad
762 2964 860 3053 otium
881 2963 996 3029 deduci
1012 2971 1130 3048 posset.

234 3046 263 3110 6.
286 3047 444 3111 Proximis
466 3047 517 3113 die
541 3071 578 3112 us
593 3049 729 3114 habetur
744 3059 835 3114 extra
856 3048 969 3113 urbem
991 3057 1129 3113 senatus.

170 3131 340 3218 Pompeius
363 3133 476 3198 eadem
487 3133 551 3215 illa,
575 3157 657 3220 quae
672 3157 730 3220 per
741 3134 922 3221 Scipionem
937 3133 1129 3216 ostenderat,

170 3219 250 3302 agit3
273 3227 402 3283 senatus
424 3219 576 3284 virtutem
597 3223 867 3306 constantiamque
889 3218 1064 3300 collaudat3
1080 3240 1132 3283 eo·

170 3303 238 3387 pias
261 3327 333 3368 suas
356 3305 500 3389 exponit3
523 3305 665 3391 legiones
680 3305 800 3370 habere
822 3327 894 3370 sese
916 3311 1044 3390 paratas
1066 3303 1130 3386 1x3

169 3399 335 3473 praeterea
364 3390 526 3475 cognitum
554 3401 812 3476 compertumque
841 3390 903 3455 sibi
933 3389 1036 3455 alieno
1059 3411 1130 3453 esse

171 3474 275 3539 animo
289 3477 323 3539 in
338 3474 511 3541 Caesarem
523 3475 639 3540 milites
650 3497 754 3562 neque
769 3477 808 3540 iis
822 3497 917 3563 posse
932 3473 1129 3562 persuaderi,
