2538 3978
352 227 486 334 corrn‘.
510 268 558 333 m
580 268 673 334 cnr.
697 269 831 336 m-ra
1011 271 1073 338 nr
1160 335 1162 340 .

140 462 180 504 ue
205 441 430 524 antesignanos
453 439 619 504 admiscuit
649 447 752 524 CCCG3
783 443 837 528 qui
865 451 985 506 tantum
1006 465 1078 530 pro·

114 463 268 607 lecerunt,
284 536 318 588 ut
333 527 469 611 equestri
481 525 601 611 proelio
617 527 784 590 commisso
800 526 954 612 pellerent
969 550 1078 594 omnes

116 609 356 696 compluresque
383 611 596 676 interficerent
623 613 747 698 ipsique
776 611 948 677 incolumes
981 613 1080 678 seed

115 717 231 782 agmen
252 697 439 780 reciperent:

183 781 231 846 76.
257 779 407 846 Confecto
423 783 504 846 iusto
533 781 644 845 itinere
667 783 734 846 eius
763 781 834 866 diei,
860 783 944 870 quod
965 805 1080 872 propo·

115 862 237 948 suerat,
266 866 387 930 Caesar
414 867 620 952 traductoque
657 868 797 931 exercitu
824 865 943 932 flumen
973 868 1080 934 Genu-

117 974 188 1015 sum
221 951 382 1016 veteribus
416 953 479 1016 suis
512 953 546 1015 in
579 954 688 1016 castris
722 962 832 1017 contra
867 953 1080 1040 Asparagium

117 1037 262 1101 consedit
276 1036 453 1124 militesque
465 1059 574 1101 omnes
589 1039 674 1101 intra
689 1036 814 1102 'vallum
825 1041 978 1103 continuit
993 1042 1078 1126 equi-

116 1131 280 1209 tatumque
300 1144 357 1208 per
387 1143 516 1186 causam
542 1122 717 1208 pabulandi
739 1125 888 1186 emissum
911 1125 1075 1188 confestim

117 1208 293 1272 decumana
311 1217 404 1292 porta
432 1209 465 1271 in
488 1217 592 1272 castra
620 1231 654 1272 se
677 1209 819 1294 recipere
841 1210 941 1272 iussit.
976 1208 1079 1274 Simili

116 1296 239 1358 ratione
250 1293 418 1378 Pompeius
431 1293 572 1358 confecto
589 1295 655 1357 eius
672 1293 734 1358 diei
749 1295 861 1357 itinere
873 1296 905 1356 in
918 1295 982 1358 saris
995 1303 1080 1357 vete-

114 1378 189 1442 ibus
216 1379 329 1442 castris
358 1378 399 1442 ad
430 1377 639 1464 Asparagium
668 1378 820 1443 consedit.
843 1379 920 1442 Eius
952 1379 1079 1461 milites,
1187 1431 1189 1441 ,

118 1463 204 1548 quod
227 1463 267 1528 ab
296 1484 314 1526 o
339 1485 393 1526 ere
419 1463 550 1548 integris
565 1463 790 1527 munitionibus
812 1463 980 1546 vacabant,
1016 1465 1079 1548 alii,

116 1548 262 1632 lignandi
282 1485 618 1634 pabulandiquecausa
639 1547 765 1634 longius¹
784 1549 1083 1634 progrediebantur,

116 1633 181 1715 alii,
195 1633 279 1718 quod
294 1631 397 1696 subito
409 1631 574 1697 consilium
586 1633 786 1720 profectionis
800 1655 836 1698 ce
860 1644 951 1708 erant
961 1655 1079 1720 magna

117 1727 209 1804 parte
231 1717 525 1802 impedimentorum
546 1728 577 1781 et
598 1719 792 1782 sarcinarum
807 1656 926 1800 relicta,
944 1719 985 1782 ad
1000 1719 1080 1783 haec

124 1802 299 1889 repetenda
309 1803 434 1867 invitati
466 1804 676 1889 ropinquitate
691 1804 886 1888 superiorum
904 1812 1081 1868 castrorum

119 1888 271 1972 depositis
292 1888 325 1952 in
348 1825 553 1952 contubernio
583 1889 676 1951 armis
709 1888 828 1951 vallum
849 1886 1081 1974 relinquebant.

116 1972 245 2051 Quibus
267 1973 308 2036 ad
330 1973 525 2058 sequendum
560 1973 718 2058 impeditis
748 1972 883 2055 Caesar,
908 1973 992 2058 quod
1013 1973 1082 2039 fore

117 2057 309 2144 providerat,
339 2057 511 2122 meridiano
535 2058 603 2122 fere
618 2068 758 2143 tempore
774 2059 864 2142 signo
879 2057 1083 2143 profectionis

119 2143 193 2207 dato
224 2145 399 2207 exercitum
420 2142 526 2208 educit
547 2143 769 2230 duplicatoque
798 2145 864 2206 eius
895 2143 972 2206 diei‘
987 2145 1082 2208 itiner
1191 2211 1194 2217 ,

120 2235 183 2289 v111
205 2227 293 2291 milia
338 2251 465 2292 assuum
482 2251 523 2292 ex
537 2251 575 2293 eo
603 2228 672 2293 loco
695 2227 852 2313 procedit3
869 2229 953 2314 quod
975 2228 1080 2311 facere

119 2313 291 2399 Pompeius
314 2250 457 2378 discessu
472 2313 607 2378 militum
628 2337 692 2378 nou
713 2315 823 2400 potuit.

185 2399 235 2463 ll.
257 2399 387 2464 Postero
410 2399 461 2462 die
485 2398 605 2463 Caesar
620 2398 762 2464 similiter
776 2401 956 2485 praemissis
978 2401 1081 2486 prima

120 2491 214 2549 nocte
236 2485 468 2570 impedimentis
491 2485 530 2548 de
554 2495 665 2570 quarta
691 2483 801 2570 vigilia
822 2485 890 2569 ipse
913 2485 1082 2568 egreditur,

119 2578 163 2651 nt,
195 2570 222 2633 si
249 2591 312 2656 qua
341 2579 425 2634 esset
452 2571 600 2656 imposita
622 2569 792 2634 dimicandi
812 2572 995 2652 necessitas,
1032 2591 1082 2633 su·

120 2653 221 2718 bitum
249 2677 358 2719 casum
388 2655 536 2740 expedito
566 2657 709 2719 exercitu
738 2655 866 2718 subiret.
897 2655 968 2718 Hoc
997 2655 1082 2718 idern

120 2738 251 2825 reliquis
271 2740 346 2804 fecit
368 2739 489 2804 diebus.
514 2739 637 2819 Quibus
659 2739 754 2804 rebus
777 2739 952 2825 perfectum
974 2749 1030 2820 est,
1048 2751 1084 2802 ut

120 2823 282 2888 altissimis
304 2825 486 2889 fluminibus
518 2835 612 2912 atque
641 2825 888 2911 impeditissimis
912 2825 1079 2888 itineribus

120 2907 242 2973 nullum
266 2912 426 2995 acciperet
447 2911 689 2975 incommodum.
712 2911 880 2995 Pompeius
903 2911 995 2994 primi
1018 2909 1104 2974 diei„

119 3015 210 3058 mora
245 2993 333 3059 illata
369 3004 401 3058 et
435 2995 629 3080 reliquorum
666 2997 788 3060 dierum
825 2995 940 3058 furstra
976 2992 1083 3058 labore

121 3089 284 3166 suscepto,
313 3101 409 3165 quum
437 3103 471 3144 se
498 3083 621 3166 magnis
651 3079 816 3145 itineribus
847 3079 1032 3144 extenderet
1054 3088 1086 3142 et

119 3187 325 3252 praegressos
355 3167 507 3251 consequi
534 3175 672 3252 cuperet,
703 3174 813 3250 quarto
844 3165 895 3229 die
918 3165 1018 3242 finem,
1037 3187 1085 3230 se·

119 3251 239 3334 quendi
265 3251 341 3314 feeit
368 3259 463 3336 atque
490 3249 577 3313 aliud
607 3250 668 3315 sibi
697 3249 864 3316 consilium
898 3249 1087 3336 capiendum

122 3335 322 3400 existimavit

185 3419 235 3484 78.
259 3419 389 3485 Caesari
417 3419 458 3484 sd
489 3422 613 3486 saucios
644 3417 858 3504 deonandos,
890 3418 1085 3504 stipendium

121 3506 274 3586 exercitui
300 3505 449 3589 dandum,
479 3507 581 3570 socios
615 3527 652 3571 co
748 3502 857 3586 andos,
889 3504 1086 3590 praesidium
