2490 3974
463 180 607 246 CAPUT
628 181 765 244 53-56.
1029 180 1087 244 171

152 353 240 418 aucis
262 352 425 417 mensibus
447 353 480 415 in
502 351 595 419 Italia
609 351 672 416 scri
694 361 743 415 tas
766 351 885 418 Caesar·
906 350 1093 416 attribuerat

129 373 284 520 longino,
308 439 418 524 quinta
439 437 522 522 legio
544 459 648 523 nuper
668 374 714 501 ibi
737 447 805 502 erat
827 437 979 518 confecta.

193 522 245 586 54.
267 522 398 588 Interim
426 523 587 588 nuntiatur
611 522 778 588 Laterensi
798 524 908 590 vivere
931 523 1091 587 Cassium.

131 606 202 687 Quo
223 609 334 674 nuntio
357 606 465 674 dolore
487 612 587 694 magis
609 617 771 694 permotus
787 631 882 694 quam
904 610 1092 758 5515οὲ55-

131 692 276 758 turbatus
298 693 401 758 reficit
422 716 457 758 se
472 693 618 758 celeriter
640 702 671 757 et
693 692 734 756 ad
757 692 904 758 Cassium
924 695 1016 759 visen
1040 715 1094 757 um

130 777 348 864 proficiscitur.
372 779 419 842 Re
441 781 569 864 cognita
590 785 670 840 XXX
691 776 775 864 legio
797 781 890 864 signa
912 778 1094 846 Cordubam

130 863 227 928 infert
256 864 297 928 ad
327 864 479 928 auxilium
505 864 671 928 ferendum
699 864 881 949 imperatori
904 887 969 931 suo.
1003 864 1095 928 Facit

130 947 191 1014 hoc
211 948 295 1012 idem
323 957 397 1012 XXI.
428 948 638 1035 Subsequitur
665 948 723 1015 has
746 959 781 1012 V.
819 949 924 1028 Quum
947 950 1029 1014 duae
1051 948 1094 1014 le-

131 1035 242 1120 giones
271 1034 413 1121 reliquae
443 1044 550 1100 essent
581 1036 616 1098 in
646 1035 767 1117 castris,
796 1036 970 1100 secundani
1001 1035 1095 1099 veriti

129 1141 172 1184 ne
194 1118 255 1182 soli
274 1120 538 1206 relinquerentur,
560 1129 655 1205 atque
678 1141 719 1183 ex
742 1141 789 1203 eo,
814 1121 890 1207 quid
912 1123 1094 1201 sensissent,

130 1203 335 1286 iudicaretur,
351 1205 452 1270 secuti
467 1216 540 1270 sunt
554 1205 672 1269 factum
688 1208 895 1291 superiorum.
911 1207 1093 1271 Permansit

131 1291 164 1353 in
187 1292 345 1355 sententia
372 1289 457 1376 legio
482 1291 657 1356 vernacule
685 1312 790 1377 neque
819 1291 884 1356 ullo
912 1293 1025 1358 timore
1055 1291 1094 1354 de

132 1374 233 1460 gradu
255 1375 379 1440 deiecta
401 1386 459 1440 est.

194 1460 246 1524 55.
271 1459 402 1526 Cassius
425 1483 490 1543 eos,
514 1463 568 1546 qui
589 1462 743 1526 nominati
773 1478 861 1526 erant
883 1462 1002 1526 conscii
1024 1482 1094 1526 cee-

131 1543 190 1626 dis,
220 1545 308 1610 iubet
339 1546 577 1632 comprehendi5
605 1546 763 1631 legionem
798 1557 817 1602 t'
847 1549 881 1610 in
910 1557 1014 1611 castra
1045 1569 1093 1610 re·

131 1631 226 1694 mittit
258 1631 438 1696 cohortibus
465 1639 544 1694 XXX
572 1633 713 1696 retentis.
743 1631 864 1696 Indicio
890 1633 1012 1696 Minuci
1044 1653 1094 1696 co-

176 1716 255 1780 oscit
277 1716 313 1780 L.
335 1717 491 1782 Racilium
523 1727 555 1782 ct
586 1717 623 1780 L.
653 1718 861 1796 Laterensem
895 1727 927 1784 et
955 1719 1094 1782 Annium

145 1800 311 1885 *capulam
335 1804 492 1868 maximae
507 1803 669 1888 dignitatis
685 1813 716 1867 et
730 1804 852 1887 gratiae
866 1801 1094 1889 provincialem

130 1884 291 1952 hominem
313 1887 436 1974 sibique
464 1899 529 1953 tam
558 1887 744 1954 familiarem
772 1911 867 1974 quam
889 1889 1094 1954 Laterensem

131 1979 165 2036 et
190 1969 355 2054 Racilium,
385 1976 419 2038 in
446 1974 558 2041 eadem
587 1975 685 2040 fuisse
708 1977 924 2040 coniuratione
957 1996 1017 2038 nec
1040 1974 1094 2038 diu

132 2067 274 2122 moratur
302 2059 442 2124 dolorem
476 2083 584 2142 suum,
619 2063 694 2146 quin
726 2083 781 2126 eos
813 2060 949 2126 interfici
977 2060 1093 2124 iubeat.

133 2140 308 2206 Minucium
330 2144 451 2209 libertis
474 2147 569 2210 tradit
584 2145 838 2225 excruciandum,
862 2148 937 2210 item
961 2145 1093 2230 Calpur·

131 2227 219 2290 nium
242 2227 440 2314 Salvianum3
469 2234 523 2318 qui
544 2232 709 2317 profitetur
736 2232 888 2296 indicium
917 2233 1094 2295 coniurato·

131 2333 265 2398 rumque
287 2337 453 2380 numerum
475 2327 579 2402 auget,
599 2339 685 2398 vere,
701 2326 736 2382 ut
773 2317 880 2382 uidam
901 2317 1092 2397 existimant,

132 2404 168 2462 nt
199 2400 344 2464 nonnulli
377 2413 550 2487 queruntur
583 2411 721 2467 coactus.
751 2340 869 2466 (ledem
903 2401 1093 2466 cruciatibus

133 2481 264 2569 affectus
286 2485 323 2551 L.
345 2487 492 2572 Mergilio
515 2489 532 2526 *
555 2487 697 2573 Squillus
712 2490 854 2554 nominet
874 2487 997 2574 plures3
1015 2508 1093 2572 quos

134 2565 265 2634 Cassius
293 2573 428 2638 interfici
455 2573 543 2638 iubet
572 2576 714 2658 exceptis
741 2576 790 2656 iis,
821 2575 874 2660 qui
904 2595 937 2637 se
959 2572 1095 2659 pecunia

132 2653 343 2722 redemerunt.
366 2659 448 2724 Nam
470 2658 576 2744 palam
602 2659 659 2726 HS
681 2667 728 2722 LX
751 2682 821 2724 oum
846 2659 1018 2745 Calpurnio
1039 2679 1093 2742 pa-

133 2738 261 2804 ciscitur
283 2752 408 2810 etcum
431 2744 470 2823 Q.
500 2744 603 2811 Sestio
625 2754 655 2808 L.
686 2745 750 2825 Qui
772 2746 799 2809 si
820 2749 958 2810 maxime
980 2764 1094 2808 nocen-

132 2831 180 2888 tes
214 2837 288 2893 sunt
319 2831 449 2913 multati,
481 2840 588 2896 tamen
624 2831 798 2917 periculum
820 2833 905 2897 vitae
941 2829 1093 2913 dolorque

132 2907 302 2978 vulnerum
323 2917 476 2999 pecuniae
501 2919 653 2982 remissus
684 2916 903 2984 crudelitatem
926 2937 998 2980 cum
1021 2936 1094 2978 ava·

130 2994 205 3059 ritia
226 3007 365 3064 cenasse
388 3002 595 3088 significabat.
730 3057 737 3072 ,

195 3083 247 3148 56.
269 3084 323 3148 Ali
345 3101 401 3151 uot
422 3097 494 3172 post
515 3087 627 3152 diebus
649 3088 768 3152 litteras
784 3110 804 3151 a
819 3087 958 3154 Caesare
980 3087 1093 3149 missas

131 3169 255 3254 accipit,
278 3110 393 3257 qulbus
423 3175 586 3257 cognoscit
613 3174 798 3259 Pompeium
831 3175 864 3236 in
886 3175 954 3236 acie
975 3173 1094 3236 victum

131 3255 257 3320 amissis
280 3258 379 3343 copiis
401 3259 531 3408 fuqisse.
556 3259 676 3338 Quare
692 3261 819 3344 cognita
840 3261 970 3323 mixtam
986 3255 1093 3321 dolore

131 3339 326 3425 voluptatem
349 3346 438 3430 capis
462 3353 502 3408 at.
525 3345 685 3410 Victoriae
715 3346 843 3408 nuntius
865 3342 1018 3408 laetitiam
1040 3361 1093 3404 ex·

131 3426 305 3510 primebat;
350 3431 527 3496 confectum
564 3429 685 3496 bellum
721 3429 881 3494 licentiam
916 3436 1117 3512 temporum
