2532 3968
209 189 245 304 n
316 313 318 317 ,
556 233 811 300 rnnnruuo.

210 406 313 474 edidit
324 413 464 476 aerariae
478 416 625 488 secturae,
641 403 853 482 Schneiderus
871 409 1011 470 aerariae
1027 414 1157 470 structa·
1211 448 1214 453 -

211 503 348 572 raecum
369 490 578 578 Nipperdeius
599 490 785 575 suspicionis
801 491 890 576 signo
902 487 949 553 illi
962 501 1159 568 secturaeque

209 577 356 663 apposito
367 577 400 640 in
412 578 611 643 annotatione
623 573 1159 655 criticaferrcrz'ceqacscribendum

212 685 283 732 esse
296 663 447 744 coniecit;
460 661 624 726 Kranerus
646 659 969 744 Jungermanniansm
992 659 1158 724 lectionem

210 753 355 816 aerariae
370 758 542 812 structurae
556 746 688 830 repetiit.
708 745 899 812 Particulam
919 767 976 824 que
1008 767 1082 808 uum
1096 745 1158 808 nisi

209 853 300 900 mera
321 830 451 898 libidine
473 832 587 896 eiicere
606 829 713 913 liccat,
742 851 846 917 neque
868 765 1084 914 Oudendorpii
1105 851 1158 894 ne-

210 939 273 1003 que
296 915 396 981 altera
424 938 517 1003 quam
541 915 707 982 Kransrus
736 914 900 1000 amplexus
922 923 970 980 est
992 913 1158 1014 ratio'pla-
1252 997 1253 1000 Ἴ

210 1023 288 1073 cere,
306 1009 425 1086 potest3
462 1001 487 1064 si
510 1001 680 1065 retinemus
709 1000 904 1087 particulam,
918 1000 1017 1079 ¹varia
1037 999 1156 1062 fodma·

210 1107 281 1156 rum
309 1107 428 1169 genera
449 1086 687 1152 commemorari
715 1107 846 1152 necesse
875 1093 937 1168 est,
989 1094 1157 1169 uapropter

207 1169 395 1238 Schneideri
431 1180 463 1238 et
496 1170 681 1256 Nipperdcii
723 1171 920 1236 coniecturae
956 1107 1152 1234 abiiciendae

211 1264 294 1337 sunt,
331 1276 426 1341 quum
454 1265 486 1322 ot
517 1267 690 1320 structurae
719 1263 751 1322 ct
774 1262 929 1335 ferrariae
957 1254 1041 1318 idem
1063 1264 1155 1339 atque

210 1349 353 1406 aerariae
374 1339 550 1406 fodinamm
579 1361 678 1425 genus
707 1349 927 1406 monstrarent.
972 1338 1097 1424 Optime
1119 1337 1154 1403 li-

209 1424 340 1498 brorum
366 1425 459 1490 lectio
493 1434 575 1489 stare
597 1425 674 1490 mihi
695 1447 787 1510 posse
808 1424 942 1506 videtur,
965 1425 993 1490 si
1014 1437 1154 1490 secturae

205 1509 250 1574 de
273 1509 452 1595 lapicidinis
475 1509 576 1577 intelli
600 1511 679 1574 ‘mus
709 1509 920 1576 subterraneis
943 1508 1050 1595 quales
1072 1517 1153 1591 sunt,

232 1617 291 1659 uae
324 1595 455 1658 Parisiis
492 1605 523 1660 et
554 1533 663 1658 bidens
701 1595 840 1660 Traiecti
866 1596 900 1659 in
921 1604 1025 1680 monte
1048 1593 1155 1658 Sancti

205 1617 296 1755 {etri
333 1690 468 1762 exstant,
502 1691 534 1746 et
570 1701 650 1765 quac
678 1679 879 1744 catacumbas
902 1679 1004 1744 dictae
1025 1677 1153 1760 Romae,

207 1764 276 1831 Nea
299 1764 342 1830 oli
364 1764 498 1865 aliisque
519 1763 631 1828 Italiae
652 1764 730 1830 locis
757 1765 922 1830 inveniunt
961 1812 968 1827 .

274 1785 309 1913 8.
332 1850 374 1916 23
396 1849 456 1914 reb
478 1851 527 1922 uis
550 1849 691 1930 uelocis,
713 1848 769 1914 ubi
789 1850 884 1936 uulgo
906 1871 1026 1930 quoquo
1050 1872 1154 1912 cerrus

207 1874 492 2018 legisoletspd.
522 1873 733 2017 lss,4.14;
761 1934 792 1999 b.
816 1957 843 2000 c.
865 1935 890 2017 Ι,
913 1935 964 1998 25.
987 1935 1037 1998 36.
1059 1933 1101 2016 11,
1123 1935 1153 1999 2.

201 2017 238 2097 l)-
262 2018 312 2082 Af.
334 2019 401 2106 24.)
443 2019 653 2105 Nipperdeius
678 2043 921 2100 quoqueversus
943 2021 1071 2106 recepit,
1095 2019 1154 2083 hac

203 2103 240 2168 sin
250 2126 285 2166 re
296 2127 360 2169 non
371 2114 435 2168 tam
444 2103 601 2170 librosres
623 2105 763 2170 iciendos
775 2128 845 2170 esse
853 2114 938 2170 ratus
952 2127 1045 2190 quam
1052 2106 1152 2188 ipsam

204 2187 351 2252 dictionis
372 2190 535 2255 rationem.
609 2213 632 2252 x
652 2192 772 2255 ratione
794 2199 898 2254 autem
914 2211 1031 2269 quoquo
1047 2211 1153 2252 carrus

203 2284 273 2336 tum
310 2272 434 2339 demum
466 2284 552 2341 recte
581 2275 644 2340 diei
676 2275 797 2338 censuit
826 2274 899 2424 SEd.
929 2275 1000 2338 mai.
1030 2297 1060 2358 p.
1086 2273 1150 2360 71),

202 2378 303 2442 quum
324 2361 479 2424 sententia
500 2369 585 2424 esset
605 2359 752 2441 relatiua3
774 2361 809 2422 in
852 2361 958 2424 efinita
977 2366 1153 2438 utquisque

231 2464 267 2505 ro
292 2452 445 2528 quicquic,
476 2447 521 2508 sio
551 2466 668 2522 quoque
696 2465 881 2528 cersuspro
905 2465 1153 2522 quoquoversus

232 2527 271 2593 'ci
292 2550 424 2596 necesse
446 2552 526 2594 esse.
564 2528 632 2592 Iam
655 2550 750 2613 quum
774 2537 922 2612 quantum
945 2530 1009 2591 scio
1033 2551 1151 2609 quoquc
1193 2535 1194 2540 ’

205 2635 314 2680 cerras
341 2635 496 2700 nusquam
528 2615 561 2677 in
592 2611 727 2676 relativa
760 2615 974 2680 enuntiatione
997 2623 1150 2696 occurrat,

204 2697 240 2765 in
269 2708 456 2784 perpetuum
488 2720 529 2763 ex
557 2696 675 2761 latinae
703 2697 830 2784 linguae
866 2698 977 2764 lexicis
1005 2699 1151 2764 exsulare

206 2782 377 2850 iuberetur.
421 2783 465 2848 At
486 2784 602 2868 optime
625 2804 751 2847 causam
774 2782 919 2850 dictionis
943 2807 1062 2864 utroquo
1085 2807 1151 2850 ner-

200 2891 258 2931 eus
280 2867 491 2934 Schneiderus
515 2869 579 2954 egit
599 2869 633 2931 in
654 2870 855 2936 annotatione
878 2870 987 2936 critica
1008 2869 1049 2934 ad
1062 2868 1094 2934 b.
1111 2869 1149 2932 G.

200 2952 274 3033 VII,
296 2953 326 3034 4,
349 2952 384 3035 5,
407 2952 463 3018 ubi
485 2953 606 3016 monuit
622 2974 742 3034 quoquo
763 2977 871 3020 versus
893 2955 1049 3018 exstincta
1070 2953 1149 3020 rela-

200 3039 259 3102 tivi
280 3047 435 3123 potestate
455 3038 572 3122 ‚wobin
593 3037 674 3104 auch
696 3039 807 3106 immet
835 3039 1008 3126 gemendet‘
1031 3039 1147 3122 factum

200 3145 272 3186 esse
283 3145 380 3187 unum
390 3123 571 3188 indefinitae
584 3123 821 3209 significationis
835 3123 1025 3190 vocabulum
1047 3123 1148 3206 ‚iiber-

200 3207 245 3270 all
266 3207 347 3291 hin‘;
393 3211 441 3274 ari
461 3211 583 3274 ratione
605 3219 637 3274 et
659 3231 779 3288 quoquo
808 3218 839 3273 et
862 3218 1033 3292 quicunque
1054 3211 1148 3274 inter·
1252 3207 1253 3222 ³

200 3292 275 3372 dum
304 3232 449 3360 adhiberi
474 3295 507 3358 in
537 3295 700 3360 sententiis
729 3317 793 3359 non
821 3293 971 3360 relativis.
1009 3293 1149 3380 Adiungi

200 3386 321 3460 potest,¹
336 3379 430 3444 etiam
446 3381 583 3460 quisquis
597 3377 642 3465 (v.
654 3379 837 3464 Forcellinii
851 3379 929 3445 Lex.
946 3379 992 3444 sb.
1009 3380 1040 3444 h.
1054 3379 1100 3466 r.)
1116 3381 1149 3444 in'

199 3459 339 3526 definitis
370 3465 533 3530 sententiis
562 3486 620 3549 pro
650 3473 777 3546 cerisque
804 3465 956 3547 inveniri,
980 3473 1011 3530 et
1033 3466 1061 3528 si
1082 3487 1150 3531 rem
