2538 3978
188 237 248 302 136
474 240 535 304 DE
557 239 700 305 BELLO
724 239 857 305 CIVILI

187 419 242 474 est.
277 409 349 491 Quo
382 411 464 475 facto
493 433 601 496 regem
628 421 663 474 ut
685 413 718 475 in
741 434 798 475 sua
819 420 976 497 potestate
1003 409 1150 494 haberet,

187 495 308 561 Caesar
341 498 437 561 efficit
469 519 616 580 magnam
650 498 773 581 regium
805 519 921 564 nomen
954 495 1039 581 apud
1066 495 1149 560 'suos

187 584 407 648 auctoritatem
441 582 558 646 habere
581 583 765 646 existimans
788 594 819 646 11
841 591 875 646 ut
897 584 1000 666 potius
1022 583 1149 667 privato

185 689 357 752 paucorum
381 678 412 731 et
433 667 591 732 latronum
607 690 701 753 quam
715 669 803 752 regio
819 668 949 734 consilio
965 677 1149 752 susceptum

185 753 305 817 bellum
326 753 497 817 videretur.

252 841 322 902 110.
345 839 447 902 Erant
469 861 541 901 cum
555 838 682 902 Achilla
704 839 823 924 copiae,
847 848 882 901 ut
896 860 999 922 neque
1015 858 1149 902 numero

186 946 290 1006 neque
313 946 430 1009 genere
453 923 613 987 hominum
637 947 740 1008 neque
762 946 822 988 usu
844 925 891 987 rei
913 923 1056 986 militaris
1073 944 1147 987 con·
1245 931 1246 944 ¹

186 1011 376 1073 temnendae
399 1009 592 1072 viderentur.
626 1009 716 1072 ltlilia
738 1011 820 1073 enim
844 1017 895 1072 XX
917 1011 950 1072 in
973 1013 1068 1072 armis
1090 1006 1143 1071 ha·

186 1094 292 1158 bebat.
340 1095 431 1158 Haec
467 1093 653 1158 constabant
690 1117 730 1157 ex
767 1095 954 1160 Gabinianis
983 1092 1145 1175 militibus,

187 1183 245 1264 qui*
267 1182 331 1244 iam
363 1183 396 1242 in
430 1179 687 1244 consuetudinem
721 1181 958 1246 Alexandrinae
991 1182 1074 1244 vitae
1107 1201 1146 1242 ac

186 1264 333 1329 licentiae
355 1275 510 1330 venerant
532 1275 564 1330 11
595 1288 710 1330 nomen
743 1266 1004 1351 disciplinamque
1037 1263 1145 1413 populi

186 1351 322 1414 Romani
345 1351 562 1424 dedidicerant
583 1373 763 1436 uxoresque
786 1351 951 1433 duxerant,
975 1373 1016 1414 ex
1031 1352 1083 1436 qui
1107 1373 1145 1412 us

185 1435 328 1522 plerique
351 1435 468 1501 liberos
491 1435 659 1500 habebant.
697 1437 770 1500 Huc
803 1437 998 1501 accedebant
1020 1435 1145 1510 collecti

186 1543 226 1585 ex
248 1521 461 1606 praedonibus
484 1521 721 1606 latronibusque
737 1522 849 1608 Syriae
865 1522 1058 1606 Ciliciaeque
1072 1541 1143 1605 pro·

185 1609 309 1671 vinciae
345 1607 612 1693 finitimarumque
644 1609 818 1692 regionum.
856 1607 947 1671 Multi
980 1616 1145 1692 praeterea

185 1695 294 1778 capitis
339 1693 479 1756 damnati
515 1692 689 1778 exulesque
726 1704 953 1757 convenerant:
1005 1693 1145 1776 fugitivis

184 1779 328 1842 omnibus
362 1780 477 1842 nostris
511 1787 616 1842 certus
649 1788 717 1843 erat
749 1778 965 1842 Alexandriae
997 1786 1144 1864 receptus

184 1873 331 1949 certaque
345 1865 430 1927 vitae
445 1864 591 1944 conditio,
614 1873 648 1927 ut
663 1865 735 1930 dato
750 1867 878 1928 nomine
894 1863 1026 1927 militum
1039 1871 1145 1928 essent

183 1971 329 2031 numer03
368 1950 395 2012 si
417 1953 486 2034 quis
509 1972 528 2012 a
550 1949 675 2013 domino
698 1949 956 2034 prehenderetur,
987 1971 1144 2013 consensu

183 2033 317 2099 militurn
339 2033 539 2119 eripiebatur,
564 2035 617 2119 qui
640 2037 704 2098 vim
727 2057 864 2116 suorum,
888 2035 973 2120 quod
995 2039 1027 2098 in
1050 2033 1143 2097 simili

185 2119 279 2205 culpa
300 2120 520 2202 versabantur,
543 2121 606 2205 ipsi
616 2142 673 2204 pro
689 2143 745 2184 suo
761 2120 904 2205 periculo
921 2118 1143 2184 defendebant.

184 2205 229 2269 Hi
250 2228 362 2290 regum
395 2207 512 2270 amicos
546 2205 586 2269 ad
618 2216 752 2269 mortem
785 2206 966 2290 deposcere,
1004 2206 1037 2268 hi
1059 2204 1146 2270 bona

105 2312 111 2323 ’
184 2289 385 2375 locupletum,
399 2290 544 2376 diripere,
579 2291 728 2376 stipendii
761 2291 897 2376 augendi
931 2313 1028 2355 causa
1059 2292 1144 2375 regis

186 2375 313 2439 domum
343 2375 499 2456 obsidere,
532 2399 631 2461 regno
665 2376 836 2461 expellere,
870 2377 948 2441 alios
981 2398 1144 2441 arcessere

184 2471 293 2523 vetere
315 2461 450 2546 quodam
471 2461 683 2524 Alexandrini
716 2463 874 2526 exereitus
906 2465 1047 2526 inst'tuto
1070 2484 1144 2527 con·

186 2556 324 2610 suerent.
347 2546 450 2609 Erant
471 2556 636 2632 praeterea
658 2549 798 2632 equitum
820 2547 908 2610 milia
923 2547 995 2612 duo.
1019 2548 1143 2611 1111111-

185 2640 333 2694 raverant
355 2631 388 2693 hi
410 2655 518 2696 omnes
553 2631 767 2717 compluribus
797 2632 1011 2696 Alexandriae
1033 2633 1143 2708 bellis3

184 2715 399 2780 Ptolemaeum
432 2729 554 2802 patrem
582 2719 616 2780 in
637 2738 771 2802 regnum
803 2718 1002 2798 reduxerant,
1036 2717 1145 2781 Bibuli

96 2881 98 2886 Α
184 2803 265 2866 filios
289 2802 366 2864 duos
389 2803 620 2884 interfecerant,
644 2802 823 2867 bellacum
846 2803 1014 2889 Aegyptiis
1037 2825 1144 2888 gesse·

183 2897 264 2952 rant.
289 2888 382 2951 Hunc
405 2911 496 2952 usum
519 2889 566 2952 rei
587 2888 732 2951 militaris
755 2889 924 2952 habebant.

249 2975 320 3036 111.
358 2975 416 3036 His
446 2976 545 3060 copiis
578 2974 679 3039 fidens
713 2974 855 3038 Achillas
888 2976 1143 3064 paucitatemque

183 3059 316 3123 militum
339 3059 485 3123 Caesaris
516 3060 692 3143 despiciens
716 3057 892 3144 occupabat
912 3059 1145 3123 Alexandriam

183 3155 309 3230 praeter
332 3167 402 3208 eam
425 3146 532 3231 oppidi
554 3155 686 3229 partem,
706 3168 804 3230 quam
830 3143 948 3229 Caesar
971 3167 1041 3208 cum
1064 3143 1146 3206 mili-

185 3229 269 3292 tibus
292 3230 430 3311 tenebat,
486 3233 565 3294 rimo
588 3231 708 3314 impetu
730 3231 855 3293 domum
881 3233 947 3293 eius
969 3231 1145 3314 irrumpere

186 3325 333 3396 conatus3
368 3315 424 3378 scd
458 3255 578 3380 1111111
612 3315 771 3400 dispositis
794 3339 851 3400 per
872 3317 941 3378 vias
964 3315 1146 3380 cohortibus

185 3402 336 3482 impetum
361 3403 428 3464 eius
452 3403 608 3464 sustinuit.
642 3400 828 3486 Eodemque
861 3410 1001 3486 tempore
1024 3423 1146 3485 pugna-

183 3493 249 3546 tum
272 3494 319 3548 est
341 3485 382 3548 ad
403 3501 538 3571 portum,
562 3508 599 3551 ac
620 3485 715 3573 longe
737 3487 907 3550 maximam
930 3509 969 3550 ea
990 3509 1041 3549 res
1064 3495 1145 3550 attu-
1180 3507 1184 3515 ·
