2532 3968
163 263 225 324 roa
419 260 481 324 ns
502 240 647 326 aneso
670 259 861 326 omnmo

226 433 255 495 1.
289 431 385 495 Omni
407 431 514 496 Gallia
536 432 660 498 devicta
676 431 795 496 Caesar
810 452 906 517 quum
921 441 941 494 a
956 432 1118 516 superiore

162 527 282 582 aestate
308 516 430 580 nullum
455 517 597 582 bellandi
628 528 752 666 tempus
786 517 1008 582 intermisisset
1039 515 1118 580 mili·

161 611 210 665 tes
233 625 273 666 ue
295 601 499 669 hibernorum
521 604 683 690 quietare
708 622 779 666 cere
801 623 822 664 a
842 602 938 665 tantis
956 600 1119 666 laboribus

161 625 268 770 vellet,
299 687 477 788 complures
500 686 611 752 eodem
635 696 777 773 tempore
800 688 943 752 civitates
964 707 1119 751 renovare

161 771 239 836 belli
264 771 397 837 consiha
424 773 653 837 nuntiabantur
679 773 974 858 coniurationesque
1003 771 1119 837 iacere.

163 856 261 921 Cuius
283 859 331 923 rei
352 857 535 922 verisimilis
558 880 656 922 eausa
677 856 883 940 afferebatur,
932 857 995 921 uod
1017 855 1119 922 Gallis

162 942 308 1007 omnibus
338 945 497 1028 cognitum
527 953 612 1008 esset
639 965 744 1029 neque
770 941 837 1006 ulla
864 881 1119 1006 multitudinem

161 1051 259 1092 unum
280 1027 386 1092 locum
407 1038 518 1093 coacta
542 1030 649 1093 resisti
699 1050 770 1093 osse
792 1027 953 1110 Romanis,
982 1039 1059 1110 nec,
1093 1028 1118 1090 si

162 1113 291 1177 diversa
317 1113 403 1178 bella
431 1114 610 1199 complures
633 1051 744 1179 eodem
771 1120 913 1198 tempore
940 1112 1121 1178 intulissent

162 1201 315 1282 civitates,
347 1200 423 1263 satis
446 1199 557 1263 auxilii
579 1209 633 1262 aut
655 1200 749 1285 spatii
770 1207 825 1262 aut
846 1199 1007 1284 copiarum
1032 1196 1120 1262 habi-

160 1294 266 1347 turum
296 1286 471 1348 exercitum
502 1284 612 1371 populi
643 1285 792 1348 Romani·
807 1282 856 1357 ad,
881 1285 985 1348 omnia
1013 1305 1120 1368 perse-

163 1369 303 1456 quenda;
326 1391 389 1434 non
412 1392 483 1435 esse
498 1380 604 1435 autem
619 1369 715 1434 alicui
736 1369 857 1434 civitati
872 1378 987 1434 sortem
1001 1369 1120 1433 incom-

161 1454 249 1518 modi
274 1454 501 1536 recusandam‚
533 1457 560 1518 si
581 1454 637 1518 tali
658 1477 749 1518 mora
770 1453 912 1540 reliquae
933 1463 1065 1538 possent
1086 1473 1121 1516 se

161 1540 324 1604 vindicare
347 1541 379 1602 in
401 1538 592 1605 libertatem.

226 1627 256 1688 2.
280 1624 422 1705 Quaene
434 1627 538 1710 opinio
557 1624 723 1690 Gallorum
735 1625 983 1706 confirmarem,
999 1622 1120 1689 Caesar

161 1711 306 1774 Marcum
321 1711 493 1775 Antonium
505 1720 705 1797 quaestorem
718 1712 783 1774 suis
794 1709 946 1795 praefecit
960 1709 1103 1774 hibernis
1112 1733 1122 1792 ς

162 1798 232 1882 ipse
254 1797 395 1895 equitum
416 1796 577 1882 praesidio
599 1795 702 1881 pridie
723 1795 797 1859 Kal.
820 1794 985 1858 Ianuarias
1011 1795 1052 1859 ab
1067 1816 1121 1882 op·

162 1881 236 1967 pido
258 1879 407 1946 Brbracte
432 1881 642 1966 proficiscitur
668 1880 710 1944 ad
737 1879 893 1966 legionem
915 1887 994 1963 XIII,
1026 1902 1122 1967 quam

161 1989 227 2030 non
266 1966 360 2051 longe
397 1988 416 2030 a
450 1966 565 2030 finibus
603 1965 810 2030 Haeduorum
847 1965 1057 2030 collocaverat
1088 1967 1122 2029 in

162 2052 278 2116 finibus
302 2051 490 2138 Biturigum,
513 2054 604 2152 eique
627 2051 724 2117 adiun
748 2051 772 2114 ‘t
788 2050 946 2137 legionem
969 2058 1015 2126 XI,
1040 2072 1121 2138 quae

162 2139 308 2224 proxima
336 2136 447 2203 fuerat.
487 2137 577 2201 Bims
611 2137 731 2201 cohorti
754 2159 791 2200 us
824 2136 866 2200 ad
896 2137 1122 2223 impedimenta

162 2223 280 2287 urenda
308 2222 426 2286 relictis
455 2222 513 2288 reli
536 2246 611 2286 uum
637 2224 811 2288 exercitum
832 2224 865 2286 in
888 2222 1121 2307 copiosissimos

163 2331 256 2394 agros
284 2307 463 2392 Biturigum
490 2246 627 2392 inducit,
658 2309 720 2394 qui,
751 2330 847 2394 quum
875 2306 955 2372 latos
987 2307 1067 2372 fines
1090 2315 1121 2370 et

164 2393 327 2479 complura
353 2393 470 2478 oppida
497 2393 666 2476 haberent,
700 2395 793 2457 unius
822 2391 955 2476 legionis
976 2390 1120 2456 hibernis

77 2477 84 2504 ⁸
163 2501 228 2545 non
249 2479 407 2564 potuerint
429 2480 597 2560 contineri,
628 2481 704 2566 quin
732 2477 851 2543 bellum
878 2485 1025 2562 pararent
1047 2498 1120 2541 con·

164 2563 568 2650 iurationesque'iacerent

228 2650 257 2714 3.
280 2649 327 2712 Re
351 2650 457 2713 entino
480 2649 619 2713 adventu
642 2648 789 2713 Caesaris
812 2647 935 2730 accidit,
959 2647 1043 2735 quod
1063 2649 1121 2711 im·

163 2737 282 2821 paratis
317 2672 520 2820 disiectisque
555 2734 698 2798 accidere
727 2733 786 2797 tuit
806 2754 954 2815 necesse,
988 2743 1022 2797 ut
1052 2735 1121 2799 sine

165 2822 278 2887 timore
300 2818 364 2882 ullo
386 2841 463 2884 rura
492 2819 631 2885 colentes
660 2821 747 2904 prius
778 2818 818 2882 ab
848 2820 988 2904 equitatu
1017 2820 1121 2906 oppri-
1167 2889 1173 2902 Ι

164 2904 335 2986 merentur,
352 2926 446 2990 quam
459 2905 628 2991 confugere
640 2906 673 2967 in
685 2925 724 2990 op
747 2903 801 2968 ida
814 2914 953 2989 possent.
976 2905 1121 2990 Namque

166 2993 260 3054 etiam
275 2989 354 3053 illud
374 2989 430 3054 vul
453 3012 508 3054 are
522 2991 711 3054 incursionis
725 2927 863 3053 bostium
878 2990 1013 3074 signum,
1037 2989 1122 3076 quod

165 3075 320 3140 incendiis
350 3075 419 3138 aed'
446 3076 563 3140 ciorum
589 3073 731 3160 intellegi
759 3076 940 3158 consuevit,
974 3074 1121 3140 Caesaris

166 3170 235 3226 erat
261 3159 429 3224 interdicto
458 3159 616 3224 sublatum
623 3209 632 3243 ,
665 3183 706 3224 ne
733 3170 787 3225 aut
815 3163 905 3246 copia
951 3160 1038 3224 abuli
1059 3159 1122 3224 fm-

165 3248 341 3332 mentique,
376 3246 403 3308 si
435 3244 559 3330 longius
596 3245 745 3332 progredi
773 3245 887 3327 vellet,
921 3183 1120 3328 deficeretur,

167 3339 223 3395 aut
249 3330 356 3395 hostes
383 3331 538 3394 incendiis
560 3340 764 3396 terrerentur.
814 3330 923 3396 Multis
960 3332 1122 3396 hominum

165 3414 293 3479 milibus
323 3417 422 3500 captis
448 3418 606 3501 perterriti
633 3416 801 3502 Biturigas,
830 3418 884 3501 qui
909 3418 1045 3502 primum
1067 3415 1122 3481 ad·

166 3507 295 3564 ventum
317 3508 486 3585 potuerant
509 3501 647 3587 effugere
668 3501 896 3585 Romanorum,
919 3503 952 3566 in
973 3503 1121 3568 finitimas
