2532 3968
323 228 458 296 oonn.
481 227 560 292 vm
582 227 677 294 cnr.
699 229 846 320 eo-sr
996 231 1057 294 nr

102 408 233 549 propter
266 399 486 474 salubritatem
521 399 728 478 existimabat.
784 399 834 465 Ibi
870 423 1061 488 quamquam

103 508 157 551 cre
179 507 214 550 ro
238 485 387 550 audiebat
400 484 577 550 Labienum
599 485 639 550 ab
661 485 796 550 inimicis
819 487 883 549 suis
900 486 1061 553 sollicitari

102 573 280 658 certiorque
300 570 398 635 fiebat
419 571 453 635 id
474 573 527 657 agi
544 593 715 656 paucorum
738 571 887 654 consiliis,
911 581 945 636 ut
966 573 1060 636 inter*

126 657 206 721 osita
229 665 356 720 senatus
378 659 563 722 auctoritate
586 655 692 742 aliqua
705 667 794 747 parte
817 659 975 722 exercitus
991 681 1060 744 spo·

101 680 241 824 liaretur,
264 751 370 806 tamen
391 764 495 828 neque
518 742 558 806 de
572 740 714 806 Labieno
738 741 871 806 credidit
914 745 1062 828 uicquam

101 850 216 912 neque,
240 837 350 892 contra
365 830 727 892 senatus'auctoritatem
748 838 782 891 ut
797 767 915 913 aliquid
929 829 1058 910 faceret,

100 913 204 1000 potuit
226 912 350 977 adduci.
391 912 557 977 Iudicabat
581 914 665 978 enim
687 912 797 977 liberis
821 915 984 978 sententiis
1006 937 1060 999 pa

100 1008 185 1062 trum
201 1002 449 1084 conscriptorum
465 1021 593 1063 causam
605 1021 694 1064 suam
708 998 799 1063 facile
812 998 955 1064 obtineri.
979 999 1061 1062 Nam

102 1083 139 1148 O.
164 1082 278 1166 Ourio,
308 1084 454 1160 tribunus
505 1083 600 1166 lebis,
630 1107 726 1170 quum
757 1082 903 1150 Caesaris
933 1107 1062 1148 cansam

101 1169 287 1254 dignitatem
310 1191 350 1232 ue
378 1107 611 1235 defendendam
640 1171 845 1256 suscepisset,
877 1179 1062 1255 saepserat

101 1257 225 1319 senatui
245 1193 418 1342 pollicitus,
449 1256 476 1318 si
498 1278 592 1341 quem
614 1256 709 1320 timor
732 1277 889 1321 armorum
913 1254 1061 1321 Caesaris

100 1339 256 1422 laederet,
280 1350 315 1405 ut
337 1342 493 1429 quoniam
508 1340 641 1488 Pompei
664 1339 833 1424 dominatio
857 1351 951 1426 atque
975 1363 1063 1406 arma

100 1449 165 1491 non
199 1427 363 1490 minimum
391 1435 545 1491 terrorem
595 1449 649 1490 oro
678 1427 849 1508 inferrent,
887 1427 1064 1492 discederet

100 1521 234 1598 uterque
262 1510 303 1575 ab
331 1512 428 1576 armis
458 1514 679 1612 exercitusque
708 1511 896 1576 dimitteret:
925 1512 992 1578 fore
1023 1534 1062 1576 eo

100 1597 183 1662 facto
206 1596 339 1661 liberam
354 1606 386 1662 et
408 1597 457 1661 sui
478 1598 557 1660 iuris
580 1598 747 1664 civitatem.
784 1597 833 1662 Ne
856 1620 896 1662 ue
918 1597 978 1663 hoc
992 1607 1060 1662 tan·

100 1693 169 1747 tum
197 1682 356 1768 pollicitus
384 1691 447 1766 est,
478 1681 534 1746 sed
564 1685 659 1746 etiam
684 1706 743 1769 per
773 1705 807 1747 se
835 1621 1064 1748 discessionem

100 1768 207 1832 facere
235 1769 352 1854 coepit3
388 1766 472 1855 quod
507 1790 549 1832 nc
584 1767 692 1851 fieret,
726 1767 871 1832 consules
907 1771 1063 1918 amiciqpe

99 1853 232 1938 Pompei
265 1855 426 1918 iusserunt
466 1861 560 1940 atque
605 1854 650 1942 ita
690 1876 760 1918 rem
803 1854 955 1918 morando
1025 1855 1064 1917 ‘s-

101 1948 275 2004 cesserunt.
1001 2002 1003 2018 ,

166 2024 217 2089 53.
239 2024 392 2110 Magnum
420 2024 480 2090 hoc
502 2026 715 2095 testimonium
746 2034 874 2090 senatus
905 2035 974 2088 erat
994 2026 1062 2089 uni·

100 2114 187 2174 versi
209 2111 465 2196 conveniensque
481 2111 637 2194 superiori
658 2109 752 2175 facto.
789 2109 871 2174 Nam
892 2109 1063 2176 Marcellus

100 2196 247 2282 proximo
264 2218 356 2278 anno,
378 2218 473 2282 quum
488 2197 690 2280 impugnaret
706 2193 852 2260 Caesaris
868 2196 1064 2284 dignitatem,

102 2290 212 2346 contra
233 2281 336 2366 legem
350 2281 429 2345 Pom
454 2281 482 2345 ei
505 2291 536 2344 et
552 2279 661 2344 Crassi
674 2282 827 2346 retulerat
849 2291 922 2346 ante
937 2292 1063 2367 tempus

102 2367 143 2431 ad
174 2376 319 2431 senatum
356 2367 396 2430 dc
430 2304 579 2431 bassaris
613 2367 799 2450 provinciis,
835 2370 1062 2453 sententiisque

102 2451 194 2516 dictis
211 2453 436 2518 discessionem
450 2454 585 2517 faciente
599 2449 761 2534 Marcello,
785 2454 839 2538 qui
854 2453 915 2516 sibi
937 2475 1062 2517 omnem

102 2536 288 2624 dignitatem
318 2561 359 2602 ex
387 2535 532 2603 Caesaris
559 2537 679 2601 invidia
708 2537 893 2624 quaerebat,
930 2549 1060 2602 senatus

101 2622 251 2721 frequens
277 2625 311 2689 in
341 2622 404 2687 alia
426 2625 532 2687 omnia
561 2624 695 2686 transiit.
740 2622 863 2702 Quibus
892 2647 956 2688 non
977 2624 1062 2688 fran-

102 2706 259 2791 gebantur
288 2709 384 2772 animi
413 2709 611 2772 inimicorum
635 2707 795 2790 Caesarie,
831 2708 887 2773 sed
915 2710 1063 2775 admone·

101 2791 232 2875 bantur,
270 2816 332 2880 quo
358 2795 493 2858 maiores
505 2803 669 2942 dpararent
698 2795 917 2878 necessitates,
947 2794 1062 2880 quibus

103 2881 174 2963 cogi
195 2889 304 2965 posset
339 2888 467 2944 senatus
492 2879 504 2943 i
553 2877 707 2963 probare,
741 2879 826 2966 quod
859 2880 919 2965 ipsi
948 2881 1063 2946 consti·

101 2965 243 3028 tuissent.

165 3049 216 3113 54.
239 3049 292 3114 Fit
318 3049 433 3114 deinde
461 3049 781 3134 senatusconsultum,
810 3060 845 3115 ut
872 3050 913 3114 ad
941 3049 1063 3115 bellum

100 3133 284 3200 Parthicum
299 3135 381 3220 legio
403 3157 467 3199 una
482 3157 501 3198 a
517 3131 575 3198 On.
590 3134 752 3220 Pompeio,
776 3135 877 3200 altera
892 3158 911 3198 a
927 3134 962 3200 O.
980 3133 1058 3200 an-

102 3241 174 3284 sara
201 3222 394 3302 mitteretur;
421 3241 527 3284 neue
561 3218 695 3288 obscure
726 3220 806 3285 duae
836 3221 977 3306 legiones
1007 3221 1064 3285 uni

102 3304 318 3389 detrahuntur.
355 3305 437 3369 Nam
460 3244 519 3369 lln.
541 3304 712 3391 Pompeius
739 3306 896 3392 legionem
917 3307 1062 3392 primam,

102 3411 198 3475 quam
225 3391 266 3456 ad
288 3391 460 3456 Gaesarem
489 3391 636 3472 miserat,
666 3393 841 3456 confectam
870 3413 911 3455 ex
938 3390 1063 3456 delectu

101 3477 284 3560 provinciae
307 3476 471 3559 Caesaris,
500 3497 570 3541 eam
598 3489 759 3564 tamquam
787 3498 909 3626 erqbsuq
929 3499 1063 3540 numero

144 3577 223 3620 Crem
