2538 3978
197 221 259 292 no
447 221 450 271 1
483 229 543 291 ns
565 227 708 292 sunno
732 195 865 290 ctvnr

196 400 263 463 eius
289 397 367 462 valli
396 421 495 486 agger
523 401 554 461 in
585 398 782 462 latitudinem
809 396 955 482 patebat:
984 397 1086 461 abeo
1111 401 1162 462 in·
1255 364 1256 403 ἶ

194 485 339 548 termisso
370 487 469 570 spatio
499 485 614 569 pedum
645 491 690 547 DC
717 483 797 547 alter
826 505 998 547 conversus
1025 485 1059 546 in
1082 506 1159 549 con·
1254 559 1255 570 ,

194 571 322 632 trariam
344 580 465 655 partem
481 580 549 633 erat
565 568 665 632 vallus
681 569 846 632 humiliore
861 567 955 652 paulo
970 571 1158 634 munitione.

194 655 264 719 Hoc
297 659 380 718 enirn
413 654 627 740 superioribus
661 655 772 718 diebus
804 656 918 716 timens
948 653 1076 737 Caesar,
1114 679 1158 720 ne

193 740 328 828 navibus
354 743 454 806 nostri
484 742 795 820 circumvenirentur,
826 739 867 802 du
891 738 983 802 licem
1016 762 1053 806 eo
1082 739 1157 806 loco

193 826 312 890 fecerat
345 826 480 906 vallum,
512 835 554 907 ut,
585 827 612 888 si
634 826 763 910 ancipiti
792 761 911 909 proelio
941 824 1157 908 dimicaretur,

192 921 301 996 posset
322 913 435 974 resisti.
467 911 530 974 Sed
559 931 689 995 operum
718 910 900 996 magnitudo
928 919 959 973 et
987 911 1157 976 continens
1254 971 1255 976 ,

193 998 331 1060 omnium
360 997 480 1060 dierum
508 996 604 1078 labor,
634 996 718 1082 quod
746 996 833 1058 milia
860 1017 1010 1079 passuum
1037 997 1071 1058 in
1094 998 1156 1060 cir·

193 1083 278 1145 cuitu
300 1089 372 1142 xvu
397 1092 465 1146 erat
493 1081 686 1166 complexus,
717 1081 902 1166 perficiendi
931 1081 1066 1165 spatium
1088 1104 1155 1146 non

193 1166 298 1230 dabat.
321 1166 431 1253 Itaque
455 1177 564 1232 contra
592 1189 680 1232 mare
708 1176 923 1230 transversum
946 1165 1074 1247 vallum,
1098 1169 1156 1252 qui

191 1243 249 1314 has
272 1251 350 1314 duas
373 1253 560 1316 munitiones
577 1254 790 1338 coniungeret,
811 1252 950 1316 nondum
965 1253 1154 1336 perfecerat
1256 1291 1257 1294 =

192 1335 283 1414 Quae
305 1360 356 1402 res
379 1349 455 1402 nota
477 1347 545 1401 erat
573 1338 732 1422 Pompeio,
757 1338 861 1402 delata
883 1359 940 1420 per
961 1337 1155 1422 Allobrogas

191 1423 349 1508 perfugas,
373 1445 584 1508 magnumque
606 1427 723 1490 nostris
740 1424 888 1488 attulerat
907 1423 1152 1488 incommodum.

191 1507 273 1571 Nam
302 1518 336 1572 ut
365 1509 406 1572 ad
434 1531 523 1574 maro
552 1519 680 1572 nostrae
713 1510 857 1574 cohortes
887 1530 989 1571 nonae
1017 1508 1153 1593 legionis

191 1593 416 1676 excubuerant,
441 1594 543 1660 subito
569 1596 670 1678 prima
690 1595 760 1659 luce
782 1595 967 1678 Pompeiani
994 1595 1153 1658 exercitus

191 1679 344 1743 adventus
373 1683 508 1761 exstitit3
533 1679 626 1743 simul
647 1681 782 1744 navibus
805 1681 1016 1748 circumvecti,
1035 1679 1152 1746 milites

191 1764 222 1828 in
251 1768 440 1831 exteriorem
468 1765 587 1830 vallum
616 1765 681 1830 tela
707 1766 874 1846 iaciebant,
901 1765 1069 1849 fossaeque
1097 1788 1151 1852 sg-

189 1874 265 1934 gere
288 1851 536 1936 complebantur,
561 1861 592 1914 et
614 1851 780 1936 legionarii
793 1852 951 1915 interioris
966 1851 1150 1916 munitionis

121 2003 123 2013 ,
191 1937 375 2001 defensores
403 1936 501 2005 'scalis
531 1936 665 2001 admotis
692 1939 858 2001 tormentis
881 1937 1033 2021 cuiusque
1055 1959 1152 2020 gene·
1256 1971 1257 1988 κ

188 2024 232 2085 ris
255 2023 390 2108 telisque
419 2022 591 2104 terrebant,
619 2045 798 2108 magnaque
826 2021 994 2087 multitudo
1024 2023 1151 2106 sagitta·
1256 2091 1257 2096 ,

174 2101 318 2172 'riorum‘
331 2107 371 2171 ab
394 2117 528 2194 utraque
550 2117 640 2192 parte
663 2107 984 2172 circumfundebatur.
1014 2107 1151 2172 Multum
1256 2179 1257 2184 ἵ

189 2203 294 2258 autem
316 2193 356 2257 ab
379 2195 443 2256 ictu
466 2193 615 2278 lapidum,
639 2193 724 2280 quod
749 2215 847 2257 unum
876 2194 991 2257 nostris
1015 2202 1084 2256 erat
1105 2203 1152 2256 te·-
1256 2187 1257 2232 3

188 2278 263 2359 lum,
286 2281 425 2343 viminea
447 2281 620 2364 tegimenta
634 2279 734 2363 galeis
756 2281 903 2364 imposita
926 2277 1150 2342 defendebant.

187 2363 298 2450 Itaque
321 2387 414 2449 quum
444 2367 588 2428 omnibus
617 2365 712 2428 robus
740 2366 840 2428 nostri
862 2373 1083 2450 premerentur
1106 2374 1150 2428 at·

188 2471 248 2534 que
285 2473 381 2536 aegre
417 2452 615 2531 resisterent,
653 2450 907 2514 animadversum
950 2459 998 2512 est
1038 2451 1151 2514 vitium

186 2537 377 2616 munitionis,
395 2536 479 2622 quod
495 2559 590 2622 supra
605 2537 854 2600 demonstratum
876 2543 932 2616 est,
955 2545 1050 2619 atque
1066 2537 1151 2598 inter

188 2619 266 2685 duos
289 2620 400 2702 vallos,
426 2642 488 2706 qua
502 2624 678 2707 perfeetum
701 2643 779 2706 opus
801 2644 865 2685 non
888 2630 966 2702 erat,
988 2643 1046 2704 per
1060 2643 1150 2684 mare

187 2706 321 2770 navibus
352 2706 487 2791 expositi
517 2709 550 2770 in
578 2729 724 2782 aversos.
740 2717 865 2770 nostros
894 2709 1046 2790 impetum
1066 2707 1149 2770 fece·

186 2802 260 2855 runt
282 2802 376 2878 atque
400 2815 441 2855 ex
456 2801 588 2878 utraque
610 2794 784 2856 munitione
806 2792 944 2856 deiectos
967 2800 1056 2876 terga
1077 2815 1149 2856 ver-

185 2887 251 2942 tere
274 2887 453 2962 coegerunt.

181 3006 187 3012 s
249 2964 299 3026 64.
323 2964 395 3027 Hoc
427 2962 562 3026 tumultu
595 2965 736 3028 nuntiato
766 2961 971 3026 Marcellinus
1002 2961 1148 3026 cohortes

185 3049 326 3112 subsidio
353 3051 469 3112 nostris
500 3048 718 3124 laborantibus
753 3048 907 3113 submittit
944 3071 984 3111 ex
1017 3049 1147 3130 castris,

185 3157 267 3220 quae
289 3135 445 3218 fugientes
474 3137 674 3220 conspicatae
701 3157 805 3220 neque
827 3134 899 3197 illos
929 3157 985 3196 suo
1009 3132 1148 3197 adventu

185 3221 373 3284 confirmare
395 3228 566 3304 potuerunt
594 3242 698 3305 neque
720 3221 809 3304 ipsae
837 3221 974 3283 hostium
996 3219 1148 3302 impetum
1256 3223 1257 3232 ’

183 3304 333 3369 tulerunt.
358 3305 469 3390 Itaque
493 3305 712 3390 quodcumque
740 3304 918 3368 addebatur
941 3303 1091 3385 subsidio,
1114 3304 1148 3369 id

186 3401 374 3475 corruptum
395 3393 508 3454 timore
529 3391 718 3474 fugientium
739 3399 895 3454 terrorem
918 3399 949 3452 et
970 3389 1148 3474 periculum

184 3475 337 3558 augebat:
368 3475 531 3540 hominum
560 3477 645 3540 enim
671 3475 873 3540 multitudine
905 3483 1055 3560 receptus
1091 3477 1148 3541 im-
