<?xml version="1.0" encoding="UTF-8"?>
<!DOCTYPE html PUBLIC "-//W3C//DTD XHTML 1.0 Transitional//EN"
    "http://www.w3.org/TR/xhtml1/DTD/xhtml1-transitional.dtd">
<html xmlns="http://www.w3.org/1999/xhtml" xml:lang="en" lang="en">
 <head>
  <title>
</title>
<meta http-equiv="Content-Type" content="text/html;charset=utf-8" />
  <meta name='ocr-system' content='tesseract 3.04.00' />
  <meta name='ocr-capabilities' content='ocr_page ocr_carea ocr_par ocr_line ocrx_word'/>
</head>
<body>
  <div class='ocr_page' id='page_1' title='image "./ciuliicaesarisc01hirtgoog_0090.png"; bbox 0 0 2534 3970; ppageno 0'>
   <div class='ocr_carea' id='block_1_1' title="bbox 339 228 1054 296">
    <p class='ocr_par' dir='ltr' id='par_1_1' title="bbox 339 228 1054 296">
     <span class='ocr_line' id='line_1_1' title="bbox 339 228 1054 296; baseline 0 -2"><span class='ocrx_word' id='word_1_1' title='bbox 339 228 474 295; x_wconf 80' lang='lat' dir='ltr'><strong>COMM.</strong></span> <span class='ocrx_word' id='word_1_2' title='bbox 496 229 543 296; x_wconf 89' lang='lat' dir='ltr'>1v</span> <span class='ocrx_word' id='word_1_3' title='bbox 564 229 658 296; x_wconf 78' lang='lat' dir='ltr'><strong>OAP.</strong></span> <span class='ocrx_word' id='word_1_4' title='bbox 681 229 817 296; x_wconf 77' lang='grc'>31-35,</span> <span class='ocrx_word' id='word_1_5' title='bbox 1011 228 1054 294; x_wconf 82' lang='lat'>85</span> 
     </span>
    </p>
   </div>
   <div class='ocr_carea' id='block_1_2' title="bbox 99 398 1058 996">
    <p class='ocr_par' dir='ltr' id='par_1_2' title="bbox 99 398 1058 996">
     <span class='ocr_line' id='line_1_2' title="bbox 103 398 1057 486; baseline -0.003 -17"><span class='ocrx_word' id='word_1_6' title='bbox 103 423 168 469; x_wconf 85' lang='lat' dir='ltr'>mas</span> <span class='ocrx_word' id='word_1_7' title='bbox 190 399 441 483; x_wconf 83' lang='lat' dir='ltr'>insinuaverunt,</span> <span class='ocrx_word' id='word_1_8' title='bbox 471 423 513 466; x_wconf 82' lang='lat' dir='ltr'>ex</span> <span class='ocrx_word' id='word_1_9' title='bbox 540 399 660 468; x_wconf 79' lang='lat' dir='ltr'>essedis</span> <span class='ocrx_word' id='word_1_10' title='bbox 686 399 835 468; x_wconf 89' lang='lat' dir='ltr'>desiliunt</span> <span class='ocrx_word' id='word_1_11' title='bbox 863 398 1057 486; x_wconf 81' lang='lat' dir='ltr'>etpedibus</span> 
     </span>
     <span class='ocr_line' id='line_1_3' title="bbox 102 483 1056 572; baseline -0.002 -22"><span class='ocrx_word' id='word_1_12' title='bbox 102 485 304 572; x_wconf 69' lang='lat' dir='ltr'>proeliantur.</span> <span class='ocrx_word' id='word_1_13' title='bbox 359 483 500 572; x_wconf 82' lang='lat' dir='ltr'>Aurigae</span> <span class='ocrx_word' id='word_1_14' title='bbox 533 487 660 553; x_wconf 88' lang='lat' dir='ltr'>interim</span> <span class='ocrx_word' id='word_1_15' title='bbox 686 485 837 572; x_wconf 80' lang='lat' dir='ltr'>paulatim</span> <span class='ocrx_word' id='word_1_16' title='bbox 862 507 905 552; x_wconf 86' lang='lat' dir='ltr'>ex</span> <span class='ocrx_word' id='word_1_17' title='bbox 935 483 1056 570; x_wconf 89' lang='lat' dir='ltr'>proelio</span> 
     </span>
     <span class='ocr_line' id='line_1_4' title="bbox 104 569 1057 662; baseline 0 -27"><span class='ocrx_word' id='word_1_18' title='bbox 104 571 264 635; x_wconf 86' lang='lat' dir='ltr'>excedunt</span> <span class='ocrx_word' id='word_1_19' title='bbox 278 580 372 656; x_wconf 90' lang='lat' dir='ltr'>atque</span> <span class='ocrx_word' id='word_1_20' title='bbox 385 573 430 637; x_wconf 90' lang='lat' dir='ltr'>ita</span> <span class='ocrx_word' id='word_1_21' title='bbox 444 593 555 636; x_wconf 88' lang='lat' dir='ltr'>currus</span> <span class='ocrx_word' id='word_1_22' title='bbox 571 570 734 662; x_wconf 76' lang='lat' dir='ltr'>cpllocant,</span> <span class='ocrx_word' id='word_1_23' title='bbox 756 581 799 654; x_wconf 87' lang='lat' dir='ltr'>ut,</span> <span class='ocrx_word' id='word_1_24' title='bbox 822 571 850 636; x_wconf 91' lang='lat' dir='ltr'>si</span> <span class='ocrx_word' id='word_1_25' title='bbox 870 570 917 636; x_wconf 93' lang='lat' dir='ltr'>illi</span> <span class='ocrx_word' id='word_1_26' title='bbox 938 593 958 636; x_wconf 90' lang='lat' dir='ltr'>a</span> <span class='ocrx_word' id='word_1_27' title='bbox 978 569 1057 636; x_wconf 90' lang='lat' dir='ltr'>mul·</span> 
     </span>
     <span class='ocr_line' id='line_1_5' title="bbox 100 655 1057 742; baseline 0 -22"><span class='ocrx_word' id='word_1_28' title='bbox 100 655 236 720; x_wconf 77' lang='lat' dir='ltr'>titudine</span> <span class='ocrx_word' id='word_1_29' title='bbox 256 656 395 722; x_wconf 89' lang='lat' dir='ltr'>hostium</span> <span class='ocrx_word' id='word_1_30' title='bbox 419 665 612 742; x_wconf 87' lang='lat' dir='ltr'>premantur,</span> <span class='ocrx_word' id='word_1_31' title='bbox 643 655 824 742; x_wconf 87' lang='lat' dir='ltr'>expeditum</span> <span class='ocrx_word' id='word_1_32' title='bbox 836 727 839 734; x_wconf 18' lang='grc' dir='ltr'><strong>Δ</strong></span> <span class='ocrx_word' id='word_1_33' title='bbox 852 655 894 722; x_wconf 92' lang='lat' dir='ltr'>ad</span> <span class='ocrx_word' id='word_1_34' title='bbox 914 677 988 721; x_wconf 90' lang='lat' dir='ltr'>suos</span> <span class='ocrx_word' id='word_1_35' title='bbox 1009 677 1057 720; x_wconf 89' lang='lat' dir='ltr'>re-</span> 
     </span>
     <span class='ocr_line' id='line_1_6' title="bbox 100 739 1057 828; baseline -0.002 -22"><span class='ocrx_word' id='word_1_36' title='bbox 100 750 230 827; x_wconf 87' lang='lat' dir='ltr'>ceptum</span> <span class='ocrx_word' id='word_1_37' title='bbox 249 740 398 807; x_wconf 87' lang='lat' dir='ltr'>babeant</span> <span class='ocrx_word' id='word_1_38' title='bbox 440 741 490 806; x_wconf 87' lang='lat' dir='ltr'>lta</span> <span class='ocrx_word' id='word_1_39' title='bbox 509 741 716 808; x_wconf 79' lang='lat' dir='ltr'>mobilitatem</span> <span class='ocrx_word' id='word_1_40' title='bbox 737 743 885 828; x_wconf 87' lang='lat' dir='ltr'>equitnm,</span> <span class='ocrx_word' id='word_1_41' title='bbox 908 739 1057 806; x_wconf 85' lang='lat' dir='ltr'>stabilita·</span> 
     </span>
     <span class='ocr_line' id='line_1_7' title="bbox 99 825 1058 913; baseline 0 -23"><span class='ocrx_word' id='word_1_42' title='bbox 99 834 163 890; x_wconf 88' lang='lat' dir='ltr'>tem</span> <span class='ocrx_word' id='word_1_43' title='bbox 213 826 333 894; x_wconf 86' lang='lat' dir='ltr'>editum</span> <span class='ocrx_word' id='word_1_44' title='bbox 360 828 394 892; x_wconf 93' lang='lat' dir='ltr'>in</span> <span class='ocrx_word' id='word_1_45' title='bbox 421 825 550 912; x_wconf 89' lang='lat' dir='ltr'>proeliis</span> <span class='ocrx_word' id='word_1_46' title='bbox 576 835 755 913; x_wconf 84' lang='lat' dir='ltr'>praestant,</span> <span class='ocrx_word' id='word_1_47' title='bbox 783 849 822 894; x_wconf 82' lang='lat' dir='ltr'>ac</span> <span class='ocrx_word' id='word_1_48' title='bbox 849 835 972 892; x_wconf 74' lang='lat' dir='ltr'>tantum</span> <span class='ocrx_word' id='word_1_49' title='bbox 997 847 1058 890; x_wconf 89' lang='lat' dir='ltr'>usu</span> 
     </span>
     <span class='ocr_line' id='line_1_8' title="bbox 99 849 1058 996; baseline -0.001 -20"><span class='ocrx_word' id='word_1_50' title='bbox 99 849 285 996; x_wconf 73' lang='lat' dir='ltr'>quotidiano</span> <span class='ocrx_word' id='word_1_51' title='bbox 313 919 344 975; x_wconf 90' lang='lat' dir='ltr'>et</span> <span class='ocrx_word' id='word_1_52' title='bbox 376 912 603 978; x_wconf 80' lang='lat' dir='ltr'>exercitatione</span> <span class='ocrx_word' id='word_1_53' title='bbox 631 911 779 993; x_wconf 85' lang='lat' dir='ltr'>efficiunt,</span> <span class='ocrx_word' id='word_1_54' title='bbox 808 912 854 976; x_wconf 87' lang='lat' dir='ltr'>uti</span> <span class='ocrx_word' id='word_1_55' title='bbox 881 913 916 976; x_wconf 90' lang='lat' dir='ltr'>in</span> <span class='ocrx_word' id='word_1_56' title='bbox 942 909 1058 976; x_wconf 82' lang='lat' dir='ltr'>declivi</span> 
     </span>
    </p>
   </div>
   <div class='ocr_carea' id='block_1_3' title="bbox 99 995 1060 1183">
    <p class='ocr_par' dir='ltr' id='par_1_3' title="bbox 99 995 1060 1183">
     <span class='ocr_line' id='line_1_9' title="bbox 99 995 1060 1146; baseline 0 -86"><span class='ocrx_word' id='word_1_57' title='bbox 99 1017 137 1060; x_wconf 87' lang='lat' dir='ltr'>ac</span> <span class='ocrx_word' id='word_1_58' title='bbox 151 997 329 1146; x_wconf 47' lang='lat' dir='ltr'>(praecipiti</span> <span class='ocrx_word' id='word_1_59' title='bbox 349 995 418 1062; x_wconf 88' lang='lat' dir='ltr'>loco</span> <span class='ocrx_word' id='word_1_60' title='bbox 439 997 592 1064; x_wconf 80' lang='lat' dir='ltr'>incitatos</span> <span class='ocrx_word' id='word_1_61' title='bbox 612 1018 711 1083; x_wconf 88' lang='lat' dir='ltr'>equos</span> <span class='ocrx_word' id='word_1_62' title='bbox 738 999 893 1064; x_wconf 87' lang='lat' dir='ltr'>sustinere</span> <span class='ocrx_word' id='word_1_63' title='bbox 914 1006 947 1061; x_wconf 90' lang='lat' dir='ltr'>et</span> <span class='ocrx_word' id='word_1_64' title='bbox 967 995 1060 1063; x_wconf 90' lang='lat' dir='ltr'>brevi</span> 
     </span>
     <span class='ocr_line' id='line_1_10' title="bbox 99 1080 1060 1183; baseline -0.001 -37"><span class='ocrx_word' id='word_1_65' title='bbox 99 1103 149 1148; x_wconf 84' lang='lat' dir='ltr'>mo</span> <span class='ocrx_word' id='word_1_66' title='bbox 173 1081 261 1148; x_wconf 76' lang='lat' dir='ltr'>erari</span> <span class='ocrx_word' id='word_1_67' title='bbox 282 1103 320 1146; x_wconf 87' lang='lat' dir='ltr'>ac</span> <span class='ocrx_word' id='word_1_68' title='bbox 339 1080 468 1146; x_wconf 88' lang='lat' dir='ltr'>flectere</span> <span class='ocrx_word' id='word_1_69' title='bbox 495 1090 527 1146; x_wconf 88' lang='lat' dir='ltr'>et</span> <span class='ocrx_word' id='word_1_70' title='bbox 551 1105 610 1167; x_wconf 89' lang='lat' dir='ltr'>per</span> <span class='ocrx_word' id='word_1_71' title='bbox 636 1092 793 1148; x_wconf 88' lang='lat' dir='ltr'>temonem</span> <span class='ocrx_word' id='word_1_72' title='bbox 818 1102 1005 1183; x_wconf 77' lang='lat' dir='ltr'>percurrero</span> <span class='ocrx_word' id='word_1_73' title='bbox 1028 1089 1060 1145; x_wconf 91' lang='lat' dir='ltr'>et</span> 
     </span>
    </p>
   </div>
   <div class='ocr_carea' id='block_1_4' title="bbox 98 1166 1064 2957">
    <p class='ocr_par' dir='ltr' id='par_1_4' title="bbox 98 1166 1058 1336">
     <span class='ocr_line' id='line_1_11' title="bbox 98 1166 1058 1253; baseline 0 -21"><span class='ocrx_word' id='word_1_74' title='bbox 98 1166 130 1232; x_wconf 88' lang='lat' dir='ltr'>in</span> <span class='ocrx_word' id='word_1_75' title='bbox 151 1167 231 1253; x_wconf 83' lang='lat' dir='ltr'>iugo</span> <span class='ocrx_word' id='word_1_76' title='bbox 251 1166 396 1232; x_wconf 81' lang='lat' dir='ltr'>insistere</span> <span class='ocrx_word' id='word_1_77' title='bbox 418 1177 451 1232; x_wconf 89' lang='lat' dir='ltr'>et</span> <span class='ocrx_word' id='word_1_78' title='bbox 472 1189 507 1232; x_wconf 90' lang='lat' dir='ltr'>se</span> <span class='ocrx_word' id='word_1_79' title='bbox 528 1167 602 1232; x_wconf 88' lang='lat' dir='ltr'>inde</span> <span class='ocrx_word' id='word_1_80' title='bbox 623 1168 657 1234; x_wconf 93' lang='lat' dir='ltr'>in</span> <span class='ocrx_word' id='word_1_81' title='bbox 678 1189 788 1232; x_wconf 71' lang='lat' dir='ltr'>onnus</span> <span class='ocrx_word' id='word_1_82' title='bbox 811 1168 960 1232; x_wconf 76' lang='lat' dir='ltr'>citissime</span> <span class='ocrx_word' id='word_1_83' title='bbox 980 1167 1058 1232; x_wconf 89' lang='lat' dir='ltr'>reci·</span> 
     </span>
     <span class='ocr_line' id='line_1_12' title="bbox 98 1252 389 1336; baseline 0.003 -18"><span class='ocrx_word' id='word_1_84' title='bbox 98 1272 175 1336; x_wconf 85' lang='lat' dir='ltr'>pere</span> <span class='ocrx_word' id='word_1_85' title='bbox 198 1252 389 1319; x_wconf 86' lang='lat' dir='ltr'>consuerint.</span> 
     </span>
    </p>

    <p class='ocr_par' dir='ltr' id='par_1_5' title="bbox 98 1335 1064 2848">
     <span class='ocr_line' id='line_1_13' title="bbox 161 1335 1060 1423; baseline 0.006 -23"><span class='ocrx_word' id='word_1_86' title='bbox 161 1336 216 1400; x_wconf 88' lang='lat'>34.</span> <span class='ocrx_word' id='word_1_87' title='bbox 251 1335 374 1416; x_wconf 80' lang='lat' dir='ltr'>Quibus</span> <span class='ocrx_word' id='word_1_88' title='bbox 408 1335 505 1403; x_wconf 87' lang='lat' dir='ltr'>rebus</span> <span class='ocrx_word' id='word_1_89' title='bbox 540 1336 732 1423; x_wconf 87' lang='lat' dir='ltr'>perturbatis</span> <span class='ocrx_word' id='word_1_90' title='bbox 767 1337 885 1404; x_wconf 89' lang='lat' dir='ltr'>nostris</span> <span class='ocrx_word' id='word_1_91' title='bbox 920 1337 1060 1405; x_wconf 78' lang='lat' dir='ltr'>novitate</span> 
     </span>
     <span class='ocr_line' id='line_1_14' title="bbox 98 1420 1059 1508; baseline -0.002 -22"><span class='ocrx_word' id='word_1_92' title='bbox 98 1443 228 1506; x_wconf 83' lang='lat' dir='ltr'>pugnae</span> <span class='ocrx_word' id='word_1_93' title='bbox 242 1430 384 1507; x_wconf 89' lang='lat' dir='ltr'>tempore</span> <span class='ocrx_word' id='word_1_94' title='bbox 399 1423 662 1508; x_wconf 87' lang='lat' dir='ltr'>opportunissimo</span> <span class='ocrx_word' id='word_1_95' title='bbox 678 1420 799 1488; x_wconf 84' lang='lat' dir='ltr'>Caesar</span> <span class='ocrx_word' id='word_1_96' title='bbox 809 1421 963 1489; x_wconf 85' lang='lat' dir='ltr'>auxilium</span> <span class='ocrx_word' id='word_1_97' title='bbox 974 1420 1059 1486; x_wconf 83' lang='lat' dir='ltr'>tulit:</span> 
     </span>
     <span class='ocr_line' id='line_1_15' title="bbox 98 1507 1060 1608; baseline 0.002 -38"><span class='ocrx_word' id='word_1_98' title='bbox 98 1528 241 1608; x_wconf 88' lang='lat' dir='ltr'>namque</span> <span class='ocrx_word' id='word_1_99' title='bbox 262 1507 330 1572; x_wconf 88' lang='lat' dir='ltr'>eius</span> <span class='ocrx_word' id='word_1_100' title='bbox 353 1507 493 1572; x_wconf 87' lang='lat' dir='ltr'>adventu</span> <span class='ocrx_word' id='word_1_101' title='bbox 520 1507 627 1572; x_wconf 89' lang='lat' dir='ltr'>hostes</span> <span class='ocrx_word' id='word_1_102' title='bbox 656 1509 875 1590; x_wconf 88' lang='lat' dir='ltr'>constiterunt,</span> <span class='ocrx_word' id='word_1_103' title='bbox 903 1508 1004 1572; x_wconf 88' lang='lat' dir='ltr'>nostri</span> <span class='ocrx_word' id='word_1_104' title='bbox 1026 1529 1060 1572; x_wconf 84' lang='lat' dir='ltr'>re</span> 
     </span>
     <span class='ocr_line' id='line_1_16' title="bbox 99 1590 1061 1678; baseline 0 -22"><span class='ocrx_word' id='word_1_105' title='bbox 99 1614 152 1656; x_wconf 82' lang='lat' dir='ltr'>ex·</span> <span class='ocrx_word' id='word_1_106' title='bbox 167 1600 286 1658; x_wconf 85' lang='lat' dir='ltr'>tunore</span> <span class='ocrx_word' id='word_1_107' title='bbox 321 1598 518 1678; x_wconf 88' lang='lat' dir='ltr'>receperunt.</span> <span class='ocrx_word' id='word_1_108' title='bbox 562 1591 633 1672; x_wconf 81' lang='lat' dir='ltr'>Quo</span> <span class='ocrx_word' id='word_1_109' title='bbox 659 1592 741 1658; x_wconf 85' lang='lat' dir='ltr'>facto</span> <span class='ocrx_word' id='word_1_110' title='bbox 775 1591 817 1656; x_wconf 83' lang='lat' dir='ltr'>ad</span> <span class='ocrx_word' id='word_1_111' title='bbox 842 1590 1061 1658; x_wconf 85' lang='lat' dir='ltr'>lacessendum</span> 
     </span>
     <span class='ocr_line' id='line_1_17' title="bbox 99 1676 1061 1763; baseline 0.001 -21"><span class='ocrx_word' id='word_1_112' title='bbox 99 1677 196 1742; x_wconf 87' lang='lat' dir='ltr'>etad</span> <span class='ocrx_word' id='word_1_113' title='bbox 219 1677 478 1746; x_wconf 84' lang='lat' dir='ltr'>committendum</span> <span class='ocrx_word' id='word_1_114' title='bbox 504 1677 660 1763; x_wconf 86' lang='lat' dir='ltr'>proelium</span> <span class='ocrx_word' id='word_1_115' title='bbox 686 1676 824 1746; x_wconf 77' lang='lat' dir='ltr'>ebenum</span> <span class='ocrx_word' id='word_1_116' title='bbox 844 1698 916 1744; x_wconf 89' lang='lat' dir='ltr'>esse</span> <span class='ocrx_word' id='word_1_117' title='bbox 937 1685 1061 1762; x_wconf 87' lang='lat' dir='ltr'>tempus</span> 
     </span>
     <span class='ocr_line' id='line_1_18' title="bbox 98 1761 1061 1849; baseline 0 -23"><span class='ocrx_word' id='word_1_118' title='bbox 98 1761 273 1828; x_wconf 73' lang='lat' dir='ltr'>arbinatus</span> <span class='ocrx_word' id='word_1_119' title='bbox 295 1783 352 1829; x_wconf 92' lang='lat' dir='ltr'>suo</span> <span class='ocrx_word' id='word_1_120' title='bbox 373 1785 410 1828; x_wconf 90' lang='lat' dir='ltr'>se</span> <span class='ocrx_word' id='word_1_121' title='bbox 431 1761 501 1830; x_wconf 84' lang='lat' dir='ltr'>loco</span> <span class='ocrx_word' id='word_1_122' title='bbox 523 1763 675 1832; x_wconf 70' lang='lat' dir='ltr'>continuit</span> <span class='ocrx_word' id='word_1_123' title='bbox 696 1771 728 1827; x_wconf 90' lang='lat' dir='ltr'>et</span> <span class='ocrx_word' id='word_1_124' title='bbox 747 1761 839 1828; x_wconf 90' lang='lat' dir='ltr'>brevi</span> <span class='ocrx_word' id='word_1_125' title='bbox 859 1771 1000 1849; x_wconf 87' lang='lat' dir='ltr'>tempore</span> <span class='ocrx_word' id='word_1_126' title='bbox 1014 1762 1061 1826; x_wconf 91' lang='lat' dir='ltr'>in-</span> 
     </span>
     <span class='ocr_line' id='line_1_19' title="bbox 99 1843 1061 1933; baseline -0.002 -21"><span class='ocrx_word' id='word_1_127' title='bbox 99 1849 247 1914; x_wconf 85' lang='lat' dir='ltr'>termisso</span> <span class='ocrx_word' id='word_1_128' title='bbox 269 1847 303 1912; x_wconf 91' lang='lat' dir='ltr'>in</span> <span class='ocrx_word' id='word_1_129' title='bbox 325 1855 428 1916; x_wconf 85' lang='lat' dir='ltr'>castra</span> <span class='ocrx_word' id='word_1_130' title='bbox 453 1847 593 1933; x_wconf 80' lang='lat' dir='ltr'>legiones</span> <span class='ocrx_word' id='word_1_131' title='bbox 620 1847 756 1916; x_wconf 83' lang='lat' dir='ltr'>reduxit</span> <span class='ocrx_word' id='word_1_132' title='bbox 800 1843 888 1914; x_wconf 87' lang='lat' dir='ltr'>Dum</span> <span class='ocrx_word' id='word_1_133' title='bbox 908 1847 987 1912; x_wconf 86' lang='lat' dir='ltr'>haec</span> <span class='ocrx_word' id='word_1_134' title='bbox 1008 1869 1061 1932; x_wconf 85' lang='lat' dir='ltr'>ge-</span> 
     </span>
     <span class='ocr_line' id='line_1_20' title="bbox 99 1931 1061 2019; baseline -0.002 -21"><span class='ocrx_word' id='word_1_135' title='bbox 99 1941 222 2014; x_wconf 74' lang='lat' dir='ltr'>mnan,</span> <span class='ocrx_word' id='word_1_136' title='bbox 246 1933 364 1999; x_wconf 89' lang='lat' dir='ltr'>nostris</span> <span class='ocrx_word' id='word_1_137' title='bbox 387 1931 531 1998; x_wconf 89' lang='lat' dir='ltr'>omnibus</span> <span class='ocrx_word' id='word_1_138' title='bbox 554 1934 714 2019; x_wconf 88' lang='lat' dir='ltr'>occupatis</span> <span class='ocrx_word' id='word_1_139' title='bbox 733 1934 787 2019; x_wconf 89' lang='lat' dir='ltr'>qui</span> <span class='ocrx_word' id='word_1_140' title='bbox 808 1941 899 1998; x_wconf 88' lang='lat' dir='ltr'>erant</span> <span class='ocrx_word' id='word_1_141' title='bbox 919 1934 953 1998; x_wconf 91' lang='lat' dir='ltr'>in</span> <span class='ocrx_word' id='word_1_142' title='bbox 975 1934 1061 2018; x_wconf 83' lang='lat' dir='ltr'>agris</span> 
     </span>
     <span class='ocr_line' id='line_1_21' title="bbox 99 2016 1061 2104; baseline 0.004 -24"><span class='ocrx_word' id='word_1_143' title='bbox 99 2016 218 2104; x_wconf 84' lang='lat' dir='ltr'>reliqui</span> <span class='ocrx_word' id='word_1_144' title='bbox 244 2017 467 2084; x_wconf 72' lang='lat' dir='ltr'>discesserent</span> <span class='ocrx_word' id='word_1_145' title='bbox 519 2017 653 2082; x_wconf 87' lang='lat' dir='ltr'>Secutae</span> <span class='ocrx_word' id='word_1_146' title='bbox 683 2027 756 2084; x_wconf 90' lang='lat' dir='ltr'>sunt</span> <span class='ocrx_word' id='word_1_147' title='bbox 784 2019 948 2086; x_wconf 89' lang='lat' dir='ltr'>continuos</span> <span class='ocrx_word' id='word_1_148' title='bbox 977 2024 1061 2084; x_wconf 53' lang='lat' dir='ltr'>com*</span> 
     </span>
     <span class='ocr_line' id='line_1_22' title="bbox 100 2102 1061 2190; baseline 0.001 -24"><span class='ocrx_word' id='word_1_149' title='bbox 100 2102 209 2188; x_wconf 86' lang='lat' dir='ltr'>plures</span> <span class='ocrx_word' id='word_1_150' title='bbox 239 2102 307 2170; x_wconf 89' lang='lat' dir='ltr'>dies</span> <span class='ocrx_word' id='word_1_151' title='bbox 335 2111 549 2189; x_wconf 86' lang='lat' dir='ltr'>tempestates,</span> <span class='ocrx_word' id='word_1_152' title='bbox 572 2125 654 2190; x_wconf 87' lang='lat' dir='ltr'>quae</span> <span class='ocrx_word' id='word_1_153' title='bbox 681 2111 713 2169; x_wconf 91' lang='lat' dir='ltr'>et</span> <span class='ocrx_word' id='word_1_154' title='bbox 733 2111 858 2169; x_wconf 89' lang='lat' dir='ltr'>nostros</span> <span class='ocrx_word' id='word_1_155' title='bbox 886 2104 921 2168; x_wconf 92' lang='lat' dir='ltr'>in</span> <span class='ocrx_word' id='word_1_156' title='bbox 949 2103 1061 2170; x_wconf 83' lang='lat' dir='ltr'>castris</span> 
     </span>
     <span class='ocr_line' id='line_1_23' title="bbox 101 2187 1063 2274; baseline 0.003 -22"><span class='ocrx_word' id='word_1_157' title='bbox 101 2189 301 2252; x_wconf 79' lang='lat' dir='ltr'>continerent</span> <span class='ocrx_word' id='word_1_158' title='bbox 322 2196 354 2254; x_wconf 90' lang='lat' dir='ltr'>et</span> <span class='ocrx_word' id='word_1_159' title='bbox 374 2189 498 2254; x_wconf 89' lang='lat' dir='ltr'>hostem</span> <span class='ocrx_word' id='word_1_160' title='bbox 520 2210 546 2256; x_wconf 87' lang='lat' dir='ltr'>a</span> <span class='ocrx_word' id='word_1_161' title='bbox 559 2210 669 2274; x_wconf 81' lang='lat' dir='ltr'>pugna</span> <span class='ocrx_word' id='word_1_162' title='bbox 681 2187 896 2274; x_wconf 87' lang='lat' dir='ltr'>prohiberent.</span> <span class='ocrx_word' id='word_1_163' title='bbox 932 2187 1063 2255; x_wconf 87' lang='lat' dir='ltr'>Interim</span> 
     </span>
     <span class='ocr_line' id='line_1_24' title="bbox 100 2271 1063 2360; baseline 0.001 -23"><span class='ocrx_word' id='word_1_164' title='bbox 100 2271 233 2338; x_wconf 85' lang='lat' dir='ltr'>barbari</span> <span class='ocrx_word' id='word_1_165' title='bbox 254 2273 382 2339; x_wconf 85' lang='lat' dir='ltr'>nuntios</span> <span class='ocrx_word' id='word_1_166' title='bbox 409 2275 443 2340; x_wconf 87' lang='lat' dir='ltr'>in</span> <span class='ocrx_word' id='word_1_167' title='bbox 471 2294 580 2342; x_wconf 88' lang='lat' dir='ltr'>omnes</span> <span class='ocrx_word' id='word_1_168' title='bbox 608 2282 716 2360; x_wconf 80' lang='lat' dir='ltr'>partes</span> <span class='ocrx_word' id='word_1_169' title='bbox 743 2273 929 2360; x_wconf 72' lang='lat' dir='ltr'>dimiserint</span> <span class='ocrx_word' id='word_1_170' title='bbox 956 2274 1063 2360; x_wconf 67' lang='lat' dir='ltr'>paud·</span> 
     </span>
     <span class='ocr_line' id='line_1_25' title="bbox 101 2357 1061 2445; baseline 0.001 -23"><span class='ocrx_word' id='word_1_171' title='bbox 101 2367 264 2444; x_wconf 85' lang='lat' dir='ltr'>tatemque</span> <span class='ocrx_word' id='word_1_172' title='bbox 285 2365 465 2426; x_wconf 79' lang='lat' dir='ltr'>nostrorum</span> <span class='ocrx_word' id='word_1_173' title='bbox 487 2359 621 2428; x_wconf 87' lang='lat' dir='ltr'>militum</span> <span class='ocrx_word' id='word_1_174' title='bbox 650 2361 715 2424; x_wconf 91' lang='lat' dir='ltr'>suis</span> <span class='ocrx_word' id='word_1_175' title='bbox 736 2357 999 2445; x_wconf 83' lang='lat' dir='ltr'>praedicaverunt</span> <span class='ocrx_word' id='word_1_176' title='bbox 1020 2366 1061 2441; x_wconf 88' lang='lat' dir='ltr'>et,</span> 
     </span>
     <span class='ocr_line' id='line_1_26' title="bbox 102 2443 1064 2530; baseline 0 -22"><span class='ocrx_word' id='word_1_177' title='bbox 102 2453 222 2528; x_wconf 84' lang='lat' dir='ltr'>quanta</span> <span class='ocrx_word' id='word_1_178' title='bbox 244 2443 386 2529; x_wconf 50' lang='lat' dir='ltr'>¹praedae</span> <span class='ocrx_word' id='word_1_179' title='bbox 414 2443 578 2510; x_wconf 80' lang='lat' dir='ltr'>faciendae</span> <span class='ocrx_word' id='word_1_180' title='bbox 606 2466 626 2510; x_wconf 89' lang='lat' dir='ltr'>a</span> <span class='ocrx_word' id='word_1_181' title='bbox 659 2467 699 2510; x_wconf 89' lang='lat' dir='ltr'>ue</span> <span class='ocrx_word' id='word_1_182' title='bbox 734 2447 982 2530; x_wconf 85' lang='lat' dir='ltr'>inperpetuum</span> <span class='ocrx_word' id='word_1_183' title='bbox 1014 2445 1064 2508; x_wconf 91' lang='lat' dir='ltr'>sui</span> 
     </span>
     <span class='ocr_line' id='line_1_27' title="bbox 101 2526 1062 2614; baseline 0 -21"><span class='ocrx_word' id='word_1_184' title='bbox 101 2526 261 2594; x_wconf 90' lang='lat' dir='ltr'>liberandi</span> <span class='ocrx_word' id='word_1_185' title='bbox 282 2528 414 2596; x_wconf 73' lang='lat' dir='ltr'>nouas</span> <span class='ocrx_word' id='word_1_186' title='bbox 436 2529 573 2613; x_wconf 72' lang='lat' dir='ltr'>daretur,</span> <span class='ocrx_word' id='word_1_187' title='bbox 602 2531 629 2593; x_wconf 92' lang='lat' dir='ltr'>si</span> <span class='ocrx_word' id='word_1_188' title='bbox 679 2549 808 2595; x_wconf 82' lang='lat' dir='ltr'>omenes</span> <span class='ocrx_word' id='word_1_189' title='bbox 830 2530 942 2596; x_wconf 86' lang='lat' dir='ltr'>castris</span> <span class='ocrx_word' id='word_1_190' title='bbox 965 2551 1062 2614; x_wconf 80' lang='lat' dir='ltr'>expu-</span> 
     </span>
     <span class='ocr_line' id='line_1_28' title="bbox 101 2612 1063 2699; baseline 0.005 -22"><span class='ocrx_word' id='word_1_191' title='bbox 101 2612 550 2698; x_wconf 83' lang='lat' dir='ltr'>lissent,demonstraven1nt.</span> <span class='ocrx_word' id='word_1_192' title='bbox 586 2614 647 2680; x_wconf 86' lang='lat' dir='ltr'>His</span> <span class='ocrx_word' id='word_1_193' title='bbox 667 2613 764 2680; x_wconf 88' lang='lat' dir='ltr'>rebus</span> <span class='ocrx_word' id='word_1_194' title='bbox 780 2613 926 2680; x_wconf 83' lang='lat' dir='ltr'>celeriter</span> <span class='ocrx_word' id='word_1_195' title='bbox 946 2635 1063 2699; x_wconf 84' lang='lat' dir='ltr'>magna</span> 
     </span>
     <span class='ocr_line' id='line_1_29' title="bbox 101 2697 1064 2786; baseline 0.003 -24"><span class='ocrx_word' id='word_1_196' title='bbox 101 2697 304 2764; x_wconf 84' lang='lat' dir='ltr'>multitudine</span> <span class='ocrx_word' id='word_1_197' title='bbox 325 2698 483 2785; x_wconf 86' lang='lat' dir='ltr'>peditatus</span> <span class='ocrx_word' id='word_1_198' title='bbox 512 2700 732 2786; x_wconf 85' lang='lat' dir='ltr'>equitatusque</span> <span class='ocrx_word' id='word_1_199' title='bbox 759 2709 868 2766; x_wconf 87' lang='lat' dir='ltr'>coacta</span> <span class='ocrx_word' id='word_1_200' title='bbox 897 2699 939 2764; x_wconf 91' lang='lat' dir='ltr'>ad</span> <span class='ocrx_word' id='word_1_201' title='bbox 961 2708 1064 2766; x_wconf 87' lang='lat' dir='ltr'>castra</span> 
     </span>
     <span class='ocr_line' id='line_1_30' title="bbox 101 2791 267 2848; baseline -0.006 -1"><span class='ocrx_word' id='word_1_202' title='bbox 101 2791 267 2848; x_wconf 73' lang='lat' dir='ltr'>venerumt</span> 
     </span>
    </p>

    <p class='ocr_par' dir='ltr' id='par_1_6' title="bbox 165 2867 1062 2957">
     <span class='ocr_line' id='line_1_31' title="bbox 165 2867 1062 2957; baseline 0.003 -24"><span class='ocrx_word' id='word_1_203' title='bbox 165 2867 219 2934; x_wconf 82' lang='lat'>35.</span> <span class='ocrx_word' id='word_1_204' title='bbox 242 2867 370 2948; x_wconf 82' lang='lat' dir='ltr'>Caesar,</span> <span class='ocrx_word' id='word_1_205' title='bbox 394 2870 454 2936; x_wconf 89' lang='lat' dir='ltr'>etsi</span> <span class='ocrx_word' id='word_1_206' title='bbox 479 2869 574 2952; x_wconf 87' lang='lat' dir='ltr'>idem,</span> <span class='ocrx_word' id='word_1_207' title='bbox 602 2868 687 2957; x_wconf 92' lang='lat' dir='ltr'>quod</span> <span class='ocrx_word' id='word_1_208' title='bbox 714 2869 927 2955; x_wconf 89' lang='lat' dir='ltr'>superioribus</span> <span class='ocrx_word' id='word_1_209' title='bbox 951 2869 1062 2936; x_wconf 86' lang='lat' dir='ltr'>diebus</span> 
     </span>
    </p>
   </div>
   <div class='ocr_carea' id='block_1_5' title="bbox 103 2953 1177 3042">
    <p class='ocr_par' dir='ltr' id='par_1_7' title="bbox 103 2953 1177 3042">
     <span class='ocr_line' id='line_1_32' title="bbox 103 2953 1177 3042; baseline 0.006 -25"><span class='ocrx_word' id='word_1_210' title='bbox 103 2953 276 3038; x_wconf 87' lang='lat' dir='ltr'>acciderat,</span> <span class='ocrx_word' id='word_1_211' title='bbox 305 2954 372 3021; x_wconf 88' lang='lat' dir='ltr'>fore</span> <span class='ocrx_word' id='word_1_212' title='bbox 399 2954 545 3037; x_wconf 88' lang='lat' dir='ltr'>videbat,</span> <span class='ocrx_word' id='word_1_213' title='bbox 567 2964 611 3038; x_wconf 87' lang='lat' dir='ltr'>ut,</span> <span class='ocrx_word' id='word_1_214' title='bbox 642 2955 670 3020; x_wconf 90' lang='lat' dir='ltr'>si</span> <span class='ocrx_word' id='word_1_215' title='bbox 699 2963 806 3022; x_wconf 88' lang='lat' dir='ltr'>essent</span> <span class='ocrx_word' id='word_1_216' title='bbox 834 2955 940 3020; x_wconf 85' lang='lat' dir='ltr'>hostes</span> <span class='ocrx_word' id='word_1_217' title='bbox 969 2953 1062 3042; x_wconf 86' lang='lat' dir='ltr'>pulsi,</span> <span class='ocrx_word' id='word_1_218' title='bbox 1174 2979 1177 2986; x_wconf 90' lang='lat'>·</span> 
     </span>
    </p>
   </div>
   <div class='ocr_carea' id='block_1_6' title="bbox 105 3038 1065 3552">
    <p class='ocr_par' dir='ltr' id='par_1_8' title="bbox 105 3038 1065 3552">
     <span class='ocr_line' id='line_1_33' title="bbox 105 3038 1062 3128; baseline 0.002 -26"><span class='ocrx_word' id='word_1_219' title='bbox 105 3038 264 3104; x_wconf 85' lang='lat' dir='ltr'>celeritate</span> <span class='ocrx_word' id='word_1_220' title='bbox 284 3040 460 3126; x_wconf 85' lang='lat' dir='ltr'>periculum</span> <span class='ocrx_word' id='word_1_221' title='bbox 481 3040 665 3128; x_wconf 87' lang='lat' dir='ltr'>effugerent,</span> <span class='ocrx_word' id='word_1_222' title='bbox 687 3048 793 3108; x_wconf 88' lang='lat' dir='ltr'>tamen</span> <span class='ocrx_word' id='word_1_223' title='bbox 807 3049 919 3106; x_wconf 86' lang='lat' dir='ltr'>nactus</span> <span class='ocrx_word' id='word_1_224' title='bbox 942 3041 1062 3127; x_wconf 87' lang='lat' dir='ltr'>equites</span> 
     </span>
     <span class='ocr_line' id='line_1_34' title="bbox 105 3123 1063 3213; baseline 0.004 -25"><span class='ocrx_word' id='word_1_225' title='bbox 105 3124 229 3194; x_wconf 87' lang='lat' dir='ltr'>circiter</span> <span class='ocrx_word' id='word_1_226' title='bbox 250 3131 338 3200; x_wconf 88' lang='lat' dir='ltr'>XXX,</span> <span class='ocrx_word' id='word_1_227' title='bbox 361 3147 441 3213; x_wconf 89' lang='lat' dir='ltr'>quos</span> <span class='ocrx_word' id='word_1_228' title='bbox 471 3123 631 3191; x_wconf 80' lang='lat' dir='ltr'>Commius</span> <span class='ocrx_word' id='word_1_229' title='bbox 659 3124 806 3207; x_wconf 84' lang='lat' dir='ltr'>Atrebas,</span> <span class='ocrx_word' id='word_1_230' title='bbox 837 3126 877 3190; x_wconf 88' lang='lat' dir='ltr'>de</span> <span class='ocrx_word' id='word_1_231' title='bbox 906 3147 969 3212; x_wconf 88' lang='lat' dir='ltr'>quo</span> <span class='ocrx_word' id='word_1_232' title='bbox 990 3135 1063 3192; x_wconf 81' lang='lat' dir='ltr'>ante</span> 
     </span>
     <span class='ocr_line' id='line_1_35' title="bbox 106 3207 1063 3296; baseline 0.003 -24"><span class='ocrx_word' id='word_1_233' title='bbox 106 3207 302 3292; x_wconf 86' lang='lat' dir='ltr'>dictumest,</span> <span class='ocrx_word' id='word_1_234' title='bbox 331 3232 441 3278; x_wconf 87' lang='lat' dir='ltr'>secum</span> <span class='ocrx_word' id='word_1_235' title='bbox 468 3219 748 3296; x_wconf 72' lang='lat' dir='ltr'>transportaverat,</span> <span class='ocrx_word' id='word_1_236' title='bbox 776 3209 918 3295; x_wconf 84' lang='lat' dir='ltr'>legiones</span> <span class='ocrx_word' id='word_1_237' title='bbox 939 3211 973 3274; x_wconf 90' lang='lat' dir='ltr'>in</span> <span class='ocrx_word' id='word_1_238' title='bbox 995 3211 1063 3275; x_wconf 91' lang='lat' dir='ltr'>acie</span> 
     </span>
     <span class='ocr_line' id='line_1_36' title="bbox 106 3295 1064 3382; baseline 0.003 -24"><span class='ocrx_word' id='word_1_239' title='bbox 106 3314 163 3377; x_wconf 85' lang='lat' dir='ltr'>pro</span> <span class='ocrx_word' id='word_1_240' title='bbox 185 3295 297 3360; x_wconf 82' lang='lat' dir='ltr'>castris</span> <span class='ocrx_word' id='word_1_241' title='bbox 320 3296 491 3360; x_wconf 89' lang='lat' dir='ltr'>constituit.</span> <span class='ocrx_word' id='word_1_242' title='bbox 530 3295 706 3362; x_wconf 80' lang='lat' dir='ltr'>Commisso</span> <span class='ocrx_word' id='word_1_243' title='bbox 727 3295 849 3382; x_wconf 89' lang='lat' dir='ltr'>proelio</span> <span class='ocrx_word' id='word_1_244' title='bbox 870 3295 987 3361; x_wconf 88' lang='lat' dir='ltr'>diutius</span> <span class='ocrx_word' id='word_1_245' title='bbox 1008 3318 1064 3361; x_wconf 89' lang='lat' dir='ltr'>no-</span> 
     </span>
     <span class='ocr_line' id='line_1_37' title="bbox 108 3379 1065 3467; baseline 0.002 -25"><span class='ocrx_word' id='word_1_246' title='bbox 108 3387 242 3448; x_wconf 86' lang='lat' dir='ltr'>strorum</span> <span class='ocrx_word' id='word_1_247' title='bbox 263 3379 397 3448; x_wconf 88' lang='lat' dir='ltr'>militum</span> <span class='ocrx_word' id='word_1_248' title='bbox 418 3381 571 3467; x_wconf 86' lang='lat' dir='ltr'>impetum</span> <span class='ocrx_word' id='word_1_249' title='bbox 584 3380 692 3446; x_wconf 91' lang='lat' dir='ltr'>hostes</span> <span class='ocrx_word' id='word_1_250' title='bbox 703 3380 789 3446; x_wconf 84' lang='lat' dir='ltr'>-ferre</span> <span class='ocrx_word' id='word_1_251' title='bbox 810 3403 875 3447; x_wconf 88' lang='lat' dir='ltr'>non</span> <span class='ocrx_word' id='word_1_252' title='bbox 894 3388 1065 3466; x_wconf 74' lang='lat' dir='ltr'>potuerunt</span> 
     </span>
     <span class='ocr_line' id='line_1_38' title="bbox 109 3465 1065 3552; baseline 0.006 -26"><span class='ocrx_word' id='word_1_253' title='bbox 109 3483 145 3528; x_wconf 83' lang='lat' dir='ltr'>sc</span> <span class='ocrx_word' id='word_1_254' title='bbox 165 3473 256 3551; x_wconf 87' lang='lat' dir='ltr'>terga</span> <span class='ocrx_word' id='word_1_255' title='bbox 275 3474 448 3532; x_wconf 85' lang='lat' dir='ltr'>vertenmt.</span> <span class='ocrx_word' id='word_1_256' title='bbox 493 3465 580 3547; x_wconf 83' lang='lat' dir='ltr'>Quos</span> <span class='ocrx_word' id='word_1_257' title='bbox 601 3474 689 3532; x_wconf 86' lang='lat' dir='ltr'>tanto</span> <span class='ocrx_word' id='word_1_258' title='bbox 712 3465 811 3551; x_wconf 88' lang='lat' dir='ltr'>spatio</span> <span class='ocrx_word' id='word_1_259' title='bbox 834 3467 943 3548; x_wconf 88' lang='lat' dir='ltr'>secuti,</span> <span class='ocrx_word' id='word_1_260' title='bbox 967 3487 1065 3552; x_wconf 86' lang='lat' dir='ltr'>quan-</span> 
     </span>
    </p>
   </div>
   <div class='ocr_carea' id='block_1_7' title="bbox 0 0 1278 3970">
    <p class='ocr_par' dir='ltr' id='par_1_9' title="bbox 0 0 1278 3970">
     <span class='ocr_line' id='line_1_39' title="bbox 0 0 1278 3970; baseline 0 0"><span class='ocrx_word' id='word_1_261' title='bbox 0 0 1278 3970; x_wconf 95' lang='lat' dir='ltr'> </span> 
     </span>
    </p>
   </div>
  </div>
 </body>
</html>
