2490 3974
166 289 228 355 196
474 289 605 354 BELLI
625 289 816 354 AFRIOAE

169 461 255 545 facti,
289 484 424 525 messem
446 485 511 526 non
534 483 604 526 esse
626 462 757 544 factam3
790 471 956 548 praeterea
977 484 1018 525 ex
1043 483 1142 526 cmm

165 548 278 612 Africa
309 548 499 610 frumentum
533 547 733 612 adversarios
765 551 800 612 iu
831 565 935 634 pauca
956 547 1078 633 oppida
1103 558 1142 612 et

164 631 248 698 bene
270 635 392 696 munita
415 643 629 718 comportasse
652 655 841 719 omnemque
863 635 1028 719 regionem
1043 633 1137 696 Afri-

164 740 223 782 cac
247 721 428 782 exinanisse
450 719 617 801 frumento,
652 719 769 803 oppida
800 729 927 804 praeter
954 741 993 782 ea
1012 739 1138 802 pauca,

166 826 248 889 quae
269 806 330 889 ipsi
354 806 418 867 suis
441 803 610 889 praesidiis
632 806 715 867 tueri
728 813 884 889 poterant,
906 802 1031 890 reliqua
1045 803 1136 866 dirui

166 898 262 976 atque
284 889 385 953 deleri
407 900 439 952 et
466 911 576 954 eorum
608 889 730 953 incolas
762 891 847 954 intra
880 911 938 953 sua
968 889 1139 974 praesidia

96 1057 98 1064 Ι
166 983 309 1060 coegisse
353 976 571 1060 commigrare,
616 997 710 1059 agros
754 974 896 1040 desertos
941 997 979 1038 ac
1023 984 1136 1038 vasta-

164 1068 214 1124 tos
230 1081 310 1123 essa.

225 1146 281 1208 121.
304 1145 375 1208 Hac
396 1147 586 1210 necessitate
609 1144 729 1209 Caesar
751 1155 878 1210 coactus
900 1146 1042 1230 privatos
1063 1167 1137 1208 am·

164 1229 282 1295 biendo
306 1239 337 1295 et
363 1229 480 1294 blande
509 1229 699 1316 appellando
734 1231 930 1317 aliquantum
961 1251 1136 1294 numerum

165 1315 316 1379 frumenti
336 1318 370 1379 in
392 1338 450 1380 sua
470 1315 632 1401 praesidia
665 1325 870 1402 congesserat
902 1325 934 1379 et
966 1337 1003 1379 eo
1030 1337 1137 1400 parce

166 1401 322 1464 utebatur.
346 1401 454 1486 Opera
475 1403 603 1465 interim
625 1403 695 1487 ipse
718 1401 859 1486 quotidie
882 1403 1017 1465 circuire
1041 1409 1074 1463 et
1090 1399 1136 1464 ad

165 1495 271 1550 ternas
294 1487 439 1551 cohortes
462 1489 495 1550 in
518 1489 653 1551 statione
681 1487 800 1551 habere
829 1495 959 1572 propter
991 1485 1137 1549 hostium

165 1571 409 1637 multitudinem.
432 1571 593 1636 Labienus
617 1575 741 1638 saucios
765 1595 848 1654 suos,
893 1593 1007 1636 uorum
1028 1573 1134 1634 maxi-

164 1678 236 1720 mus
258 1679 408 1721 numerus
430 1658 497 1740 fuit,
531 1658 620 1721 iubet
641 1659 674 1722 in
696 1658 825 1744 plostris
848 1597 1003 1742 dbligatos
1025 1656 1136 1721 Adru-

164 1751 284 1807 metum
306 1742 476 1829 deportari.
509 1743 616 1807 Nares
642 1745 769 1807 interim
793 1742 941 1807 Caesaris
964 1744 1137 1807 onerariae

166 1827 365 1893 errabundae
388 1829 470 1892 male
491 1829 692 1914 vagabantur
712 1831 854 1892 incertae
876 1828 1019 1893 locorum
1034 1837 1136 1912 atque

166 1923 343 1978 castrorum
366 1936 512 1996 suorum3
546 1937 625 1999 quas
655 1913 797 1998 singulas
820 1915 958 1998 scaphae
981 1912 1135 1977 adversa-

165 2000 285 2064 riorum
307 1999 487 2084 complures
511 1999 642 2065 adortae
675 1999 890 2064 incendebant
912 2006 1007 2084 atque
1030 2021 1134 2084 expu-

165 2084 315 2170 gnabant.
338 2085 409 2149 Hac
430 2107 466 2150 re
487 2087 631 2150 nuntiata
654 2085 774 2150 Caesar
796 2085 915 2148 classes
939 2087 1060 2148 circum
1082 2086 1131 2148 in-

166 2169 252 2234 sulas
288 2181 461 2256 portusque
498 2171 664 2256 disposuit,
702 2193 764 2257 quo
800 2171 899 2234 tutius
935 2183 1135 2234 commeatus

167 2258 348 2340 supportari
368 2264 485 2342 posset.

231 2341 284 2404 22.
305 2341 348 2405 M.
373 2341 453 2406 Cato
486 2345 622 2426 interim,
657 2344 710 2429 qui
742 2342 857 2406 Uticae
889 2349 1046 2426 praeerat,
1070 2337 1133 2403 Gn.

165 2425 351 2511 Pompeium
373 2428 474 2491 filium
495 2427 602 2491 multis
617 2429 725 2492 verbis
748 2426 938 2512 assidueque
961 2425 1135 2510 obiurgare

166 2533 230 2576 non
242 2512 423 2576 desistebat.
447 2513 544 2596 Tuus,
567 2514 679 2600 inquit,
702 2522 795 2599 pater
808 2513 891 2576 istuc
906 2515 1019 2576 aetatis
1033 2533 1134 2658 quum

167 2607 252 2660 esset
285 2607 316 2660 et
349 2598 624 2663 animadvertisset
663 2597 895 2684 rempublicam
927 2597 967 2660 ab
1000 2619 1042 2660 ne
1055 2597 1134 2660 ariis

167 2681 393 2769 sceleratisque
416 2684 540 2748 civibus
563 2707 749 2770 oppressam
770 2685 936 2768 bonosque
958 2691 1013 2744 aut
1034 2683 1133 2744 inter-

168 2767 269 2833 fectos
292 2778 346 2832 aut
369 2770 465 2834 e'xilio
487 2770 636 2835 multatos
659 2772 764 2856 patria
785 2770 977 2853 civitateque
1011 2789 1133 2850 carere,

168 2851 273 2938 gloria
295 2863 326 2918 et
346 2857 445 2920 animi
472 2855 692 2940 magnitudine
725 2854 826 2920 elatus
859 2855 1002 2939 privatus
1036 2861 1133 2938 atque

167 2938 423 3004 adolescentulus
455 2944 580 3027 paterni
614 2942 772 3006 exereitus
808 2938 869 3004 reli
891 2939 951 3002 uiis
989 2935 1134 3001 collectis

166 3045 269 3108 paene
292 3047 476 3111 oppressam
498 3027 698 3106 funditusque
713 3025 850 3090 deletam
865 2963 987 3088 dtaliam
1006 3021 1134 3086 urbem-

143 3129 146 3132 ·
169 3131 232 3194 que
253 3111 427 3175 Romanam
448 3114 482 3176 in
504 3111 683 3176 libertatem
704 3111 886 3190 vindicavit,
909 3109 1056 3194 idemque
1083 3107 1134 3172 Si·

169 3194 284 3278 ciliam,
321 3197 473 3281 Africam,
511 3198 702 3278 Numidiam,
740 3196 964 3260 Mauritaniam
992 3193 1135 3258 mirabili

169 3280 332 3346 celeritate
354 3285 449 3346 armis
471 3285 601 3369 recepit.
636 3281 760 3362 Quibus
790 3304 829 3345 ex
856 3279 953 3344 rebus
977 3279 1038 3342 sibi
1060 3301 1135 3344 eam

170 3367 365 3452 dignitatem,
422 3391 481 3433 uae
504 3379 552 3434 est
597 3391 632 3433 er
660 3377 772 3453 gentes
800 3366 976 3431 clarissima
1008 3365 1135 3430 notissi-

168 3473 294 3537 maque,
313 3391 492 3519 conciliavit
515 3392 831 3540 adolescentulusque
847 3461 942 3536 atque
958 3473 1055 3536 eques
1069 3449 1134 3514 Ro-

186 3557 284 3600 ianus
306 3540 522 3624 triumphavit.
544 3540 650 3626 Atque
672 3538 726 3604 ille
747 3561 812 3603 non
833 3540 879 3602 ita
900 3535 1013 3622 amplis
1033 3534 1134 3601 rebus
