2532 3968
169 239 230 305 190
423 239 484 303 ΒΕ
505 233 649 305 BELLO
673 237 864 306 GALLICO

483 581 813 648 A.H1RT11

202 677 304 832 nn
354 717 641 832 nunno
695 717 1099 833 ulturno·

338 909 707 976 conlnnnnnnws
730 911 956 975 OCTAVUS.

442 1165 853 1218 ARGUMENTUM.

173 1251 212 1318 [A.
231 1253 263 1302 U.
284 1252 310 1302 C.
331 1252 398 1320 703.]
428 1253 528 1302 Hirtius
545 1267 587 1302 res
606 1257 699 1302 octavo
711 1251 911 1311 proconsulatus
929 1267 997 1302 anno
1016 1251 1048 1302 ab
1063 1251 1127 1302 Cae·

205 1322 306 1370 sarain
325 1321 412 1372 Gallia
429 1325 516 1386 gestas
533 1325 683 1371 narraturus
701 1319 831 1385 praefatur
858 1320 969 1384 epistola
986 1320 1069 1370 Balbo
1087 1335 1127 1370 rs·

207 1388 308 1453 scripta
345 1389 427 1440 Gallis
460 1389 544 1439 denuo
573 1389 766 1438 coniurantibus
790 1404 811 1437 c.
838 1389 851 1436 1
888 1388 984 1438 Caesar
1011 1387 1127 1453 singulas

205 1458 321 1508 civitates
340 1458 521 1522 exinopinata
540 1457 645 1506 adortus
668 1457 799 1521 Bituriges
816 1457 843 1504 in
862 1455 1017 1508 deditionem
1035 1456 1129 1522 accipit

206 1542 226 1574 c.
246 1527 270 1576 2.
288 1527 312 1587 3,
332 1526 457 1576 Carnutes
476 1525 596 1590 opprimit
614 1541 635 1574 c
654 1526 677 1574 4.
696 1523 997 1586 5,ternos}3e110vaoos
1016 1523 1129 1574 debellat

206 1611 226 1642 r.
246 1596 337 1644 6-22.
373 1595 516 1644 Narrantur
539 1594 650 1644 insidiae
677 1593 804 1658 superiori
831 1607 898 1641 anno
922 1591 996 1642 iussu
1018 1592 1129 1642 Labieni

206 1663 320 1712 Commio
343 1662 460 1712 Atrebati
481 1667 586 1726 paratae
609 1677 631 1710 c
650 1663 690 1710 23.
725 1659 849 1710 Exercitu
874 1660 962 1726 plures
987 1662 1015 1709 in
1041 1665 1129 1726 partes

205 1731 289 1781 diviso
308 1731 405 1782 Caesar
423 1731 507 1780 denuo
524 1731 674 1780 Eburonum
691 1727 755 1779 fines
772 1728 912 1794 populatur
929 1745 951 1778 c
971 1731 1017 1790 24;
1035 1729 1129 1780 Labie·

205 1800 311 1848 namin
322 1800 452 1850 Treveros
469 1799 545 1847 mittit
563 1814 584 1848 c.
597 1799 637 1847 25.
656 1797 813 1858 Dumnacus,
834 1797 944 1847 Andium
963 1797 1023 1860 dux,
1041 1799 1128 1848 Limo-

205 1879 263 1918 nem
281 1867 403 1918 obsidens
421 1868 530 1933 primum
547 1883 570 1916 a.
590 1866 618 1916 C.
638 1865 746 1916 Caninio
764 1865 850 1931 legato
870 1871 1019 1932 superatur,
1036 1881 1130 1916 morsa

207 1935 234 1986 C.
252 1936 335 1986 Fabio
353 1937 381 1985 in
398 1936 486 2001 fugam
504 1936 638 1984 coniicitur
661 1951 682 1985 c.
701 1935 812 1984 26-29.
848 1934 971 1985 Caninius
989 1935 1130 2000 Drapetem

206 2005 334 2055 Senonem
352 2008 378 2054 et
394 2005 541 2054 Lucterium
564 2003 709 2056 Cadurcum
726 2003 886 2068 provinciam
910 2003 1034 2054 invadere
1053 2016 1130 2054 cona·

204 2079 245 2123 tos
264 2075 427 2139 persequitur
444 2087 466 2122 c.
485 2074 525 2122 30.
562 2072 688 2123 Carnutes
710 2073 822 2136 itemque
845 2071 994 2123 Armoricae
1012 2073 1129 2122 civitates

205 2159 222 2191 a
238 2143 320 2192 Fabio
338 2141 459 2191 infidam
476 2141 634 2207 recipiuntur
652 2157 673 2190 c
692 2143 733 2190 31.
758 2139 958 2201 Uxellodunum,
977 2152 1028 2206 quc
1043 2139 1129 2204 Drap·

205 2225 252 2276 pes
271 2215 296 2260 et
312 2211 449 2260 Lucterius
468 2210 650 2276 confugerant,
674 2209 807 2260 obsidetur
825 2225 841 2258 a
859 2209 967 2259 Caninio
986 2224 1008 2257 c
1027 2209 1068 2257 32.
1086 2209 1128 2270 33,

206 2279 250 2343 qui
267 2279 439 2329 frumentandi
457 2294 536 2328 causa
555 2293 587 2328 ex
604 2278 700 2343 oppido
725 2293 845 2343 egressos
868 2276 970 2342 repellit
987 2292 1008 2325 c
1027 2277 1068 2325 34.
1087 2277 1129 2338 35,

206 2348 345 2411 Drappetis
364 2351 450 2396 castra
462 2351 594 2412 expugnat
601 2347 738 2412 ipsumque
751 2348 819 2410 capit
831 2361 852 2396 c.
865 2347 906 2394 36.
924 2344 994 2394 Dum
1006 2344 1129 2409 operibus

206 2415 397 2465 Uxellodunum
414 2415 561 2477 includitur,
580 2415 676 2466 Caesar
693 2415 721 2464 in
734 2414 858 2464 Carnutes
876 2411 1006 2476 profectus
1026 2412 1057 2461 de
1076 2412 1129 2462 Gu-

206 2488 291 2533 truato
310 2483 373 2532 belli
390 2484 547 2533 concitatore
565 2483 719 2549 supplicium
737 2483 814 2532 sumit
832 2497 852 2529 c.
872 2483 912 2530 3⁷.
932 2481 972 2530 38.
1009 2480 1128 2532 Caesaris

207 2552 241 2600 ad
259 2551 450 2602 Uxellodunum
470 2552 611 2613 adventus;
639 2550 761 2616 oppidani
785 2549 817 2598 ab
841 2565 909 2613 aqua
931 2548 1054 2613 prohibiti
1076 2549 1129 2600 Ru·

205 2634 338 2669 manorum
357 2635 437 2685 opera
452 2620 604 2680 incendunt;
622 2623 708 2667 tamen
725 2617 783 2668 lona
802 2619 891 2682 oppidi
909 2617 1033 2667 cuniculis
1051 2618 1129 2668 inter·

208 2688 301 2738 ciditur
318 2703 340 2737 e.
359 2689 467 2736 39-43.
504 2687 634 2753 Oppidani
658 2687 691 2735 ad
715 2686 872 2736 deditionem
896 2686 979 2736 coacti
1006 2686 1129 2751 gravibus

208 2756 341 2821 suppliciis
368 2773 385 2806 a
411 2756 522 2806 Caesare
548 2753 694 2804 afficiuntur
721 2770 742 2804 c.
766 2756 807 2803 44.
843 2755 964 2804 Treveris
987 2755 1091 2804 interim
1113 2770 1130 2805 a

207 2825 323 2875 Labieno
342 2824 450 2874 devictis
469 2840 490 2873 c.
508 2824 549 2884 45,
569 2822 665 2872 Caesar
682 2823 709 2872 in
727 2822 870 2888 Aquitanos
888 2822 1019 2888 profectus
1038 2839 1083 2873 eos
1102 2824 1130 2872 in

206 2891 282 2944 fidem
300 2893 405 2958 accipin
427 2893 488 2941 hinc
506 2892 643 2940 exercitum
666 2907 713 2957 per
730 2891 831 2958 legatos
849 2891 877 2940 iu
900 2891 1008 2941 hiberna
1027 2891 1131 2941 deducit

209 2976 229 3010 c.
253 2964 294 3010 46.
331 2961 460 3011 Commius
483 2959 592 3008 Atrebas
615 2959 651 3008 M.
674 2959 788 3010 Antonio
815 2960 948 3025 quaestori
975 2975 1003 3010 se
1031 2959 1130 3009 dedidit

207 3045 228 3078 c.
247 3032 287 3080 47.
305 3031 347 3080 48.

173 3095 213 3164 ΙΑ.
232 3099 264 3149 U.
283 3113 305 3148 c.
325 3097 392 3164 tot]
427 3096 562 3148 Praefatur
584 3097 698 3159 Hirtius,
726 3113 771 3148 cur
797 3113 839 3148 res
863 3097 896 3147 ab
920 3097 1033 3148 Caesare
1056 3110 1129 3147 nono

209 3165 409 3232 proconsulatus
427 3181 495 3215 anno
509 3167 541 3224 ‚in
559 3165 645 3216 Gallia
663 3170 750 3232 gestas
768 3167 860 3216 eodem
882 3166 1065 3217 commentario
1083 3165 1129 3214 ab·

208 3234 347 3286 solvendas
365 3234 500 3284 censuerit.
519 3263 552 3272 -
569 3235 610 3284 Ne
630 3233 677 3284 sub
695 3233 771 3284 finem
788 3235 889 3299 imperii
906 3250 976 3284 nova
989 3232 1058 3283 bella
1075 3248 1129 3282 nro·

206 3307 340 3365 verentur,
369 3303 464 3352 Caesar
485 3307 646 3368 ,quapotest
668 3302 803 3353 clementia
820 3305 848 3352 in
872 3303 986 3352 devictas
1012 3301 1130 3354 civitates

207 3372 288 3420 utitur
305 3385 327 3419 c.
340 3371 381 3419 49.
401 3369 535 3421 Profectus
553 3372 580 3419 in
598 3370 698 3420 Italiam
718 3373 823 3421 summis
841 3371 983 3422 honoribus
1002 3369 1034 3419 ab
1047 3369 1129 3418 muni-

207 3438 281 3502 cipiis
299 3444 325 3488 et
343 3438 453 3488 coloniis
472 3438 597 3504 excipitur
616 3455 636 3488 c.
656 3441 697 3488 50.
716 3442 761 3501 51;
779 3440 840 3490 inde
859 3455 935 3505 quam
952 3437 1085 3489 celerrime
1102 3438 1130 3487 in

207 3503 356 3561 ulteriorem
374 3506 486 3556 Galbam
509 3523 630 3559 reversus
655 3510 794 3560 exercitum
818 3525 850 3560 ex
874 3508 992 3560 omnibus
1014 3505 1129 3557 hibernis
