2532 3968
367 646 791 818 Paanulmo

173 945 381 1081 Quantopere
401 989 532 1051 meritus
558 989 599 1050 sit
620 985 755 1051 Carolus
775 986 986 1074 Nipperdeius
1009 989 1050 1056 de

106 1071 311 1138 emendandis
334 1072 481 1138 Caesaris
510 1073 645 1156 scriptis,
671 1072 831 1136 neminem
852 1095 959 1137 rerum
1005 1075 1051 1140 hi·

104 1157 309 1242 lologicarum
330 1157 488 1224 curiosum
510 1157 595 1221 latet.
618 1157 744 1220 Primus
766 1159 850 1221 enim
872 1097 1051 1244 etquidem

105 1245 242 1309 maxime
271 1245 305 1306 in
333 1241 422 1308 libris
451 1243 491 1308 de
517 1242 603 1306 bello
626 1241 749 1308 Calliae
771 1242 804 1306 id
825 1245 991 1330 praestitit,
1015 1255 1051 1309 ut

104 1326 204 1392 verba
226 1329 387 1414 scriptoris
416 1328 456 1392 ad
479 1329 612 1412 optimos
635 1327 759 1393 codices
782 1337 962 1393 constanter
984 1332 1051 1393 exi·

106 1423 210 1500 geret,
239 1423 271 1479 et
292 1411 347 1478 ubi
369 1423 477 1500 aperte
493 1423 629 1477 erratum
651 1421 744 1493 esset,
766 1434 807 1476 ex
828 1413 953 1478 illorum
975 1417 1052 1478 scri·

104 1508 197 1584 ptura
225 1522 412 1586 quamquam
438 1507 586 1584 corrupta
607 1499 777 1582 genuinam
799 1497 914 1564 elicere
940 1499 1052 1564 mallet

105 1606 200 1670 quam
225 1585 259 1647 in
291 1585 444 1670 expeditis
471 1583 624 1648 librorum
652 1582 911 1667 interpolatorum
940 1584 1050 1649 verbis

105 1670 312 1754 requiescere.
356 1667 447 1750 Quae
475 1669 537 1734 scri
560 1669 637 1733 toris
667 1669 825 1732 tractandi
846 1671 926 1732 ratio
954 1691 1051 1754 quum

104 1755 196 1818 unice
216 1753 383 1856 probanda
405 1773 474 1820 esse
494 1691 651 1835 videnum,
680 1754 725 1816 ita
752 1759 787 1817 ut
809 1757 862 1838 qui
882 1763 953 1838 post
974 1755 1050 1840 Nip-

104 1839 225 1924 perdeir
247 1862 339 1904 curas
355 1837 501 1904 Caesaris
524 1840 761 1903 commentarios
785 1838 886 1903 denuo
910 1839 1051 1904 editurus

105 1933 160 2008 est,
183 1923 287 1989 faeere
308 1945 373 1989 non
394 1925 502 2010 possit,
532 1925 607 2010 quin
629 1922 799 1988 verborum
821 1945 987 1988 censuram
1009 1924 1050 1990 ab

106 2031 142 2073 eo
163 2020 321 2094 peractam
336 2019 495 2096 tamquam
513 2009 749 2074 fiandamentum
764 2008 920 2091 adhibeat,
943 2018 1051 2074 tamen

106 2116 201 2180 quum
232 2118 295 2160 non
327 2097 420 2159 unius
453 2097 493 2158 sit
524 2093 659 2162 hominis
687 2095 865 2176 emendare,
889 2117 969 2179 quae
991 2117 1051 2180 per

106 2179 232 2244 saecula
253 2182 320 2244 sive
342 2201 417 2244 casu
440 2189 471 2244 et
491 2179 707 2265 neglegentia,
744 2180 811 2244 sive
833 2201 932 2264 prava
954 2179 1050 2244 docti·

105 2286 193 2329 orum
213 2266 355 2330 virorum
375 2266 531 2330 industria
546 2267 608 2329 sint
621 2274 762 2350 peccata,
784 2288 849 2329 non
870 2265 1049 2348 miraberis,

105 2349 153 2414 his
181 2349 244 2414 illis
272 2351 348 2415 locis
380 2351 476 2416 aliam
504 2358 597 2436 atque
624 2350 671 2414 illi
698 2349 846 2434 placebat
871 2351 957 2414 viam
979 2372 1050 2415 esse

104 2434 281 2499 ineundam.
324 2435 424 2523 quue
449 2437 594 2522 inprimis
621 2437 654 2498 in
684 2435 774 2499 libris
796 2435 835 2498 de
857 2433 942 2500 bello
965 2435 1050 2500 civili

106 2529 137 2583 et
163 2522 217 2606 qui
246 2519 393 2606 subiungi
426 2521 527 2586 solent
555 2521 786 2585 commentariis
809 2519 954 2584 accidere
975 2520 1050 2586 ideo

104 2626 234 2671 necesse
262 2615 325 2688 cst,
356 2605 439 2694 quod
460 2606 493 2670 hi
516 2607 731 2672 commentarii
758 2627 821 2668 non
847 2606 909 2668 nisi
936 2606 1050 2670 codici-

105 2689 163 2754 bus
195 2689 360 2755 deterioris
391 2701 485 2755 notae
518 2692 634 2755 servati
667 2701 748 2774 sunt,
781 2691 826 2755 ita
854 2691 942 2753 utin
963 2692 1050 2754 vitiis

107 2775 309 2840 emendandis
337 2785 367 2840 et
393 2778 427 2840 in
449 2777 569 2840 lacunis
592 2786 623 2840 et
644 2774 939 2862 interpolationibus
961 2777 1048 2840 inve·

105 2859 256 2946 stigandis
278 2860 447 2947 largiorem
470 2861 665 2947 disceptandi
680 2861 843 2925 materiam
864 2860 1048 2944 praebeant.

166 2943 203 3008 In
212 2945 271 3009 hac
279 2946 379 3010 altera
392 2947 683 3011 commentariorum
691 2956 779 3031 parte
793 2945 1050 3029 recognoscenda

105 3027 233 3094 adhibui
250 3032 391 3097 codicem
411 3030 690 3096 vindobonensem
706 3032 852 3117 primum,
869 3031 957 3094 euius
973 3032 1049 3094 scri·

103 3123 213 3200 pturae
236 3115 462 3202 discrepantias
478 3113 689 3180 Schneiderus
703 3139 767 3180 non
787 3115 850 3179 nisi
871 3115 904 3177 in
919 3125 1049 3201 septem,
1141 3137 1145 3146 ·

126 3221 182 3264 uos
203 3197 309 3284 edidit,
327 3200 403 3266 belli
418 3201 534 3267 Gallici
547 3200 636 3266 libris
656 3211 687 3264 et
702 3200 744 3265 ali
766 3209 821 3265 uot
835 3201 1051 3266 commentarii

105 3224 143 3349 de
155 3284 238 3350 bello
251 3285 453 3373 Hispaniensi
464 3288 541 3352 locis
554 3287 667 3350 docuit.
684 3224 831 3350 Intellexi
847 3295 951 3349 autem
967 3285 1050 3349 huno

105 3369 221 3521 liborapppp
244 3394 338 3529 ‹ppam
366 3373 508 3458 proxime
538 3373 688 3438 accedere
711 3370 752 3436 ad
774 3369 915 3517 codicem
935 3370 1049 3435 Parisi-
