2538 3978
355 251 487 318 comi.
510 249 559 315 m
581 251 831 352 caari-rc.
1038 250 1079 316 aa

125 447 232 507 naves,
253 433 441 490 nocturnum
463 418 610 510 excipere
632 446 737 488 rorem
764 433 966 509 augmentum
1000 445 1079 510 quas

123 522 233 576 tamen
255 510 454 578 difficultates
475 511 632 597 patienter
665 518 758 596 atque
785 531 886 596 aequo
909 511 1013 584 animo
1034 509 1079 578 fe·

126 595 241 662 rebant
271 619 376 682 neque
408 596 469 660 sibi
500 594 650 660 nudanda
681 595 774 659 litora
801 604 833 659 et
853 593 934 660 relin
957 595 1078 662 nendos

125 691 237 768 portus
260 682 492 749 existimabant.
516 680 581 746 Sed
603 703 699 766 quum
722 689 828 746 essent
848 681 882 744 in
898 702 951 766 qm
974 701 1011 744 us
1027 681 1079 746 de·

125 769 300 832 monstravi
332 769 495 854 angustiis,
529 788 567 832 ac
595 789 629 830 se
655 765 736 830 Libo
759 787 831 830 cnm
858 766 973 832 Bibulo
1006 787 1079 834 con·

126 853 292 934 iunxisset,
316 851 486 938 loquuntur
508 852 600 916 ambo
624 875 664 916 ex
678 852 813 916 navibus
825 874 898 917 cum
911 846 962 934 Μ’.
975 851 1079 917 Acilio

126 947 162 1002 et
182 937 282 1003 Statio
303 938 413 1002 Murco
436 938 566 1024 legatis3
589 960 720 1022 quorum
743 936 822 1002 alter
843 937 951 1024 oppidi
972 939 1079 1020 muris,

124 1023 208 1088 alter
240 1025 406 1110 praesidiis
442 1023 645 1088 terrestribus
700 1033 839 1088 nacerat:
872 1022 955 1089 velle
983 1045 1018 1088 se
1041 1023 1081 1086 de

124 1111 273 1173 maximis
295 1110 390 1174 rebus
414 1131 485 1172 emn
515 1108 653 1174 Caesare
678 1047 776 1210 loqui,
810 1109 837 1172 si
866 1107 999 1174 facultas
1028 1107 1080 1172 de·

124 1205 186 1258 tur.
230 1195 303 1258 Huc
326 1194 445 1260 addunt
465 1217 569 1280 pauca
590 1196 637 1258 rei
659 1193 892 1258 confirmandae
920 1215 1023 1276 causa,
1045 1203 1081 1258 ut

123 1280 166 1343 de
188 1282 411 1366 compositione
434 1283 533 1348 acturi
554 1281 744 1346 viderentur.
767 1279 897 1342 interim
911 1279 1079 1364 postulant,

125 1375 161 1429 ut
183 1367 246 1429 sint
266 1367 421 1446 induciae,
459 1377 552 1452 atque
575 1365 675 1430 abiis
705 1366 884 1450 impetrant.
927 1365 1081 1451 Magnum

125 1453 220 1532 enim,
259 1452 343 1536 quod
365 1451 549 1532 afferebant,
586 1449 762 1532 videbatur,
800 1458 831 1515 et
854 1449 1024 1514 Caesarem
1045 1449 1079 1514 id

126 1559 248 1600 summe
282 1537 424 1602 sciebant
457 1559 581 1622 cupere,
620 1545 651 1600 et
677 1536 852 1621 profectum
884 1535 1004 1622 aliquid
1025 1535 1080 1599 Vi·

125 1621 216 1686 bullii
237 1622 392 1686 mandatis
415 1621 661 1686 existimabatur.

193 1707 241 1770 16.
266 1706 385 1772 Caesar
415 1715 622 1792 eo'tempore
650 1729 721 1770 cum
742 1705 867 1792 legione
889 1731 954 1774 una
975 1706 1078 1792 profe-

125 1801 197 1856 ctus
220 1792 260 1855 ad
283 1793 482 1877 recipiendas
515 1792 682 1858 ulteriores
705 1793 847 1862 civitates
870 1804 902 1858 et
924 1815 992 1857 rem
1013 1792 1077 1854 fru-

126 1879 313 1941 mentariam
336 1877 574 1962 expediendam,
599 1900 661 1965 qua
682 1887 816 1962 anguste
831 1879 986 1958 utebatur,
1010 1886 1079 1940 crat

128 1962 171 2026 ad
192 1962 388 2044 Buthrotum,
422 1966 599 2050 oppositum
622 1963 792 2048 Corcyrae.
825 1962 876 2028 lbi
898 1965 1013 2028 certior
1038 1961 1079 2029 ab

126 2046 232 2113 Acilio
255 2058 286 2112 et
306 2049 418 2111 Murco
440 2071 497 2134 per
519 2048 639 2114 litteras
661 2049 761 2112 factus
785 2049 824 2112 de
849 2049 1013 2133 postrdatis
1028 2047 1080 2110 Li·

127 2133 220 2201 bonis
244 2143 275 2198 et
295 2132 404 2197 Bibuli
425 2133 583 2220 legionem
604 2134 770 2220 relinquit3
793 2135 862 2218 ipse
876 2135 1017 2200 ‘Oricum
1031 2156 1080 2197 re-

6 2273 13 2283 .
125 2219 270 2282 vertitur.
293 2219 341 2283 Eo
365 2241 460 2305 quum
482 2221 630 2302 venisset,
660 2228 831 2284 evocantur
853 2220 900 2284 illi
922 2221 963 2284 ad
986 2217 1080 2284 eollo-

127 2305 245 2390 quium.
269 2303 379 2368 Prodit
399 2304 479 2369 Libo
503 2315 597 2392 atquc
619 2314 751 2372 excusat
770 2304 930 2388 Bibulum,
955 2305 1039 2392 quod
1053 2305 1081 2368 is

126 2371 293 2454 iracundia
321 2412 443 2455 summa
471 2401 538 2455 crat
563 2391 793 2475 inimcitiasque
822 2389 959 2456 habebat
987 2392 1082 2455 etiam

126 2477 267 2560 privatas
291 2499 363 2540 cum
386 2475 525 2542 Caesare
548 2499 588 2542 ex
610 2477 767 2542 aedilitate
784 2486 821 2541 et
838 2487 987 2562 praetura
1009 2498 1081 2540 con·

124 2571 252 2646 captas:
277 2561 317 2627 ob
341 2584 410 2625 eam
432 2583 561 2626 causam
584 2563 774 2648 colloquium
799 2565 926 2644 vitasse,
960 2585 1000 2627 ne
1029 2583 1081 2626 res

126 2648 283 2711 maximae
306 2650 374 2732 spci
395 2650 614 2734 maximaeque
647 2639 789 2712 utilitatis
823 2651 890 2714 eius
919 2647 1083 2716 iracundia

127 2732 365 2816 impedirentur.
388 2733 518 2818 Pompei
540 2757 695 2798 summam
728 2756 797 2798 esse
821 2756 858 2798 ac
879 2735 978 2800 fuisse
1001 2755 1080 2796 sem-

127 2839 184 2900 per
206 2817 411 2900 voluntatcm,
444 2829 479 2883 ut
512 2827 752 2904 componeretur
785 2828 878 2905 atque
910 2819 950 2884 ab
983 2819 1080 2882 armis

124 2903 349 2986 discederetur,
373 2903 430 2967 sed
451 2914 637 2989 potestatem
661 2907 727 2968 eius
748 2905 796 2968 rei
817 2904 937 2968 nullam
951 2903 1079 2984 habere,

124 2999 292 3073 propterea
314 2990 397 3075 quod
420 2989 459 3054 de
481 2989 603 3054 consilii
637 2991 791 3054 sententia
819 3011 973 3054 summam
1005 2985 1082 3051 belli

125 3095 233 3138 rerum
256 3097 297 3140 ue
319 3075 458 3139 omnium
478 3075 628 3160 Pompeio
651 3077 859 3160 permiserint.
891 3074 955 3140 Sed
976 3081 1082 3159 postu·

127 3155 199 3222 latis
223 3098 371 3224 (iaeseris
394 3161 528 3246 cognitis
544 3163 698 3226 missuros
714 3160 755 3223 ad
768 3160 963 3246 Pompeium,
987 3168 1019 3222 at
1040 3179 1081 3222 ue

125 3241 217 3308 illum
239 3245 363 3332 reliqua
382 3268 441 3331 per
464 3256 666 3332 scaeturum
688 3245 886 3309 hortantibus
912 3245 1001 3330 ipsis.
1020 3182 1081 3306 ln-

124 3336 213 3394 terea
233 3343 398 3396 manerent
418 3331 575 3415 induciae,
602 3333 677 3396 dum
699 3330 739 3394 ab
761 3330 816 3395 illo
837 3331 935 3396 rediri
963 3333 1082 3415 posset,

125 3435 208 3481 neve
231 3417 311 3481 alter
333 3418 427 3482 alteri
448 3427 586 3482 noceret
609 3417 683 3481 Huc
697 3415 786 3481 addit
799 3437 901 3504 pauca
923 3412 963 3480 de
985 3435 1087 3482 causa

124 3499 219 3564 etde
242 3505 340 3588 copiis
363 3503 551 3591 auxiliisque
574 3503 650 3568 suis.
