2534 3970
188 184 232 248 42
444 183 506 247 DE
526 183 671 249 BELLO
694 183 885 248 GALLIco

188 355 282 418 misit.
311 354 372 418 His
387 353 538 432 Quintum
554 354 686 419 Pedium
701 366 732 417 et
744 355 877 418 Lucium
893 354 1141 418 Aurunculeium

190 438 314 504 Cottam
335 439 456 525 legatos
477 440 637 524 praefecit
670 439 776 503 Titum
801 439 977 504 Labienum
1002 439 1141 523 legatum

189 546 261 588 cum
282 524 460 610 legionibus
482 524 582 588 tribus
597 524 748 610 subsequi
766 528 867 590 iussit
888 524 933 587 Hi
953 526 1141 588 novissimos

189 610 291 674 adorti
319 620 351 673 et
379 609 478 672 multa
503 608 591 673 milia
621 632 773 694 passuum
804 609 963 696 prosecuti
994 631 1142 693 magnam

188 695 419 760 multitudinem
433 717 541 758 eorum
555 695 742 780 fugientium
757 695 969 776 concidenmt,
990 717 1086 779 quum
1100 693 1141 758 ab

189 790 330 845 extremo
352 782 487 864 agmine,
510 780 551 844 ad
573 802 652 866 quos
673 793 804 844 ventum
826 795 906 860 erat,
937 782 1142 844 consisterent
1254 789 1255 806 ¹

188 865 371 951 fortiterque
399 867 550 950 impetum
578 875 757 929 nostrorum
786 865 920 930 militum
941 865 1141 947 sustinerent,
1254 919 1255 938 ,

188 951 326 1036 priores,
359 951 444 1035 quod
473 951 585 1015 abesse
615 949 803 1042 epericulo
830 949 1012 1016 viderentur
1037 973 1078 1012 ne
1101 971 1141 1014 ue
1254 983 1255 992 ¹

188 1035 253 1099 nlla
266 1036 455 1101 necessitate
469 1058 573 1122 neque
587 1037 718 1120 imperio
734 1038 976 1117 continerentur,
993 1057 1076 1098 exau
1100 1037 1141 1098 'to

188 1119 325 1185 clamore
357 1120 547 1205 perturbatis
579 1119 741 1186 ordinibus
774 1143 884 1186 omnes
916 1121 950 1184 in
977 1120 1054 1204 fuga
1081 1119 1141 1183 sibi

187 1206 380 1291 praesidium
401 1215 565 1290 ponerent.
609 1205 659 1270 Ita
680 1207 748 1270 sine
769 1205 834 1271 ullo
862 1204 1002 1290 periculo
1023 1215 1142 1268 tantam

188 1311 296 1354 sorum
329 1290 561 1355 multitudinem
591 1293 692 1356 nostri
722 1292 958 1371 interfecerunt,
992 1299 1141 1376 quantum

186 1375 245 1440 fuit
266 1375 330 1438 diei
351 1377 502 1461 spatium,
536 1375 595 1440 sub
617 1398 828 1462 occasumque
857 1375 933 1440 solis
955 1373 1142 1440 destiterunt

188 1483 285 1546 seque
307 1463 341 1524 in
363 1470 476 1542 castra,
499 1471 534 1525 ut
555 1471 625 1526 erat
638 1465 836 1548 imperatum,
858 1469 1055 1560 receperunt

252 1546 301 1609 12.
341 1545 498 1611 Postridie
531 1548 599 1610 eius
632 1547 696 1611 diei
728 1545 863 1628 Caesar,
895 1567 1079 1630 prnusquam
1107 1567 1142 1609 se

187 1631 293 1696 hostes
316 1654 358 1695 ex
379 1641 499 1696 terrore
520 1655 558 1696 ac
578 1633 655 1716 fuga
674 1633 870 1718 reciperent,
892 1633 926 1694 in
947 1629 1026 1694 fines
1049 1627 1142 1694 Sues·

188 1717 327 1799 sionum,
358 1718 413 1802 qui
439 1719 575 1802 proximi
595 1717 703 1781 Remis
725 1726 829 1798 erant,
858 1718 1032 1781 exercitum
1054 1713 1143 1779 duxit

191 1811 223 1866 et
244 1825 359 1888 magno
381 1804 493 1866 itinere
516 1802 658 1867 confecto
681 1802 722 1866 ad
749 1803 899 1886 oppidum
920 1798 1142 1864 Noviodunum

188 1887 357 1952 contendit
400 1887 439 1950 Id
470 1910 511 1951 ex
537 1889 650 1951 itinere
672 1909 854 1972 oppugnare
884 1895 1028 1967 conatus,
1079 1884 1143 1949 uod

187 1993 322 2036 vacuum
345 1970 385 2036 ab
408 1970 626 2037 defensoribus
653 1994 723 2036 csse
745 1971 904 2054 audiebat,
925 1994 981 2057 pro
1005 1908 1142 2035 terlati·

187 2056 327 2121 tudinem
348 2056 452 2120 fossae
472 2058 616 2143 murique
631 2056 829 2122 altitudinem
847 2057 957 2142 paucis
973 1994 1141 2122 distenden-

187 2141 270 2206 tibus
293 2163 476 2226 expugnare
498 2164 562 2206 non
583 2144 692 2227 potuit
733 2141 852 2208 Castris
880 2141 1008 2205 munitis
1032 2143 1141 2206 vineas

187 2247 282 2310 agere
305 2249 449 2312 quaeque
471 2225 513 2292 ad
534 2227 778 2314 oppugnandum
799 2228 872 2292 usui
899 2238 990 2291 erant
1019 2248 1142 2311 compa·

186 2333 258 2376 rare
292 2313 403 2396 coepit.
447 2311 578 2376 Interim
617 2314 719 2378 omnis
756 2336 797 2377 ex
829 2313 905 2398 firgo
936 2309 1142 2376 Suessionum

187 2395 351 2460 multitudo
373 2398 407 2459 in
429 2397 578 2482 oppidum
599 2400 745 2483 proxima
758 2409 851 2462 nocte
870 2399 1026 2462 convenit.
1051 2394 1142 2460 Cele-
1252 2441 1253 2462 2

188 2483 262 2544 riter
287 2482 390 2545 vineis
420 2483 460 2546 ad
489 2483 639 2569 oppidum
667 2487 762 2565 actis,
796 2505 913 2569 aggere
939 2484 1021 2546 iacto
1049 2483 1141 2546 turri·

187 2566 309 2651 busque
332 2570 508 2631 constitutis
530 2569 746 2655 magnitudine
769 2591 912 2654 operum,
936 2589 1017 2654 quae
1038 2589 1141 2652 neque

185 2651 334 2715 viderant
360 2661 432 2716 ante
462 2651 547 2718 Galli
574 2677 678 2740 neque
707 2653 890 2735 audierant,
924 2661 957 2716 et
981 2651 1141 2715 celeritate

185 2736 399 2812 Romanorum
420 2741 556 2822 permoti
577 2739 699 2824 legatos
722 2739 763 2804 ad
786 2737 956 2803 Caesarem
986 2737 1026 2802 de
1056 2736 1141 2800 dedi-

186 2823 272 2887 tione
294 2823 421 2886 mitttmt
436 2833 467 2886 et
487 2824 667 2909 petentibus
681 2825 799 2906 Remis,
822 2833 856 2888 ut
871 2832 1141 2904 conservarentur,

185 2908 227 2970 im
252 2917 360 2971 etrant.

229 2930 300 3056 p13.
342 2991 461 3058 Caesar
498 2991 660 3059 obsidibus
693 2997 830 3080 acceptis
862 2995 972 3079 primis
1005 2993 1141 3057 civitatis

187 3086 279 3162 atque
312 3080 410 3163 ipsius
444 3079 567 3144 Galbae
598 3081 684 3166 regis
717 3079 839 3144 dnobus
875 3077 948 3142 filiis
984 3080 1149 3163 armisque

186 3164 330 3228 omnibus
354 3187 395 3227 ex
418 3166 533 3248 oppido
556 3166 678 3230 traditis
701 3167 734 3228 in
749 3165 940 3230 deditionem
956 3164 1141 3227 Suessiones

185 3252 308 3334 accepit
330 3252 567 3337 exercitumque
582 3253 615 3314 in
629 3251 818 3315 Bellovacos
834 3250 928 3314 ducit.
964 3249 1027 3328 Qui
1045 3269 1142 3334 quum

185 3354 220 3396 se
243 3357 361 3420 suaque
384 3338 489 3398 omnia
510 3338 543 3402 in
572 3337 720 3422 oppidum
748 3336 1005 3420 Bratuspantium
1035 3341 1143 3397 contu·

185 3417 311 3502 iissent,
346 3431 450 3506 atque,
473 3421 513 3486 ab
544 3445 581 3486 eo
611 3421 727 3508 oppido
758 3419 878 3486 Caesar
907 3443 979 3486 cum
1002 3419 1143 3483 exercitu
