2538 3978
447 199 590 276 CAPUT
612 201 749 270 42-44.
1013 201 1076 265 165

110 391 266 457 onemque
293 372 368 442 vivo
399 370 457 438 On.
491 373 643 459 Pompeio
675 370 796 438 bellum
828 373 1074 438 instauraturum

12 505 13 516 ,
109 476 182 523 esso
203 455 361 526 credebat,

146 619 149 624 f
173 541 225 605 43.
249 540 414 624 Gabinius,
437 545 527 608 utin
549 542 713 628 Illyricum
727 543 824 625 venit,
847 541 981 608 hiberno
996 552 1075 608 tem·

12 677 13 686 ,
109 647 189 712 poro
217 628 293 691 anni
320 649 359 702 ao
388 627 519 712 difficili,
551 631 618 693 sive
648 628 856 713 copiosiorem
877 629 1075 713 provinciam

12 783 13 788 η
110 711 297 778 existimans
330 713 397 777 sive
427 713 560 780 multum
588 713 731 778 fortunae
762 713 892 778 victoris
926 713 1074 778 Caesaris

109 796 253 862 tribuens
276 798 344 864 sive
366 799 484 864 virtute
507 809 538 864 et
560 800 692 865 scientia
714 821 772 862 sua
802 797 948 880 confisus,
979 821 1075 884 quam

111 903 209 968 saepe
230 883 264 946 in
286 882 380 948 bellis
409 884 606 970 periclitatus
635 906 768 968 magnas
788 905 841 948 res
864 883 1074 950 et·secundas

12 1011 13 1036 ;
111 965 208 1032 ductu
235 991 377 1055 ausuque
407 991 466 1034 suo
497 978 649 1056 gesserat,
678 991 783 1056 neque
812 970 996 1054 provinciae
1030 969 1075 1034 fa-

12 1125 13 1132 ,
109 1053 281 1118 cultatibus
308 1053 544 1138 sublevabatur,
572 1078 654 1141 quae
681 1055 797 1141 partim
825 1063 892 1119 erat
914 1055 1076 1120 exinanita

12 1195 13 1218 ,
98 1139 226 1226 ¹partim
247 1138 394 1222 infidelis,
417 1163 521 1227 noque
543 1141 678 1206 navibus
698 1138 871 1204 intercluso
893 1141 974 1204 mari
995 1148 1073 1204 tem-

12 1273 13 1296 ,
134 1224 284 1289 aetatibus
307 1236 498 1290 commeatus
528 1235 714 1313 supportare
743 1234 867 1312 poterat
888 1227 1074 1312 magnisque

135 1309 348 1376 'fficultatibus
371 1321 498 1376 coactus
518 1333 583 1376 non
605 1321 639 1378 ut
653 1310 790 1393 volebat,
815 1310 871 1374 sed
892 1320 927 1376 ut
941 1332 1074 1382 necesso

12 1453 14 1464 ,
110 1404 180 1458 erat
201 1394 322 1460 bellum
349 1397 490 1482 gerebat.
512 1397 562 1462 Ita
584 1419 681 1483 quum
708 1397 884 1462 durissimis
906 1405 1073 1482 tempesta.

12 1539 14 1550 ,
108 1479 195 1544 tibus
217 1491 347 1568 propter
367 1483 506 1568 inopiam
528 1481 658 1547 castella
677 1491 733 1547 aut
752 1481 869 1567 oppida
890 1503 1073 1567 expugnare

12 1701 14 1740 ,
110 1672 132 1714 a

109 1574 286 1713 cogeretur,
311 1567 421 1632 crebro
444 1568 644 1634 incommoda
666 1567 843 1654 accipiebat
864 1567 1005 1652 adeoque
1027 1576 1074 1632 est

182 1650 304 1716 arbaris
334 1663 539 1741 contemptus,
570 1663 605 1718 ut
631 1653 781 1718 Salonam
803 1675 838 1716 se
859 1654 1017 1737 recipiens
1039 1653 1074 1716 in

12 1799 14 1812 ,
111 1735 263 1820 oppidum
291 1739 493 1822 maritimum,
524 1739 609 1827 quod
638 1742 725 1804 cives
752 1738 887 1803 Romani
912 1738 1074 1803 fortissimi

12 1889 14 1898 ,
110 1819 351 1908 fidelissimique
386 1825 577 1908 incolebant,
614 1827 647 1889 in
684 1825 810 1910 agmine
843 1823 995 1886 dimicare
1034 1823 1074 1887 sit

111 1916 249 1970 coactus.
273 1906 344 1986 Quo
359 1909 481 1994 proelio
504 1911 627 1976 duobus
642 1911 770 1975 milibus
790 1907 925 1973 militum
939 1908 1074 1994 amplius

111 1992 247 2073 amissis,
281 1995 517 2060 centurionibus
554 2003 706 2078 xxxvffl,
743 1994 879 2059 tribunis
917 2002 965 2055 1111
1002 2015 1074 2058 cunr

12 2145 13 2154 χ
110 2074 244 2162 reliquis
277 2081 376 2165 copiis
410 2079 562 2145 Salonam
594 2105 629 2146 se
661 2083 782 2168 recepit
815 2101 999 2165 summaque
1028 2078 1075 2142 ibi

12 2231 13 2242 ,
112 2159 297 2228 difficultate
319 2186 424 2228 rerum
449 2167 588 2231 omnium
616 2189 746 2252 pressus
773 2166 884 2252 paucis
911 2164 1074 2246 mensibus

12 2317 13 2326 χ
111 2246 222 2312 morbo
244 2250 346 2334 periit.
371 2249 469 2316 Ouius
492 2250 524 2318 et
544 2253 712 2317 infelicitas
732 2253 799 2316 vivi
815 2259 846 2314 et
861 2249 967 2334 subita
988 2251 1073 2314 mois

12 2391 13 2406 ,
108 2333 144 2396 in
165 2355 315 2418 magnam
338 2358 427 2420 spem
455 2335 624 2403 Octavium
656 2337 789 2402 adduxit
814 2337 997 2420 provinciae
1019 2357 1074 2420 po-

12 2491 13 2500 ,
109 2417 256 2502 tiundae;
287 2443 381 2506 quem
402 2430 509 2488 tamon
539 2423 655 2487 diutius
684 2425 718 2487 in
747 2421 842 2486 rebus
873 2421 1019 2485 secundis
1043 2429 1074 2484 et

12 2571 13 2584 ,
110 2503 245 2588 fortuna,
270 2528 352 2592 quae
380 2506 550 2592 plurimum
572 2511 606 2572 in
628 2505 722 2573 bellis
751 2517 864 2594 potest,
895 2506 1073 2592 diligentia·

12 2587 13 2596 ’
109 2611 172 2674 que
196 2588 358 2656 Cornificii
381 2602 412 2657 et
433 2593 534 2658 virtus
548 2595 657 2658 Vatini
675 2595 798 2659 versari
820 2615 915 2678 passa
936 2614 999 2657 non
1015 2601 1072 2656 est.

12 2679 13 2686 ’
175 2674 225 2747 44.
249 2675 395 2744 Vatinius
410 2678 572 2743 Brundisii
588 2703 684 2766 quum
700 2690 794 2762 esset,
817 2680 952 2764 cognitis
967 2677 1072 2759 rebus,

12 2751 13 2846 ]
109 2779 194 2906 guae
216 2771 324 2846 gestae
347 2773 437 2828 erant
458 2765 491 2827 in
520 2765 659 2852 Illyrico,
691 2789 787 2853 quum
816 2764 936 2828 crebris
959 2762 1073 2826 litteris

12 2919 13 2922 Ἴ
142 2847 275 2908 ornifioii
304 2848 344 2912 ad
374 2849 527 2914 auxilium
555 2853 738 2936 provinciae
765 2849 930 2916 ferendum
961 2869 1072 2912 evoca-

12 2941 13 3008 ]
112 2938 200 2991 retur
222 2940 253 2994 et
273 2931 316 2995 M.
341 2933 511 2998 Octavium
540 2938 663 3008 audiret
684 2959 757 3000 cum
778 2935 922 3000 barbaris
944 2933 1075 2999 foedera

12 3011 14 3036 '
111 3016 305 3098 percussisse
328 3019 605 3108 compluribusque
632 3021 710 3086 locis
739 3031 918 3087 nostrorum
939 3019 1074 3084 militum

12 3111 13 3136 ¹
111 3120 293 3185 oppugnare
325 3107 485 3190 praesidia
520 3110 635 3256 partim
671 3107 773 3172 classe
802 3129 859 3194 per
892 3127 926 3168 se
957 3106 1074 3190 partim

12 3183 15 3246 ζ
109 3185 311 3271 pedestribus
334 3193 432 3276 copiis
447 3213 506 3279 per
543 3193 681 3276 arbaros,
704 3195 763 3258 etsi
784 3193 876 3278 gravi
890 3189 1073 3255 valetudine

109 3271 242 3337 affectus
275 3275 331 3339 vix
364 3279 516 3362 corporis,
541 3278 662 3342 viribus
695 3281 834 3343 animum
871 3275 1072 3361 sequebatur,

110 3365 217 3422 tamen
244 3363 360 3443 virtute
388 3364 466 3428 vicit
497 3363 731 3429 incommodum
751 3374 882 3427 naturae
911 3359 1075 3424 difficulta-

110 3454 222 3530 tesque
238 3455 269 3512 et
284 3447 397 3512 hiemis
413 3458 445 3513 et
460 3449 583 3514 subitae
598 3450 856 3535 praeparationis.
880 3447 963 3511 Nam
977 3468 1073 3532 quum
