2562 3970
319 250 668 333 counione.
692 261 827 352 19721.
913 343 919 353 Δ
1042 263 1082 326 ra
1181 333 1184 353 ¹

118 434 156 497 in
175 431 324 519 oppidum
359 431 530 500 Corfinium
564 431 750 498 contulisset
784 432 925 517 proinde,
960 434 987 497 si
1020 456 1083 518 qua

118 518 231 583 fuisset
259 516 402 599 facultas,
426 518 466 580 ad
496 540 529 583 se
559 539 631 581 oum
653 516 799 582 omnibus
827 519 1080 604 copiis-veniret.

118 602 158 667 Id
178 626 219 667 ne
241 602 312 666 fieri
333 613 449 688 posset,
473 602 636 667 obsidione
652 611 746 690 atque
768 603 875 690 oppidi
897 606 1086 669 circummu-

121 690 240 754 nitione
262 688 368 752 fiebat.
666 745 670 751 .

183 775 234 838 20.
257 772 430 860 Divulgato
452 771 583 838 Domitii
610 773 741 838 consilio
768 774 893 856 milites,
917 776 1082 861 quierant

120 859 260 942 Corfinii,
282 861 385 946 prima
406 861 533 944 vesperi
555 861 767 926 secessionem
788 860 906 924 faciunt
928 870 1022 947 atque
1037 862 1082 926 ita
1129 857 1132 865 ’

82 983 85 992 ·
118 947 201 1009 inter
230 967 264 1011 se
286 967 343 1030 per
368 944 511 1010 tribunos
538 944 673 1011 militum
701 947 901 1010 centuriones
924 967 964 1009 ue
987 955 1081 1033 atque

118 1031 357 1096 honestissimos
386 1033 435 1094 sui
462 1033 588 1116 generis
618 1029 854 1116 colloquuntur:
883 969 1023 1095 obsideri
1046 1054 1080 1098 se

119 1139 139 1180 a
161 1115 309 1197 Caesare,
326 1137 423 1201 opera
436 1117 687 1201 munitionesque
702 1137 801 1202 prope
822 1137 892 1181 esse
930 1117 1080 1192 erfeotas3

118 1201 233 1265 ducem
255 1223 346 1266 suum
368 1200 552 1284 Domitium,
569 1203 658 1266 euius
682 1223 737 1287 spe
758 1212 851 1288 atque
873 1139 989 1267 fidbeia
1011 1225 1081 1289 per-

117 1287 302 1369 manserint,
325 1288 473 1372 proieotis
489 1287 635 1352 omnibns
649 1287 744 1372 fugae
760 1287 926 1368 consilium
949 1310 1079 1374 capere:

118 1371 237 1442 debere
252 1394 287 1436 se
302 1394 378 1436 suae
393 1372 502 1436 salutis
517 1376 670 1438 rationem
685 1373 813 1437 habere.
840 1372 892 1437 Ab
914 1373 964 1436 bis
979 1375 1080 1460 primo

116 1457 215 1524 Marsi
230 1457 397 1524 dissentire
412 1459 566 1544 incipiunt
581 1481 714 1546 eamque
730 1457 836 1545 oppidi
847 1467 981 1544 partem,
998 1481 1079 1544 quae

116 1544 327 1608 munitissima
354 1544 524 1625 videretur,
555 1553 719 1630 occupant,
747 1553 899 1631 tantaque
919 1545 1004 1609 inter
1026 1567 1080 1609 eos

117 1629 274 1693 dissensio
297 1631 428 1713 exsistit,
458 1639 493 1693 ut
514 1653 642 1694 manum
669 1651 839 1698 conserere
869 1639 963 1716 atque
985 1631 1080 1694 armis

1 1793 13 1799 ἱ
117 1715 269 1779 dimicare
285 1725 453 1798 conentur,
469 1726 540 1800 post
553 1716 649 1802 paulo
661 1724 767 1780 tamen
781 1717 982 1780 internuntiis
997 1715 1079 1780 ultro

117 1801 259 1884 citroque
280 1801 384 1864 missis
408 1824 488 1887 quae
503 1800 765 1888 ignorabant,.‹le
785 1801 824 1865 L.
846 1800 979 1866 Domitii
995 1802 1079 1886 fuga,

118 1895 322 1970 cognoscunt.
359 1885 470 1972 Itaque
508 1909 616 1952 omnes
652 1909 715 1952 uno
751 1887 883 1952 consilio
904 1885 1080 1952 Domitium

115 1970 304 2118 productum
329 1972 362 2034 in
389 1971 549 2057 publicum
579 1975 814 2038 circumsistunt
841 1982 873 2037 et
900 1973 1080 2038 custodiunt

130 2066 300 2144 egatosque
333 2079 374 2120 ex
411 2081 467 2124 suo
494 2081 625 2125 numero
658 2061 699 2125 ad
733 2060 904 2125 Caesarem
935 2059 1079 2124 mittunt:

116 2163 188 2205 sese
209 2151 339 2228 paratos
355 2166 425 2208 esse
447 2153 556 2229 portas
577 2147 701 2231 aperire
718 2167 862 2232 quaeque
875 2145 1080 2230 imperaverit

12 2264 19 2270 -
111 2228 221 2292 ¹facere
244 2238 275 2294 et
296 2228 333 2292 L.
356 2227 530 2295 Domitium
544 2232 653 2295 vivum
681 2234 748 2297 eius
770 2231 920 2317 potestati
942 2230 1078 2296 tradere.

179 2313 230 2377 21.
261 2314 385 2394 Quibus
413 2315 510 2380 rebus
547 2319 680 2401 cognitis
717 2316 845 2400 Caesar,
880 2317 939 2381 etsi
971 2320 1079 2401 magni

114 2400 269 2464 interesse
299 2399 514 2466 arbitrabatur
548 2424 642 2488 quam
670 2405 807 2489 primurn
837 2402 952 2488 oppido
985 2403 1079 2487 potiri

116 2485 262 2550 cohortes
285 2509 326 2551 ue
349 2486 391 2550 ad
413 2490 447 2550 se
470 2489 514 2550 'in
544 2497 649 2552 castra
673 2488 850 2570 traducere,
877 2509 918 2551 ne
942 2509 1002 2572 qua
1025 2498 1079 2552 aut

115 2509 334 2657 largitionibus
351 2580 405 2638 aut
426 2573 525 2636 animi
539 2575 775 2639 confirmatione
790 2584 844 2638 aut
858 2573 945 2637 falsis
960 2574 1077 2638 nuntiis

115 2659 316 2722 commutatio
348 2659 438 2722 fieret
469 2658 650 2741 voluntatis,
681 2659 766 2746 quod
799 2680 894 2744 saepe
926 2660 959 2722 in
992 2657 1077 2722 bello

114 2743 220 2826 parvis
249 2743 416 2808 momentis
443 2746 549 2828 magni
576 2759 668 2810 casus
695 2745 938 2826 intercederent,
971 2754 1077 2808 tamen

114 2828 243 2911 veritus,
276 2851 318 2892 ne
334 2825 486 2893 'militum
514 2831 644 2894 introitu
682 2841 713 2897 et
744 2832 890 2895 nocturni
921 2831 1073 2914 temporis

114 2911 243 2978 licentia
265 2914 415 3001 oppidum
437 2915 638 2999 diriperetur,
662 2939 726 2997 eos,
750 2919 805 3002 qui
827 2925 989 2996 venerant,
1013 2913 1073 2978 eol·

115 2996 225 3063 laudat
247 3008 342 3086 atque
363 3002 397 3064 in
420 3000 571 3086 oppidum
601 3000 737 3084 dimittit,
771 3009 878 3086 portas
906 3021 1075 3084 murosque

115 3088 275 3150 asservari
296 3085 393 3149 iubet.
416 3085 490 3171 Ipse
511 3087 551 3150 iis
575 3086 734 3172 operibus,
758 3109 839 3173 quae
861 3086 966 3152 facere
987 3086 1074 3148 insti-

114 3179 227 3253 tuerat,
250 3170 367 3236 milites
389 3172 527 3257 disponit
547 3195 612 3238 non
634 3174 727 3236 certis
744 3173 853 3258 spatiis
874 3170 1074 3251 intermissis,

115 3263 150 3318 ut
172 3265 240 3320 erat
261 3259 458 3344 superiorum
480 3257 604 3322 dierum
619 3257 821 3340 consuetudo,
846 3257 902 3322 sed
915 3255 1075 3342 perpetuis

115 3339 234 3423 vigiliis
257 3342 515 3428 stationibusque,
549 3352 584 3407 ut
606 3345 790 3428 contingant
818 3344 900 3406 inter
923 3353 957 3406 se
980 3350 1075 3426 atque
1192 3357 1194 3361 ⁴

116 3447 243 3490 omnem
273 3431 478 3494 munitionem
511 3428 676 3514 expleant3
709 3428 853 3493 tribunos
885 3428 1020 3491 militum
1043 3435 1074 3490 et

114 3511 294 3598 praefectos
316 3515 530 3580 circummittit
551 3523 645 3603 atque
666 3514 817 3596 hoitatur,
840 3537 904 3578 non
920 3513 1020 3579 solum
1032 3512 1072 3576 ab
