2538 3978
410 959 446 1051 o.
468 959 577 1027 unu
599 958 809 1026 CAESARIS

176 1233 178 1236 .
236 1095 332 1208 nu
383 1097 645 1211 Bauio
700 1095 1035 1212 civim

308 1289 675 1353 COMMENTARIUS
701 1287 913 1352 TERTIUS.

403 1542 816 1595 ARGUMENTUM.

126 1681 171 1750 ΙΑ.
190 1682 222 1732 U.
242 1681 270 1732 C.
290 1681 356 1746 706]
385 1679 481 1746 Caesar
507 1683 652 1731 constitutis
679 1681 757 1731 rebus
783 1680 889 1730 urbanis
917 1679 1044 1730 dictatura
1061 1695 1090 1731 se

166 1750 270 1800 abdicat
288 1757 314 1800 et
331 1749 422 1799 consul
441 1754 541 1799 creatus
565 1749 731 1800 Brundisium
749 1748 803 1798 abit
821 1765 842 1798 c.
862 1751 884 1797 1.
903 1751 927 1796 2.
945 1750 997 1799 iam
1014 1749 1090 1798 Pom·

166 1819 252 1883 peium
269 1819 362 1884 ipsum,
381 1819 475 1882 quiex
494 1818 611 1878 Graecia,
638 1817 739 1878 insulis,
767 1818 835 1866 omni
853 1817 964 1881 denique
984 1817 1090 1866 Oriente

166 1888 255 1951 copias
282 1886 430 1950 classesque
453 1885 594 1951 collegerat
613 1903 633 1937 c.
653 1888 728 1946 3-c‚
746 1901 927 1951 aggressurus.
953 1885 1089 1936 Exercitus

164 1960 265 2020 partem
282 1956 377 2004 traiicit
394 1970 415 2004 c.
435 1956 458 2004 6.
479 1956 506 2014 7;
534 1955 639 2004 navium
661 1955 825 2004 remissarum
844 1953 944 2018 'aliquot
961 1970 977 2004 a
994 1953 1088 2004 Bibulo

123 2073 126 2077 .
164 2023 363 2088 intercipiuntur
381 2039 402 2071 c.
421 2023 444 2072 8.
463 2023 499 2071 M.
520 2023 653 2085 Octavius,
672 2024 780 2087 Pompei
796 2022 908 2087 legatus,
928 2022 1037 2073 Salonas
1051 2023 1089 2071 in-

165 2108 269 2142 cassum
288 2095 420 2156 oppugnat
436 2107 459 2143 c.
478 2093 501 2142 9.
530 2091 626 2142 Caesar
651 2093 730 2141 misso
754 2091 788 2140 ad
805 2091 956 2154 Pompeium
973 2090 1089 2141 Vibullio

164 2160 234 2212 Rufo
253 2176 343 2226 pacem
360 2165 441 2208 tentat
459 2161 540 2220 c.10;
558 2175 574 2208 a
586 2175 637 2224 quo
651 2175 727 2224 quum
745 2159 852 2209 edoctus
871 2164 939 2208 esset
951 2159 1089 2224 Pompeius

165 2230 199 2278 de
218 2229 332 2278 adventu
356 2227 485 2286 Caesaris,
512 2227 678 2294 Apolloniam
703 2233 791 2293 petere
817 2229 914 2292 coepit;
942 2231 969 2276 at
993 2227 1090 2278 Caesar

164 2297 246 2348 Orico
270 2302 296 2346 et
321 2295 462 2360 Apollonia
487 2298 583 2361 potitur
609 2296 775 2361 finitimisque
802 2297 913 2360 receptis
940 2296 1089 2347 civitatibus
1148 2351 1154 2357 ,

162 2367 199 2417 ad
216 2365 315 2429 Apsum
332 2365 427 2415 flumen
445 2371 530 2414 castra
546 2366 632 2429 pouit;
659 2365 765 2414 alteram
787 2365 869 2429 ripam
886 2364 1025 2428 Pompeius
1044 2379 1086 2414 oc-

164 2439 246 2498 cupat
264 2449 285 2485 c.
305 2435 413 2482 11-13.
439 2432 558 2493 Bibulus,
586 2449 695 2498 quocum
722 2433 788 2482 Libo
815 2432 925 2482 classem
949 2433 1088 2494 coniunxit,

162 2502 231 2554 mari
252 2503 421 2568 portibusque
440 2501 585 2562 Caesarem,
610 2502 653 2550 hic
670 2501 731 2551 illos
754 2507 824 2550 terra
845 2501 971 2566 prohibet
998 2501 1089 2566 Aquae

162 2570 256 2636 inopia
273 2571 359 2636 pressi
375 2569 494 2619 inducias
512 2586 528 2620 a
546 2569 658 2620 Caesare
675 2569 809 2635 postulant
826 2584 847 2619 c.
867 2571 906 2618 14.
927 2570 967 2627 15,
985 2584 1034 2618 nec
1051 2575 1089 2620 ta·

162 2655 225 2690 men
242 2639 387 2704 impetrant,
406 2639 502 2703 quippe
520 2639 564 2702 qui
581 2654 634 2687 non
651 2654 741 2704 pacem
759 2638 806 2689 sed
823 2637 959 2686 levandam
976 2639 1089 2703 inopiam

165 2708 314 2773 cogitarent
331 2723 353 2756 c.
373 2708 413 2758 16.
434 2709 474 2757 17.
492 2705 603 2756 Bibulus
629 2708 736 2756 moritur
763 2721 784 2755 c.
811 2707 851 2755 18.
879 2705 971 2756 Castra
997 2707 1089 2756 castris

164 2792 245 2842 quum
263 2775 297 2824 ad
313 2775 408 2824 flumen
425 2774 524 2839 Apsum
536 2775 632 2824 collata
644 2781 738 2836 essent,
756 2775 848 2824 iterum
859 2774 891 2823 de
903 2775 1089 2839 compositione

164 2846 261 2910 agitur,
279 2859 328 2893 nec
344 2843 447 2893 meliori
465 2848 560 2892 eventu
578 2859 599 2893 c.
620 2845 658 2892 19.
678 2843 744 2892 Moti
762 2848 833 2892 erant
844 2843 872 2892 in
884 2842 947 2892 urbe
965 2841 1088 2892 tumultus

165 2930 183 2963 a
202 2911 292 2962 Coelio
312 2917 337 2961 et
348 2911 459 2971 Milone;
478 2912 600 2961 sedantur
621 2913 754 2976 utriusque
766 2917 848 2960 morte
860 2925 881 2960 c.
895 2911 1003 2958 21-22.
1022 2909 1089 2959 Libo

165 2979 326 3045 aliquamdiu
351 2979 535 3030 Brundisinum
560 2985 663 3044 portum
689 2979 801 3040 obsidet;
829 2979 919 3043 aquari
944 2977 1089 3043 prohibitus

165 3049 278 3100 discedit
300 3064 321 3098 c.
342 3050 383 3096 23.
403 3049 442 3097 24.
471 3047 588 3098 Tandem
614 3046 743 3096 Antonius
770 3051 796 3096 et
823 3044 935 3096 Calenus
962 3047 1089 3096 exereitus

164 3122 274 3183 partem,
293 3117 403 3182 quaein
421 3115 499 3166 Italia
516 3115 607 3164 relicta
624 3121 686 3176 erat,
705 3117 891 3176 transmittuut3
917 3115 1009 3164 eodem
1026 3119 1088 3164 tem·

165 3201 230 3250 pore
257 3201 318 3249 pars
343 3183 436 3234 classis
459 3184 633 3248 Pompeianae
651 3188 802 3248 tempestate
822 3183 921 3232 deletur
939 3198 959 3232 c.
980 3183 1088 3232 25-27.

166 3253 242 3304 Duae
270 3253 442 3302 Caesarianae
469 3268 558 3314 naves,
586 3267 652 3316 quae
679 3267 782 3302 cursum
807 3266 860 3300 non
886 3256 1028 3310 tenuerant,
1055 3250 1088 3299 ab

168 3317 280 3370 Otacilio
300 3321 403 3381 Crasso,
421 3321 529 3385 Pompei
546 3321 685 3384 praefecto,
704 3321 852 3384 capiuntur;
870 3320 914 3382 qui
937 3333 966 3367 se
982 3318 1089 3368 dedide-

168 3394 228 3437 runt
245 3388 348 3449 milites,
367 3389 507 3453 perfidem
525 3387 692 3448 trucidantur,
716 3387 809 3452 reliqui
833 3393 936 3437 strenue
955 3402 983 3436 se
1002 3387 1088 3436 defen·

167 3453 257 3506 dentes
275 3456 308 3506 ad
326 3473 387 3506 suos
406 3473 434 3507 se
455 3462 604 3522 receperunt
622 3473 643 3508 c.
662 3458 701 3505 28
720 3456 826 3504 Antonii
844 3461 869 3504 et
887 3455 1006 3504 Caesaris
1019 3469 1090 3504 exer-

167 3523 234 3574 citus
251 3525 404 3590 iunguntur;
431 3525 501 3590 quod
527 3540 605 3589 quum
630 3525 726 3575 frustra
750 3521 874 3588 impedire
896 3528 1003 3574 conatus
1022 3531 1091 3572 esset
