2490 3974
409 285 553 350 OAPUT
575 287 710 351 50-53.
973 289 1036 352 213

13 471 16 510 Ι
68 478 324 543 oppugnareque
347 477 404 521 coe
427 459 513 538 isset,
543 467 628 522 tecta
649 457 750 522 latera
772 461 839 522 suis
859 461 1038 524 munitioni·

13 557 16 598 r
68 539 135 604 bus
159 541 301 624 haberet,
323 565 363 606 ne
386 479 426 606 ab
442 545 599 628 equitatus
621 543 822 609 multitudine
843 545 1039 608 circumuen-

13 709 14 712 Ἴ
67 635 125 688 tus
150 626 194 690 ab
229 631 461 715 repugnatione
505 628 727 711 deterreretur,
763 639 938 718 praeterea,
977 652 1039 716 qun

13 729 15 770 r
67 709 199 774 facilius
222 651 380 799 colloquia
406 715 479 778 fieri
507 723 646 800 possent,
685 724 716 778 et
744 717 772 778 si
794 716 849 800 qui
869 715 1039 800 perfugere

13 815 14 854 l
68 795 205 880 vellent,
228 798 261 862 id
284 799 368 884 quod
395 811 489 864 antea
510 823 608 885 saepe
636 800 802 866 accidebat
825 823 940 884 magno
968 821 1040 863 cnm

68 903 186 946 eorum
214 883 366 968 periculo,
393 896 461 950 tum
489 887 581 953 facile
610 898 642 952 et
671 887 739 950 sine
768 885 917 972 periculo
938 885 1038 950 fieret.

68 965 187 1030 Voluit
209 971 305 1033 etiam
327 973 480 1055 experiri,
505 993 601 1059 quum
626 973 757 1058 propius
787 971 910 1036 hostem
930 993 1039 1034 acces-¹

70 1053 185 1133 sisset,
209 1052 380 1120 haberetne
394 1058 429 1120 in
444 1059 549 1122 animo
565 1057 725 1122 dimicare.
748 1055 931 1121 Accedebat
946 1058 1040 1120 etiam

68 1136 117 1200 ad
133 1139 272 1224 reliquas
285 1163 405 1224 causas,
419 1143 502 1229 quod
516 1144 544 1206 is
560 1142 647 1207 locus
663 1143 833 1227 depressus
849 1151 923 1224 erat,
939 1142 1040 1226 putei·

70 1245 137 1308 que
153 1223 198 1286 ibi
213 1226 357 1291 nonnulli
376 1227 446 1292 fieri
469 1227 667 1315 [complures]
687 1233 848 1312 poterant:
872 1229 1040 1312 aquatione
1078 1269 1079 1272 =

69 1311 161 1372 enim
184 1308 279 1396 longa
306 1322 337 1376 et
367 1324 501 1400 angusta
527 1313 685 1378 utebatur.
716 1313 804 1377 Dum
829 1313 909 1376 baec
931 1333 1038 1396 opera,

71 1414 160 1478 quae
190 1405 262 1459 ante
292 1397 367 1481 dixi,
394 1399 514 1462 fiebant
542 1398 776 1486 alegionibus,
805 1399 932 1464 interim
961 1418 1038 1482 pars

72 1480 145 1543 acie
175 1490 248 1544 ante
276 1504 356 1568 opus
385 1485 538 1547 instructa
568 1484 627 1548 sub
656 1485 746 1549 hoste
769 1483 889 1564 stabat3
918 1483 1039 1567 equites

70 1561 205 1627 barbari
219 1565 365 1656 levisque
377 1579 555 1634 armaturae
570 1569 700 1655 proeliis
722 1571 849 1634 minutis
865 1568 1040 1632 comminus

72 1646 280 1716 dimicabant
701 1677 703 1684 ·

139 1735 191 1799 52.
216 1735 336 1802 Caesar
357 1739 397 1802 ab
421 1763 458 1804 eo
481 1761 576 1826 opere
592 1761 689 1826 quum
703 1741 767 1804 iarn
789 1738 847 1804 sub
869 1759 1040 1824 vesperum

74 1820 184 1904 copias
205 1823 239 1884 in
261 1834 364 1888 eastra
385 1825 560 1906 reduceret,
582 1846 697 1912 magno
719 1827 849 1890 incursu
867 1823 1041 1888 cumomni

13 1941 14 1944 κ
74 1907 220 1990 equitatu
241 1907 367 1994 levique
390 1921 547 1974 armatura
574 1909 662 1991 Iuba,
686 1910 800 1995 Scipio,
823 1909 983 1974 Labienus
1005 1910 1040 1972 in

13 2061 14 2064 Ἴ
75 1989 266 2074 legionarios
289 1995 440 2078 impetum
461 1995 612 2060 fecerunt
643 1997 775 2082 Equites
799 1995 985 2060 Caesariani
1003 1995 1040 2058 vi

13 2131 14 2150 ,
76 2077 247 2141 universae
276 2079 462 2168 subitaeque
489 2081 626 2146 hostium
647 2081 856 2146 multitudinis
877 2079 962 2165 pulsi
983 2097 1038 2162 pa-

76 2183 206 2247 rumper
228 2175 399 2229 cesserunt.
424 2166 583 2245 Quaeres
599 2166 898 2230 aliteradversariis
915 2163 1039 2230 cecidit.

78 2246 160 2310 Nam
182 2269 222 2312 ue
252 2249 372 2314 Caesar
405 2273 446 2315 ex
478 2252 583 2316 medio
617 2253 733 2316 itinere
765 2253 868 2337 copiis
897 2250 1039 2314 reduetis

78 2333 234 2417 equitius
257 2337 327 2399 suis
344 2336 496 2400 auxilium
518 2337 604 2420 tulit,
628 2339 750 2423 equites
773 2347 876 2402 autem
899 2335 1039 2398 adventu

78 2416 238 2501 legionum
270 2423 375 2485 animo
398 2421 505 2487 addito
528 2424 690 2487 conversis
713 2424 803 2508 equis
825 2424 860 2485 in
880 2419 1037 2484 Numidas

78 2503 191 2588 cupide
213 2505 423 2592 insequentes
450 2507 674 2594 dispersosque
707 2509 860 2593 impetum
892 2507 1037 2570 fecerunt

13 2631 15 2634 -
79 2597 173 2673 atque
196 2611 251 2655 eos
274 2591 515 2657 convulneratus
538 2595 687 2679 usquein
702 2605 808 2658 eastra
829 2593 922 2678 regia
942 2606 1036 2674 repn-

82 2671 186 2736 lerunt
207 2676 386 2763 multosque
409 2700 449 2741 ex
472 2679 511 2742 iis
533 2679 768 2743 interfecerunt.
803 2677 981 2758 Quodnisi
1003 2676 1037 2736 in

79 2767 204 2822 nectem
235 2762 392 2846 proelium
422 2772 507 2828 esset
533 2766 719 2846 coniectum,
746 2763 914 2849 pulvisque
943 2770 1040 2823 vente

80 2841 171 2907 flatus
187 2848 324 2910 omnium
340 2849 521 2934 prospectui
536 2849 701 2930 offecisset,
717 2849 798 2914 Iuba
813 2871 883 2912 curn
895 2845 1040 2910 Labieno

81 2930 164 3014 capti
189 2930 224 2994 in
244 2942 432 3017 potestatem
455 2933 602 2998 Caesaris
624 2938 796 3017 venissent,
820 2935 1040 3018 equitatusque

82 3035 151 3078 cum
172 3014 237 3080 levi
259 3027 417 3084 armatura
437 3019 576 3084 funditus
593 3020 633 3084 ad
647 3022 895 3085 internecionem
917 3014 1039 3080 deletus

81 3109 171 3164 esset
193 3101 324 3168 Interim
353 3104 580 3169 incredibiliter
609 3128 650 3170 ex
671 3104 849 3191 legionibus
876 3111 923 3166 1111
947 3109 980 3164 et
1003 3103 1038 3162 VI

81 3185 236 3270 Scipionis
256 3189 374 3254 milites
396 3189 551 3275 diffugere
565 3193 681 3276 partim
702 3193 736 3254 in
758 3199 861 3256 castra
883 3185 1041 3284 Caesaris,

82 3273 193 3356 partim
213 3274 248 3342 in
271 3297 349 3361 quas
372 3278 505 3362 quisque
534 3287 657 3362 poterat
685 3278 833 3361 regiones
854 3291 1038 3360 pervenrre;

83 3361 217 3443 itemque
248 3363 370 3446 equites
401 3359 586 3426 Curioniani
614 3361 710 3426 diffisi
736 3361 878 3446 Scipioni
908 3358 1039 3440 eiusque

84 3443 177 3526 copiis
200 3445 377 3532 complures
400 3469 434 3510 se
458 3447 570 3512 eodem
593 3446 808 3512 conferebant.

112 3549 116 3556 ³
142 3525 193 3592 53.
216 3530 304 3595 Dum
324 3532 405 3596 haec
426 3534 546 3596 circum
562 3531 700 3596 Uzittam
723 3531 763 3596 ab
785 3531 931 3615 utrisque
951 3529 1040 3594 duci-
