2562 3966
174 191 250 261 148-
429 193 491 259 Dn
513 195 657 260 BELLO
681 193 872 261 GALLIOO

173 389 235 456 que
256 368 290 431 in
305 389 394 454 spem
417 368 529 433 auxilii
550 377 715 450 venerunt,
740 367 878 432 clamore
894 365 1018 433 sublato
1041 391 1130 436 arma

171 469 296 538 capere,
319 464 425 540 portas
442 453 600 536 claudere,
623 475 748 518 murum
770 453 930 538 complere
946 465 1128 540 coeperunt.

173 537 383 604 Centuriones
398 541 432 603 in
448 539 572 624 oppido,
597 561 694 624 quum
710 561 751 605 ex
777 539 1005 625 significatione
1021 538 1128 604 Gallo-

172 647 243 688 rum
270 619 361 689 novi‘
376 625 496 711 aliquid
518 625 558 688 ab
581 625 620 688 iis
642 625 715 689 iniri
742 625 866 689 consilii
886 624 1127 708 intellexissent,

171 708 286 795 gladiis
308 710 467 774 destrictis
481 720 589 795 portas
610 721 845 796 occupaverunt
860 733 996 798 suosque
1019 733 1127 776 omnes

171 795 344 860 incolumes
366 807 564 882 receperunt.

236 881 286 944 13.
310 880 431 946 Caesar
446 903 487 945 ex
502 882 614 945 castris
630 881 803 968 equitatum
819 881 911 947 educi
925 882 1022 964 iubet,
1037 905 1127 969 prce·

171 964 248 1030 lium
271 975 416 1052 equestre
439 967 618 1032 committit:
641 966 858 1032 laborantibus
879 969 945 1032 iarn
966 968 1032 1032 suis
1048 967 1126 1034 (ier-

171 1073 282 1115 mauos
298 1053 419 1138 equites
442 1055 566 1116 circiter
582 1059 669 1116 CCCC
691 1052 855 1136 submittit,
880 1076 957 1140 quos
976 1053 1017 1118 ab
1037 1054 1127 1120 initio
1195 1062 1198 1067 ’

170 1133 288 1202 habere
312 1159 418 1202 secum
440 1139 627 1202 instituerat.
649 1138 769 1202 Eorum
783 1141 935 1224 impetum
950 1138 1037 1204 Galli
1059 1161 1127 1204 sus-

171 1222 272 1286 tinere
293 1245 358 1287 non
379 1231 549 1310 potuerunt
574 1234 669 1310 atque
688 1226 723 1286 in
736 1223 844 1310 lugam
866 1225 1000 1290 coniecti
1020 1225 1127 1290 multis

106 1380 109 1386 ,
170 1308 293 1371 amissis
316 1331 351 1372 se
373 1309 413 1372 ad
436 1331 550 1395 agmen
571 1318 770 1395 receperunt.
804 1308 929 1388 Quibus
951 1311 1127 1398 profligatis

170 1415 280 1457 rursus
303 1415 343 1479 op
366 1395 453 1458 idani
472 1396 633 1480 perterriti
648 1394 891 1480 comprehensos
907 1418 970 1478 eos,
995 1420 1126 1484 quorum

172 1500 269 1564 opera
289 1417 416 1566 plebem
436 1482 623 1545 concitatam
646 1480 876 1564 existimabant,
900 1481 941 1545 ad
957 1481 1128 1547 Caesarem

170 1565 390 1648 perduxerunt
419 1588 551 1652 seseque
574 1567 604 1630 ei
633 1565 832 1634 dediderunt.
877 1565 1000 1646 Quibus
1030 1567 1127 1632 rebus

171 1649 320 1715 confectis
344 1650 463 1716 Caesar
484 1651 525 1716 ad
554 1652 705 1738 oppidum
725 1651 916 1736 Avaricum,
951 1643 1126 1740 quoderat

170 1738 343 1801 maximum
364 1739 670 1824 munitissimumque
691 1741 725 1803 in
745 1737 863 1801 finibus
878 1737 1059 1826 Biturigum
1081 1748 1126 1803 at-

170 1843 232 1906 que
255 1823 324 1908 agri
345 1823 538 1888 fertilissima
558 1825 698 1908 regione,
721 1823 881 1908 profectus
905 1835 962 1908 est,
986 1825 1071 1913 quod
1089 1847 1127 1890 eo

163 1927 210 1992 op
232 1908 284 1972 ido
307 1918 435 1994 recepto
458 1910 617 1973 civitatem
630 1909 811 1994 Biturigum
833 1932 868 1974 se
889 1911 923 1974 in
939 1921 1127 1997 potestatem

168 2017 204 2060 re
247 2002 370 2058 ctutum
392 1995 580 2059 confidebat.
656 2031 657 2034 κ

234 2077 284 2142 14.
306 2079 551 2166 Vercingetorix
572 2089 618 2145 tot
640 2076 796 2146 continuis
821 2081 1029 2158 incommodis
1051 2081 1125 2145 Vel·

168 2163 350 2248 launoduni,
368 2164 501 2248 Genabi,
523 2165 703 2231 Novioduni
724 2168 862 2253 acceptis
878 2189 952 2232 suos
967 2165 1009 2230 ad
1023 2168 1126 2231 conci·
1159 2228 1160 2231 ,

168 2251 246 2314 lium
269 2261 430 2316 convocat.
458 2251 562 2316 Docet
583 2250 678 2337 longe
693 2249 757 2314 alia
775 2255 898 2316 ratione
922 2273 991 2316 esse
1006 2250 1124 2316 bellum

168 2335 352 2422 gerendum,
376 2347 470 2424 atque
492 2346 586 2401 antea
607 2345 732 2422 gestum
754 2337 803 2400 sit.
841 2335 998 2401 Omnibus
1019 2336 1122 2400 modis

167 2422 242 2486 huic
269 2424 318 2486 rei
348 2423 553 2504 studendum,
586 2431 621 2486 ut
654 2419 857 2507 pabulatione
887 2431 919 2486 et
947 2431 1123 2486 commeatu

167 2507 301 2572 Romani
321 2507 557 2593 prohibeantur.
598 2506 637 2570 Id
659 2529 730 2570 esse
752 2506 854 2590 facile,
878 2507 963 2595 quod
985 2508 1124 2595 equitatu

167 2593 230 2678 ipsi
263 2593 424 2657 abundent
441 2602 483 2656 ‘et
511 2591 597 2678 quod
624 2593 699 2656 anni
730 2601 874 2677 tempore
908 2592 1123 2658 subleventur.

167 2677 323 2742 Pabulum
336 2679 437 2741 secari
447 2699 512 2741 non
522 2699 632 2762 posse,
654 2679 834 2744 necessario
847 2679 1006 2760 dispersos
1016 2677 1124 2744 hostes

169 2787 211 2828 ex
233 2764 385 2830 aedificiis
400 2772 527 2849 petere:
550 2761 609 2827 hos
625 2785 735 2828 omnes
755 2765 893 2850 quotidie
908 2765 949 2829 ab
966 2765 1124 2851 equitibus

169 2849 269 2914 deleri
290 2871 394 2934 posse.
431 2848 602 2934 Praeterea
623 2849 733 2914 salutis
756 2871 853 2914 causa
884 2852 933 2915 rei
961 2851 1124 2916 familiaris

169 2934 334 3000 commoda
359 2933 573 3020 neglegenda:
603 2936 691 3000 vicos
714 2945 809 3024 atque
831 2937 976 3003 aedificia
996 2937 1124 3001 incendi

168 3030 314 3107 oportere
343 3019 403 3084 hoc
433 3022 534 3106 spatio
563 3020 604 3084 ab
625 3022 688 3085 imo
718 3022 824 3088 omnia
853 3045 979 3110 quoquo
1000 3045 1123 3107 versus,

168 3129 229 3192 quo
251 3105 425 3192 pabulandi
441 3129 544 3171 causa
566 3106 653 3172 adire
674 3129 769 3194 posse
790 3107 968 3172 videantur.
1002 3104 1123 3172 Harum

166 3193 243 3277 ipsis
256 3215 363 3256 rerum
375 3194 498 3278 copiam
512 3203 689 3278 suppetere,
706 3193 798 3279 quod,
815 3215 948 3280 quorum
959 3195 993 3257 in
1008 3193 1123 3258 finibus

166 3277 285 3340 bellum
301 3287 438 3362 geratur,
463 3300 572 3348 eorum
587 3277 700 3364 opibus
719 3277 941 3362 subleventur:
964 3279 1123 3344 Romanos

167 3372 222 3424 aut
243 3365 383 3446 inopiam
402 3385 467 3429 non
489 3363 607 3429 latinos
629 3373 684 3428 aut
706 3386 820 3448 magno
835 3364 975 3450 periculo
998 3363 1123 3451 longius

167 3446 207 3510 ab
231 3457 343 3510 castris
366 3471 571 3540 processuros
578 3474 587 3526 3
609 3472 713 3537 neque
734 3461 905 3534 interesse,
927 3453 1054 3535 ipsosrr
1080 3451 1123 3513 in-
