2534 3970
144 193 183 258 16
397 193 458 257 DE
479 194 623 260 BELLO
647 194 837 260 GALLIOO

142 363 283 448 sequitur
317 371 349 427 et
376 365 463 428 milia
496 387 647 450 passuum
678 367 739 429 tria
771 364 811 428 ab
845 387 954 431 eorum
987 369 1097 431 castris

143 455 247 512 castra
267 449 364 532 ponit.
753 517 754 524 χ

206 533 256 596 23.
288 533 447 598 Postridie
476 535 544 598 eius
578 535 656 617 diei,
691 535 776 619 quod
808 537 933 600 omnino
966 536 1097 602 biduum

143 627 317 703 supererat,
333 641 429 703 quum
442 621 594 684 exercitui
609 620 799 684 frumentum
811 623 915 684 metiri
930 631 1096 706 oporteret,

143 711 176 767 et
190 703 274 788 quod
289 725 307 765 a
321 703 479 786 Bibracte,
503 704 617 790 oppido
633 705 837 769 Haeduorum
856 705 950 789 longe
964 708 1097 772 maximo

142 797 175 851 et
196 789 422 873 copiosissimo,
444 811 510 852 non
532 789 666 875 amplius
682 788 810 854 milibus
836 813 985 875 passuum
1008 799 1097 853 XVllI

142 872 261 954 aberat,
284 874 331 936 rei
358 873 579 938 frumentariae
608 897 681 959 pros
705 874 862 938 iciendum
891 877 1096 939 existimavit:

142 959 201 1020 iter
223 956 263 1020 ab
285 957 441 1021 Helvetiis
465 961 583 1027 ¹avertit
612 981 650 1022 ac
675 898 825 1024 dibracte
853 961 899 1023 ire
926 960 1096 1025 contendit.

141 1041 191 1104 Ea
211 1064 262 1106 res
283 1064 342 1127 per
363 1043 511 1128 fugitivos
533 1043 570 1106 L.
592 1043 731 1127 Aemilii,
755 1045 932 1109 decurionis
959 1047 1097 1131 equitum

143 1125 320 1209 Gallorum,
354 1127 496 1192 hostibus
523 1130 693 1193 nuntiatur.
738 1128 894 1212 Helvetii,
929 1152 986 1195 seu
1014 1130 1098 1216 quod

142 1213 254 1276 timore
283 1213 466 1297 perterritos
493 1211 653 1277 Romanos
686 1213 850 1278 discedere
879 1237 898 1277 a
927 1237 961 1278 se
991 1217 1097 1280 existi·

142 1305 281 1378 manent,
312 1319 349 1362 eo
379 1299 496 1383 magis,
531 1299 615 1384 quod
641 1299 745 1384 pridie
774 1299 987 1383 superioribus
1019 1299 1097 1365 locis

142 1383 301 1466 occupatis
323 1382 478 1466 proelium
499 1405 563 1448 non
586 1385 825 1465 commisissent,
849 1385 916 1449 sive
939 1408 985 1466 eo,
1014 1385 1097 1471 quod

141 1488 178 1532 re
191 1466 397 1531 frumentaria
406 1467 574 1532 intercludi
583 1489 676 1553 posse
689 1468 890 1550 confiderent,
908 1479 1097 1535 commutato

142 1551 273 1616 consilio
296 1561 390 1637 atque
411 1553 525 1617 itinere
547 1575 702 1619 converso
727 1563 850 1617 nostros
878 1577 898 1618 a
925 1556 1096 1620 novissimo

142 1639 267 1721 agmine
288 1638 413 1723 insequi
434 1659 472 1700 ac
493 1637 649 1703 lacessere
672 1647 851 1723 coeperunt.

205 1721 254 1784 24.
287 1722 460 1808 Postquam
488 1723 522 1786 id
549 1725 688 1786 animum
715 1723 866 1805 advertit,
894 1725 1001 1810 copias
1024 1747 1097 1788 suas

142 1804 261 1870 Caesar
281 1807 316 1870 in
336 1809 517 1893 proximum
536 1808 650 1874 collem
678 1808 824 1873 subducit
851 1831 868 1872 e
891 1811 1096 1896 uitatumque,

141 1892 195 1977 qui
217 1893 386 1957 sustineret
406 1892 542 1956 hostium
563 1895 725 1978 impetum,
747 1895 841 1957 misit.
871 1831 948 1994 lpse
969 1897 1097 1958 interim

140 1977 174 2040 in
202 1976 282 2041 colle
308 1977 413 2040 medio
442 1977 599 2062 triplicem
628 1980 729 2043 aciem
761 1981 909 2042 instruxit
937 1977 1099 2064 legionum

163 2069 290 2126 uattuor
303 2071 542 2145 veteranarum
566 2085 663 2148 supra
686 2064 796 2128 sedere
822 2065 856 2127 in
882 2086 1003 2128 summo
1021 2067 1096 2150 iugo

141 2085 219 2210 duas
242 2146 393 2231 legiones,
417 2168 494 2234 quas
516 2148 548 2210 in
573 2147 678 2212 Gallia
693 2149 838 2213 citeriore
856 2149 1001 2232 proxime
1024 2171 1096 2213 con-

141 2233 321 2317 scripserat,
345 2241 376 2296 et
398 2233 502 2296 omnia
524 2233 642 2297 auxilia
664 2233 815 2298 collocari
837 2255 874 2296 ae
896 2242 994 2296 totum
1009 2257 1096 2298 mon-

140 2325 205 2381 tem
226 2316 404 2380 hominibus
427 2317 579 2402 compleri
602 2328 633 2382 et
653 2321 775 2383 interea
796 2320 935 2382 sarcinas
950 2320 984 2381 in
998 2342 1108 2384 unum.

113 2461 117 2474 ,
141 2401 245 2466 locum
268 2402 403 2466 conferri
425 2411 456 2466 et
478 2425 550 2466 eum
572 2404 611 2467 ab
633 2403 692 2485 his,
737 2405 770 2466 ui
790 2404 825 2465 in
840 2404 1001 2488 superiore
1028 2405 1095 2468 acie

142 2489 365 2569 constiterant,
394 2489 511 2552 muniri
538 2489 637 2552 iussit.
681 2427 823 2552 Hdveui
851 2509 923 2550 cum
952 2488 1096 2552 omnihus

140 2573 206 2636 suis
228 2573 326 2635 carris
349 2574 448 2635 secuti
470 2573 696 2658 impedimenta
717 2575 751 2636 in
779 2594 877 2636 unum
899 2573 1002 2638 locum
1025 2595 1096 2638 con·

140 2656 291 2738 tulerimt3
314 2658 374 2804 ipsi
390 2657 619 2722 confertissima
630 2660 697 2722 acie
709 2659 826 2722 reiecto
837 2667 945 2722 nostro
957 2661 1097 2743 equitatu

139 2741 297 2828 phalange

141 2836 260 2892 serunt.

329 2751 399 2806 aeta
425 2743 483 2807 sub
509 2745 644 2828 primam
673 2751 814 2808 nostram
844 2744 944 2810 aciem
974 2764 1096 2808 sucees-

205 2911 257 2974 25.
291 2909 410 2976 Caesar
431 2914 567 2998 primum
589 2935 656 2996 suo,
680 2911 794 2978 deinde
816 2915 954 2976 omnium
969 2936 1010 2976 ex
1025 2934 1097 2977 con-

142 3006 252 3082 spectu
278 2999 407 3061 remotis
436 2999 539 3083 equis,
573 3008 609 3062 ut
635 3007 770 3084 aequato
797 3001 934 3062 omnium
955 2997 1097 3083 periculo

49 3152 52 3158 ,
141 3103 231 3166 spem
251 3082 344 3166 fugae
372 3082 513 3165 tolleret,
538 3082 717 3146 cohortatus
741 3104 814 3146 suos
833 3082 992 3167 ,proelium
1014 3105 1097 3147 com·

140 3168 234 3230 misit.
277 3167 394 3233 Milites
424 3189 441 3230 e
470 3167 539 3232 loco
571 3170 733 3253 superiore
784 3167 835 3230 ilis
867 3169 972 3230 missis
1004 3167 1097 3231 facile

140 3251 278 3316 hostium
299 3252 489 3338 phalangem
505 3253 740 3338 perfregerunt.
761 3190 812 3315 lla
833 3251 965 3316 disiecta
983 3251 1096 3337 gladiis

141 3337 298 3401 destrictis
325 3339 359 3400 in
389 3359 442 3403 eos
471 3339 623 3423 impetum
653 3338 808 3402 fecerunt.
853 3335 954 3401 Gallis
982 3358 1097 3421 magno

142 3422 183 3488 ad
204 3445 344 3510 pugnam
366 3432 435 3488 erat
455 3423 689 3509 impedimento,
713 3421 799 3510 quod
817 3421 963 3508 pluribus
989 3443 1097 3487 eorum
