2538 3978
174 213 215 274 92
425 283 427 290 .
462 207 846 274 nasamonium

176 387 262 444 esset
288 379 468 446 hominibus
496 379 646 466 praesidii
672 381 705 444 in
734 379 830 442 animi
855 377 1057 443 firmimdine.
1080 377 1139 442 Ti·

175 487 270 530 rones
303 467 388 530 euim
420 465 618 530 multitudine
650 465 779 529 navium
811 465 969 550 perterriti
1001 472 1032 528 et
1064 463 1137 528 salo

176 573 358 636 nauseaque
395 551 530 615 confecti
565 550 769 616 iureiurando
806 559 949 635 accepto,
982 548 1061 612 nihil
1093 551 1138 612 iis

176 637 335 700 nocituros
362 635 478 718 hostes,
502 659 536 702 sc
563 635 698 702 Otacilio
726 635 927 712 dediderunt3
950 638 1003 720 qui
1025 656 1139 699 omnes

176 721 219 785 ad
247 743 319 786 eum
346 721 490 807 perducti
519 731 628 788 contra
656 721 840 806 religionem
868 719 1072 784 iurisiurandi
1100 721 1140 784 in

178 807 246 871 eius
270 816 440 892 conspectu
469 805 685 872 crudelissime
712 806 950 870 interficiuntur.
984 806 1027 869 At
1047 815 1138 870 vete·

178 914 276 977 ranae
298 891 431 977 legionis
453 892 568 972 milites
597 892 673 956 item
694 891 865 956 conflictati
886 902 918 956 et
937 892 1139 977 tempestatis

180 986 212 1044 et
233 978 374 1042 sentinae
394 978 479 1041 vitiis
500 999 604 1063 neque
627 1000 667 1042 ex
686 977 819 1063 pristina
840 979 955 1040 virtute
976 977 1138 1042 remitten-

178 1061 255 1128 dum
276 1061 396 1148 aliquid
422 1072 622 1149 putaverunt,
650 1073 684 1128 ret
710 1062 882 1126 tractandis
905 1061 1138 1127 conditionibus

180 1156 212 1212 et
234 1147 432 1212 simulatione
457 1147 625 1224 deditionis
645 1157 787 1212 extracto
808 1149 910 1233 primo
932 1150 1033 1212 noetis
1058 1157 1139 1212 tem-

178 1255 256 1319 pore
320 1231 520 1298 bernatorem
541 1234 712 1297 interram
733 1254 849 1297 navem
872 1234 986 1298 eiicere
1008 1243 1138 1318 cogunt,

178 1320 241 1382 isi
267 1256 416 1383 iddneum
444 1318 549 1384 locum
581 1320 666 1382 nacti
694 1317 848 1404 reliquam
879 1321 981 1384 noctis
1013 1328 1139 1404 partem

180 1342 226 1489 ili
247 1403 449 1470 confecerunt
471 1414 502 1468 et
523 1403 593 1469 luce
615 1405 719 1488 prima
739 1405 842 1468 missis
865 1404 906 1468 ad
928 1427 982 1472 eos
1004 1403 1044 1468 ab
1060 1404 1138 1468 Ota-

180 1489 254 1554 cilio
284 1489 450 1574 equitibus,
479 1492 533 1576 qui
555 1512 625 1554 eam
651 1500 774 1574 partem
796 1511 869 1554 crae
891 1491 1067 1554 maritimae
1089 1512 1139 1552 as·

181 1573 359 1657 servabant,
382 1575 507 1640 circiter
530 1581 616 1639 CCCC
638 1575 753 1660 quique
776 1597 829 1640 ecs
852 1577 965 1640 armati
986 1597 1026 1638 ex
1047 1597 1139 1660 prae-

181 1660 261 1726 sidio
285 1661 384 1725 secuti
406 1671 478 1724 sunt
505 1683 539 1724 se
566 1660 773 1724 defenderunt
795 1670 827 1724 et
847 1659 1007 1726 nonnullis
1030 1683 1140 1726 eorum

180 1746 352 1811 interfectis
373 1747 546 1812 incolumes
570 1769 604 1810 se
627 1747 668 1810 ad
689 1753 813 1811 nostros
834 1756 1030 1832 receperunt.
1082 1776 1085 1782 ·

246 1833 297 1896 29.
321 1832 391 1912 Quo
413 1833 494 1896 iacto
516 1843 688 1898 conventus
710 1832 826 1896 civium
847 1831 1140 1918 Romanorum„qui

181 1918 308 1982 Lissum
330 1917 524 1999 obtinebant,
555 1917 639 2004 quod
666 1916 816 2003 oppidum
842 1919 881 1982 iis
904 1928 997 1982 antea
1020 1916 1140 1981 Caesar

72 2038 82 2057 ι
183 2005 368 2070 attribuerat
394 2003 661 2088 muniendumque
691 2013 866 2082 curaverat,
896 2003 1068 2066 Antonium
1090 2025 1144 2066 re·

182 2090 258 2175 cipit
284 2088 491 2174 omnibusque
518 2087 613 2153 rebus
642 2088 730 2153 iuvit
764 2086 916 2152 Otacilius
945 2089 1005 2152 sibi
1026 2090 1140 2152 timens

183 2199 222 2240 ex
244 2198 262 2239 o
285 2175 358 2259 pido
380 2175 461 2260 fugit
482 2183 513 2238 ct
535 2174 576 2238 ad
597 2173 781 2260 Pompeium
803 2176 956 2259 pervenit.
978 2174 1140 2256 Expositis

183 2198 328 2325 omniiius
359 2262 456 2345 copiis
479 2260 644 2341 Antonius,
668 2282 800 2344 quarum
823 2269 891 2324 erat
913 2282 1035 2324 summa
1055 2271 1140 2324 vete-

183 2367 333 2410 ranarum
346 2346 439 2409 trium
455 2343 614 2430 legionum
634 2347 789 2432 uniusque
803 2346 940 2410 tironum
956 2353 986 2408 et
1002 2347 1141 2430 equitum

187 2438 283 2513 DCCC,
305 2431 474 2516 plerasque
495 2453 594 2494 naves
609 2433 642 2492 in
656 2429 780 2494 Italiam
799 2433 929 2494 remittit
949 2431 990 2496 ad
1003 2429 1140 2580 reliquos

184 2516 299 2582 milites
320 2517 503 2617 equitesque
518 2515 785 2601 transportandos
808 2526 972 2616 pontones,
996 2537 1056 2600 quo
1078 2525 1141 2580 vest

185 2625 285 2689 genps
308 2624 436 2666 narrum
465 2600 667 2683 Gallicarum,
695 2601 780 2666 Lissi
805 2600 963 2686 rehnquit,
986 2601 1047 2666 hoc
1069 2623 1139 2665 con·
1251 2607 1252 2680 l

187 2688 267 2769 silio,
289 2698 324 2751 ut
340 2689 366 2751 si
381 2687 460 2750 forte
481 2686 650 2771 Pompeius
670 2709 804 2750 vacuam
819 2688 1003 2750 existimans
1018 2684 1140 2750 Italiam

132 2774 136 2782 ’
187 2796 224 2838 eo
252 2774 427 2838 traiecisset
456 2775 638 2852 exercitum,
690 2794 750 2836 uae
780 2773 884 2857 opinio
914 2781 981 2836 crat
1003 2770 1086 2835 edita
1106 2772 1139 2834 in

186 2859 310 2945 vulgus,
335 2858 472 2943 aliquam
502 2856 621 2921 Caesar
647 2794 689 2920 ad
710 2857 939 2943 insequendum
962 2857 1140 2921 facultatem

187 2945 330 3025 haberet,
359 2945 548 3030 nuntiosque
576 2941 617 3006 ad
643 2965 716 3008 eum
738 2941 883 3008 celeriter
903 2943 1006 3026 mittit,
1029 2941 1140 3027 quibus

187 3030 370 3116 regionibus
403 3032 575 3094 exereitum
598 3029 806 3113 exposuisset
839 3037 870 3094 et
902 3028 978 3114 quid
1009 3027 1140 3092 militum

183 3115 424 3182 transvenisset.

254 3203 305 3266 30.
328 3201 417 3266 Haec
440 3199 549 3265 eodem
565 3199 630 3263 fere
651 3208 794 3284 tempore
810 3197 929 3264 Caesar
944 3207 1038 3282 atque
1051 3196 1139 3260 Pom·

211 3289 278 3352 eius
312 3294 514 3372 cognoscunt.
556 3285 639 3349 Nam
698 3294 911 3349 raetervectas
942 3281 1140 3369 Apolloniam

221 3371 487 3457 yrrhachiumque
508 3393 606 3434 naves
628 3371 661 3434 vi
684 3379 784 3454 erant,
807 3371 868 3454 ipsi
888 3370 949 3433 iter
972 3367 1142 3432 seeundum

192 3479 246 3522 eas
274 3468 359 3522 terra
388 3457 583 3540 direxerant,
611 3455 668 3520 sed
697 3477 757 3544 quo
788 3464 894 3520 essent
921 3476 977 3518 eae
1009 3451 1141 3534 delatae,
