2534 3970
180 216 221 280 26
440 218 497 280 DE
520 217 663 281 BELLO
686 215 877 282 GALLIOO

242 387 295 451 40.
317 387 407 452 Haec
418 409 513 474 quum
524 387 806 468 animadvertisset,
822 397 993 452 convocato
1005 386 1136 453 consilio
1245 407 1246 434 ³

181 474 382 559 omniumque
411 471 557 538 ordinum
579 473 620 536 ad
640 472 675 536 id
695 471 859 537 consilium
887 471 1036 536 adhibitis
1064 493 1136 536 een-

180 556 356 622 turionibus
377 557 582 623 vehementer
603 578 659 622 eos
679 557 850 622 incusavit:
872 558 1017 642 primum,
1041 556 1135 643 quod,

181 653 235 707 aut
263 665 359 728 quam
387 644 421 706 in
451 652 574 728 partem
603 651 657 708 aut
685 663 747 728 quo
776 641 906 706 consilio
936 641 1135 725 ducerentur,

181 727 242 792 sibi
264 727 477 813 quaerendum
508 737 562 791 aut
590 727 792 812 cogitandum
834 735 971 791 starent.
1011 727 1136 791 Ariovi-

181 823 264 876 stum
280 835 314 877 se
330 811 459 879 consule
474 812 676 898 cupidissime
689 811 798 898 populi
860 813 945 876 mani
967 812 1135 875 amicitiam

181 899 354 984 appetisse:
378 920 433 962 cur
452 897 537 962 hunc
558 908 622 962 tam
642 908 762 962 temere
784 899 949 984 quisquam
971 896 1011 960 ab
1034 896 1138 961 efficio

182 983 394 1047 discessurum
435 982 616 1049 iudicaret?
670 981 740 1046 Sibi
783 981 911 1068 quidem
951 981 1137 1067 persuaderi

181 1069 314 1152 cognitis
344 1069 410 1132 suis
438 1067 605 1154 postulatis
627 1076 722 1154 atque
743 1068 902 1153 aequitate
924 1066 1138 1131 conditionum

182 1162 347 1238 perspecta
375 1175 447 1218 eum
476 1175 579 1239 neque
610 1174 699 1216 suam
731 1173 835 1237 neque
866 1151 975 1238 populi
1003 1151 1138 1216 Romarri

181 1239 314 1323 gratiam
334 1238 581 1322 repudiaturum.
624 1237 717 1316 Quod
739 1240 767 1300 si
788 1237 894 1301 furore
916 1245 1011 1322 atque
1031 1257 1138 1300 amem

181 1325 226 1386 tia
246 1322 401 1470 impulsus
422 1322 540 1386 bellum
562 1321 727 1406 intulisset,
750 1321 827 1408 quid
847 1321 975 1386 tandem
989 1343 1138 1386 vereren-

182 1407 256 1471 tur?
314 1417 349 1471 ut
369 1430 424 1472 cur
446 1407 485 1472 de
508 1430 567 1472 sua
579 1409 695 1472 virtrte
718 1419 771 1471 aut
793 1407 833 1472 de
854 1408 953 1491 ipsius
975 1406 1139 1491 diligentia
1249 1457 1250 1474 t

183 1492 410 1578 desperarent?
453 1493 584 1557 Factum
608 1494 675 1557 eius
697 1493 796 1557 hostis
817 1491 992 1592 perieulum
1013 1502 1139 1576 patrum

182 1589 360 1643 nostrorum
388 1580 554 1661 memoria,
588 1600 685 1665 quum
712 1576 849 1642 Cimbns
880 1590 911 1640 et
939 1577 1090 1640 Teutonis
1119 1597 1140 1639 a

184 1662 264 1727 Gaio
293 1663 394 1728 Mario
422 1662 522 1749 pulsis
550 1685 614 1728 non
646 1664 798 1728 minorem
827 1661 951 1726 laudem
980 1662 1140 1726 exercstus

184 1770 278 1833 quam
293 1751 361 1833 ipse
375 1749 547 1849 imperator
561 1749 691 1812 meritus
705 1747 890 1829 videbatur3
912 1747 1029 1811 fectum
1044 1747 1139 1811 etiam

182 1855 284 1918 nuper
305 1835 339 1896 in
359 1833 454 1898 Italia
480 1833 588 1897 servili
610 1832 759 1914 tumultu,
788 1855 868 1919 quos
893 1842 1000 1896 tamen
1021 1831 1064 1895 ali
1085 1830 1140 1894 uid

183 1939 258 1981 usus
281 1939 319 1982 ac
341 1917 519 2003 disciplina,
550 1939 631 2018 quae
654 1940 673 1981 a
693 1917 785 1982 nobis
808 1919 1013 2002 accepissent,
1036 1854 1140 1980 sulrle-

183 2013 304 2067 varent.
344 2002 397 2066 Ex
419 2025 479 2089 quo
501 2002 632 2066 iudicari
654 2025 756 2088 posse,
781 2013 932 2089 quantum
953 2000 1086 2065 haberat
1105 2001 1139 2063 in

185 2111 219 2152 se
240 2087 316 2153 boni
338 2090 524 2170 constantia,
546 2099 716 2174 propterea
730 2087 822 2174 quod,
846 2109 925 2173 quos
947 2084 1141 2171 aliquamdiu

184 2173 322 2238 inermos
352 2174 420 2237 sine
448 2195 545 2236 neusa
573 2174 764 2254 timuissent,
794 2173 851 2237 hos
873 2180 982 2258 postea
1003 2180 1141 2236 armatos

185 2279 223 2322 ac
243 2260 379 2323 victores
409 2268 620 2344 superassent.
654 2257 802 2358 Denique
829 2257 886 2323 hos
909 2278 979 2322 esse
1002 2255 1140 2338 eosdem,

185 2343 373 2429 quibuscum
388 2365 614 2428 saepenumero
630 2342 770 2408 Helveni
784 2343 946 2428 congressi
959 2363 1024 2406 non
1039 2340 1140 2406 solum

185 2431 218 2492 in
240 2431 321 2510 suis,
344 2427 401 2492 sed
424 2430 517 2494 ctiam
538 2429 572 2491 in
592 2427 718 2508 illorum
743 2426 860 2492 finibus
882 2425 1068 2514 plerumque
1090 2449 1140 2490 sus

186 2515 339 2599 perarint,
364 2516 417 2600 qui
437 2523 544 2577 tamen
565 2535 659 2599 pares
681 2535 751 2578 esse
772 2522 880 2579 nostro
903 2513 1055 2576 exercitui
1077 2534 1140 2576 non

185 2599 351 2747 potuerint
395 2598 430 2663 Si
452 2620 531 2684 quos
553 2598 721 2663 adversum
743 2597 896 2684 proelium
919 2607 950 2660 et
971 2597 1046 2682 fuga
1067 2595 1140 2661 Gal-

198 2705 287 2749 orum
302 2696 521 2765 commoveret,
543 2683 611 2764 hos,
632 2685 659 2747 si
674 2692 871 2769 quaererent,
893 2683 1033 2768 reperire
1047 2703 1141 2768 posse

186 2769 387 2833 diutmnitate
408 2767 486 2833 belli
507 2769 685 2854 defatigatis
701 2767 803 2832 Gallis
817 2767 1021 2848 Ariovistum,
1045 2789 1141 2854 quum

187 2853 300 2918 multos
315 2875 441 2918 menses
456 2855 568 2918 castris
583 2877 617 2918 se
632 2875 671 2918 ac
684 2852 852 2940 paludibus
872 2853 1025 2916 tenuisset
1038 2874 1141 2939 neque

188 2940 237 3002 sui
257 2947 445 3024 potestatem
458 2938 594 3021 fecisset,
618 2938 822 3024 desperantes
842 2939 906 3002 iam
928 2937 967 3001 de
989 2959 1096 3023 pugna
1111 2947 1143 3002 et

188 3027 346 3108 dispersos
376 3023 480 3090 subito
510 3024 653 3088 adortum
683 3024 784 3108 magis
813 3024 935 3087 ratione
958 3032 989 3086 et
1011 3022 1142 3086 consilio

188 3131 281 3194 quam
309 3111 424 3174 virtute
453 3111 577 3173 vicisse.
622 3107 683 3172 Oui
714 3109 826 3172 rationi
859 3118 968 3172 nonna
998 3107 1141 3170 homines

186 3194 339 3259 barbaros
355 3206 449 3280 atque
470 3196 632 3280 impetitos
650 3194 738 3258 locus
760 3193 879 3274 fuisset,
902 3193 963 3256 hac
976 3215 1017 3257 ne
1039 3194 1142 3277 ipsum

189 3279 314 3365 quidern
342 3301 471 3365 sperare
497 3288 621 3343 nostros
652 3283 810 3343 exercitus
838 3280 909 3364 capi
930 3299 1034 3363 posse.
1078 3275 1142 3355 Qui

189 3386 280 3430 suum
301 3367 446 3429 timorem
466 3365 500 3428 in
521 3366 568 3428 rei
589 3363 811 3428 frumentariae
834 3361 1065 3428 simulationem
1088 3383 1143 3426 an·

188 3453 369 3536 gustiasque
383 3450 505 3515 itineris
517 3450 703 3531 conterrent,
718 3449 823 3512 facere
838 3457 1032 3532 arroganter,
1048 3468 1143 3534 quum
