2534 3970
157 185 179 248 4
416 188 477 250 DE
498 187 642 253 BRLLO
665 189 856 253 GALLICO

157 355 592 443 nandosanimospertinent,
615 360 793 444 important,
817 361 1016 459 proximique
1039 373 1110 424 sunt

160 439 346 524 Germanis,
378 445 432 528 qui
460 455 547 508 trans
571 443 716 507 Rhenum
738 443 894 526 incolunt,
925 444 1112 530 qurbuscum

158 527 356 590 continenter
377 527 496 592 bellum
524 540 648 614 gerunt.
688 527 760 606 Qua
789 529 828 592 de
856 545 952 610 causa
973 529 1112 593 Helvetii

158 632 282 696 quoque
304 613 441 698 reliquos
458 612 567 677 Gallos
583 615 698 676 virtute
713 614 915 697 praecedunt,
940 615 1024 698 quod
1045 614 1111 680 fero

158 696 345 781 quotidianis
361 696 490 781 proeliis
513 720 584 761 cum
601 697 767 762 Germanis
790 699 991 782 contendunt,
1015 721 1111 784 quum

157 789 212 846 aut
242 781 306 844 suis
332 782 447 846 finibus
478 805 532 846 eos
582 783 745 861 rohibent‚
777 792 830 845 aut
856 784 918 869 ipsi
947 785 1112 848 incorum

156 864 271 928 finibus
286 865 406 931 bellum
420 876 542 952 gerunt.
561 805 685 932 hlomm
706 889 866 951 unapars,
890 891 985 954 quam
1000 867 1112 932 Gallos

158 949 301 1015 obtinere
317 952 436 1016 dictum
451 961 508 1034 est,
523 953 647 1015 initium
663 953 747 1036 capit
762 974 781 1014 a
795 950 926 1016 flumine
941 953 1112 1036 Rhodano,

156 1037 333 1102 continetur
356 1036 520 1100 Garumna
548 1035 695 1118 flumine,
719 1036 864 1119 Oceano,
894 1037 1010 1101 finibus
1038 1037 1111 1102 Bel·

179 1142 284 1202 arum3
301 1123 427 1206 attingit
441 1124 535 1185 etiam
551 1121 591 1185 ab
608 1121 764 1207 Sequanis
781 1135 812 1184 et
822 1121 979 1186 Helvetiis
993 1121 1112 1186 flumen

155 1141 315 1286 Rhenum
345 1207 451 1291 vergit
479 1205 519 1270 ad
550 1208 791 1291 septentriones.
836 1206 957 1292 Belgae
987 1207 1028 1270 ab
1058 1231 1111 1272 ex·

155 1292 263 1353 tremis
287 1289 411 1354 Galbae
432 1291 549 1355 finibus
573 1293 734 1373 oriuntur,
763 1293 923 1375 pertinent
944 1291 985 1355 ad
1006 1291 1111 1356 inferi-

155 1396 242 1440 orem
263 1385 386 1460 partem
407 1375 545 1440 fluminis
567 1375 686 1458 Rheni3
717 1385 859 1460 spectant
886 1377 919 1438 in
947 1378 1112 1461 septentri-

155 1481 248 1524 onem
270 1469 302 1524 et
324 1462 478 1524 orientem
501 1460 610 1524 solem.
640 1460 812 1545 Aquitania
834 1459 1034 1525 aGarumna
1054 1461 1111 1524 fiu-

154 1546 239 1608 mine
261 1545 302 1608 ad
323 1546 503 1630 Pyrenaeos
526 1553 649 1609 montes
672 1554 704 1608 et
733 1567 802 1610 eam
831 1551 955 1630 partem
979 1545 1109 1628 Oceani,

155 1651 237 1715 quaa
260 1639 307 1706 est
322 1631 363 1694 ad
377 1631 576 1715 Hispaniam,
598 1631 753 1714 pertinet,
777 1639 898 1714 spectat
909 1632 998 1714 ,inter
1020 1653 1109 1695 occa-

153 1735 224 1778 sum
246 1715 320 1779 solis
343 1724 375 1780 et
398 1738 432 1779 se
455 1718 638 1779 tentriones.

216 1800 246 1865 2.
283 1799 380 1886 Apud
411 1739 577 1864 Hpelvetios
610 1799 706 1884 longe
738 1793 954 1862 'nobilissimus
987 1799 1047 1862 fuit
1081 1811 1112 1864 11

153 1883 326 1949 ditissimus
356 1886 537 1970 Orgetorix.
577 1883 610 1946 Is
638 1883 683 1946 M.
706 1882 847 1948 Messala
876 1891 908 1947 11
928 1883 972 1947 M.
995 1885 1111 1948 Pisone

152 1969 335 2034 consulibus
364 1971 455 2056 regni
483 1968 655 2054 eupiditate
682 1968 831 2033 inductus
860 1969 1110 2033 coniurationem

151 2055 325 2120 nobilitatis
347 2055 421 2119 fecit
451 2065 482 2118 et
509 2055 630 2118 civitati
658 2055 831 2139 persuasit,
861 2061 897 2117 ut
926 2052 966 2116 de
993 2052 1110 2118 finibus

152 2141 218 2204 suis
252 2162 324 2204 cum
357 2140 503 2204 omnibus
537 2140 636 2224 copiis
671 2140 810 2202 exirent:
844 2137 997 2224 perfacile
1030 2160 1110 2221 esse,

152 2247 250 2310 quum
277 2227 395 2289 virtute
429 2224 575 2289 omnibus
631 2231 824 2304 raestarent,
857 2226 954 2287 totius
989 2222 1111 2288 Galbae

153 2311 286 2457 impprio
308 2311 411 2396 potiri.
447 2311 486 2374 Id
513 2309 576 2374 hoo
597 2247 722 2373 fiscilius
744 2308 800 2399 eis
822 2310 995 2396 persuasit,
1027 2310 1110 2396 quod

151 2416 196 2458 un
222 2396 293 2480 'que
323 2395 384 2459 loci
412 2404 527 2459 natura
556 2394 697 2459 Helvetii
726 2395 943 2460 continentur:
974 2417 1038 2458 una
1067 2417 1108 2458 ex

150 2489 240 2565 parta
262 2480 390 2543 fiumina
412 2480 540 2563 Rheno,
567 2479 721 2545 latissimo
744 2491 838 2568 atque
861 2479 1031 2562 altissimo,
1054 2482 1109 2565 qui

150 2586 262 2649 agrum
276 2565 459 2629 Helvetium
473 2588 493 2630 a
508 2565 676 2630 Germanis
692 2564 821 2650 dividit,
844 2566 943 2630 altera
959 2588 1000 2629 ex
1020 2575 1111 2650 parte

150 2659 258 2714 monte
272 2649 347 2714 Iura
368 2651 530 2734 altissimo,
555 2653 608 2737 qui
631 2660 680 2715 est
700 2652 784 2716 inter
799 2650 965 2738 Sequanos
988 2659 1019 2713 et
1033 2649 1109 2714 Hel-

149 2736 268 2817 vetios3
291 2737 385 2800 tertia
406 2736 478 2800 lacu
491 2737 655 2802 Lemanno
679 2745 711 2800 et
724 2735 854 2800 flumine
869 2736 1031 2818 Rhodano,
1056 2735 1111 2820 qui

115 2848 117 2851 ’
149 2821 347 2906 provinciam
368 2831 509 2886 nostram
531 2821 572 2885 ab
594 2820 752 2888 Helvetiis
775 2821 897 2885 dividit.
931 2821 991 2883 His
1012 2819 1110 2883 rebus

151 2904 265 2987 fiebat,
296 2914 330 2968 ut
353 2916 384 2969 11
405 2909 509 2970 minus
532 2906 596 2970 late
618 2915 813 2991 vagarentur
837 2916 868 2970 11
889 2906 993 2969 minus
1015 2904 1108 2968 facile

149 2989 290 3053 finitimis
311 2986 435 3055 bellum'
451 2992 568 3055 inferre
582 3001 723 3076 possent.
747 2991 820 3070 Qua
833 3014 890 3076 pro
912 3012 947 3053 re
963 2989 1106 3055 homines

149 3073 292 3139 bellandi
313 3077 418 3160 cupidi
432 3099 547 3160 magno
570 3075 681 3140 dolore
701 3075 934 3158 afficiebantur3
978 3097 1013 3138 ro
1028 3073 1105 3137 mul·

58 3169 62 3172 ’
150 3160 284 3224 titudine
314 3172 419 3225 autem
440 3162 604 3225 hominum
634 3171 665 3224 11
685 3182 743 3246 pro
773 3160 875 3244 gloria
903 3098 981 3224 belli
1012 3169 1107 3244 atque

148 3244 337 3310 fortitudinis
365 3255 515 3330 angustos
544 3269 578 3309 se
605 3246 685 3310 fines
712 3245 834 3326 habere
863 3245 1106 3324 arbitrabantur,

146 3332 204 3416 'qui
232 3331 265 3394 in
294 3331 522 3415 longitudinem
548 3329 637 3394 milia
666 3353 817 3416 passuum
840 3337 945 3413 CCXL,
975 3331 1008 3393 in
1037 3328 1104 3392 lati·

149 3415 290 3480 tudinem
313 3422 432 3479 CLXXX
453 3415 613 3498 patebant.
