2534 3970
181 217 224 283 48
439 217 501 280 DE
522 217 666 280 BELLO
689 214 881 282 GALLIOO

183 389 361 454 deomena
392 398 487 473 porta
519 410 556 451 ac
579 409 700 452 summo
735 390 810 472 iugo
834 385 923 454 collis
944 396 1069 452 nostros
1091 387 1137 450 vi-

183 483 285 538 ctores
297 473 415 537 flumen
429 473 581 536 transisse
597 481 837 557 conspexerant,
853 471 1028 557 praedandi
1043 495 1138 535 causa

183 561 311 644 egressi,
335 581 431 643 quum
453 559 670 642 respexissent
696 568 729 620 et
750 558 856 622 hostes
889 558 922 619 in
942 558 1059 620 nostris
1087 579 1137 620 ca-

183 646 257 707 stris
280 645 401 706 versari
422 643 586 725 vidissent,
620 644 811 728 praecipites
833 641 927 726 fugae
950 664 1020 706 sese
1049 665 1136 705 man-

183 729 308 794 dabant.
346 727 446 792 Simul
469 750 585 810 eorum,
609 729 663 812 qui
685 749 757 791 cum
779 727 1010 812 impedimentis
1031 729 1138 791 venie-

182 813 268 896 bant,
291 813 409 877 clamor
430 813 636 898 fremitusque
659 812 828 893 oriebatur,
853 811 968 898 aliique
991 811 1085 876 aliam
1104 813 1137 876 in

181 908 313 998 partem·
326 899 487 983 perterriti
507 897 699 961 ferebantur.
728 897 850 976 Quibus
874 897 1018 961 omnibus
1040 897 1137 960 rebus
1253 955 1254 968 ,

181 993 315 1070 permoti
330 986 451 1069 equites
467 983 608 1064 Treveri,
632 1004 765 1067 quorum
787 984 870 1046 inter
885 981 993 1046 Gallos
1012 982 1138 1046 virtutis
1160 1012 1162 1017 ·

182 1071 288 1154 opinio
318 1079 366 1131 est
393 1067 578 1152 singularis,
616 1070 669 1152 qui
692 1067 802 1131 auxilii
825 1089 920 1130 causa
946 1067 987 1130 ab
1010 1069 1137 1131 civitate

182 1155 223 1218 ad
256 1153 429 1218 Caesarem
468 1153 557 1216 missi
589 1162 765 1234 venerant,
808 1175 904 1238 quum
938 1152 1138 1216 multitudine

182 1238 319 1303 hostium
341 1249 446 1302 castra
468 1236 635 1323 compleri,
658 1247 786 1301 nostras
809 1237 951 1321 legiones
981 1239 1082 1322 premi
1104 1246 1137 1301 et

181 1345 282 1408 paene
305 1324 538 1386 circumventas
558 1323 669 1405 teneri,
693 1321 829 1404 calones,
854 1323 984 1408 equites,
1002 1323 1138 1386 fimdito-

181 1430 242 1490 res,
264 1407 417 1470 Numidas
440 1408 583 1473 diversos
605 1407 837 1493 dissipatosque
859 1409 892 1469 in
907 1430 1015 1471 omnes
1030 1418 1137 1493 partes

181 1493 291 1576 fugere
322 1493 490 1575 vidissent,
528 1492 702 1577 desperatis
735 1493 851 1557 nostris
885 1492 980 1555 rebus
1010 1491 1138 1556 domum

182 1576 428 1660 contenderunt3
451 1578 609 1642 Romanos
631 1568 999 1662 pulsossuperatosque,
1024 1579 1137 1642 castris

181 1662 478 1748 impedimentisque
510 1684 619 1726 eorum
651 1662 758 1726 hostes
787 1663 904 1748 potitos
938 1664 1057 1730 civitati
1088 1684 1136 1726 re-

181 1749 412 1813 nuntiavenmt.
626 1758 629 1764 '

246 1834 297 1896 25.
322 1832 441 1897 Caesar
469 1833 510 1897 ab
533 1832 675 1896 decimae
698 1831 831 1918 legionis
856 1833 1071 1897 cohortatione
1095 1832 1137 1895 ad

185 1917 332 1982 dextrum
354 1940 452 1981 cornu
473 1917 643 2002 profectus,
666 1917 722 1980 ubi
743 1940 816 1982 suos
838 1919 946 2002 urgeri
976 1918 1074 2002 signis
1097 1939 1137 1981 ue

183 2004 216 2066 in
239 2026 336 2067 unum
357 2002 463 2066 locum
485 2001 607 2066 collatis
631 2002 837 2068 duodecimae
859 2003 992 2088 legionis
1016 2025 1052 2066 co
1088 2025 1136 2066 er-

182 2096 231 2151 tos
251 2087 367 2152 milites
390 2087 451 2150 sibi
472 2089 558 2172 ipsos
588 2086 629 2151 ad
650 2109 790 2173 pugnam
820 2110 890 2152 esse
912 2088 1137 2173 impedimento

181 2171 270 2253 vidit,
294 2180 423 2257 quartae
446 2173 582 2238 cohortis
605 2173 749 2236 omnibus
772 2172 1007 2238 centurionibus
1023 2175 1137 2238 occisis

183 2257 395 2342 signiferoque
417 2258 590 2339 interiecto,
615 2259 706 2342 signo
729 2261 855 2341 amisso,
877 2257 1071 2344 reliquarum
1086 2280 1137 2322 co-

181 2342 318 2408 hortium
347 2343 493 2407 omnibus
525 2345 590 2408 fere
613 2343 848 2407 centurionibus
877 2353 931 2408 aut
962 2343 1135 2407 vulneratis

183 2435 237 2491 aut
259 2428 381 2509 occisis,
405 2429 438 2492 in
459 2428 508 2491 his
531 2427 690 2514 primipilo
713 2428 748 2490 P.
772 2427 882 2493 Sextio
905 2428 1041 2512 Baculo,
1075 2428 1136 2493 for·

182 2513 304 2577 tissime
326 2515 405 2595 vire,
428 2514 535 2577 multis
555 2513 768 2598 gravibusque
782 2512 968 2577 vulneribus
983 2513 1137 2595 confecto,

182 2599 303 2661 utiam
325 2620 359 2662 se
382 2602 537 2663 sustinere
558 2621 623 2662 non
638 2609 756 2682 posset,
779 2597 917 2684 reliquos
934 2621 1004 2662 esse
1019 2598 1136 2664 tardio-

183 2705 236 2747 res
259 2693 290 2746 et
311 2683 479 2748 nonnullos
509 2683 549 2747 ab
572 2683 752 2747 novissimis
782 2683 909 2748 deserto
939 2684 1059 2770 proelio
1083 2705 1136 2746 ex·

185 2767 298 2834 cedere
321 2790 358 2832 ac
380 2768 444 2832 tela
464 2770 576 2851 vitare,
599 2768 705 2832 hostes
728 2791 832 2854 neque
861 2792 882 2832 a
901 2768 1004 2834 fronte
1027 2791 1068 2833 ex
1089 2770 1135 2831 in-

182 2854 297 2918 feriore
308 2852 377 2918 loco
390 2853 560 2919 subeuntes
569 2855 777 2918 intermittere
792 2864 824 2918 et
835 2854 875 2918 ab
887 2865 1020 2941 utroque
1035 2853 1137 2918 latere

182 2940 316 3020 instare,
347 2949 379 3002 et
406 2962 475 3004 rem
502 2963 572 3004 esse
599 2941 633 3002 in
655 2947 789 3022 angusto
810 2939 891 3003 vidit
911 2962 1014 3025 neque
1036 2938 1137 3003 ullum
1236 2973 1244 2988 ·

183 3045 254 3088 esse
277 3023 467 3107 subsidium,
491 3023 576 3111 quod
598 3023 740 3086 submitti
761 3033 883 3108 posset,
906 3034 995 3089 scuto
1018 3024 1058 3088 ab
1080 3045 1136 3088 no·

182 3110 320 3173 vissimis
342 3109 397 3172 uni
418 3109 509 3174 militi
531 3109 682 3189 detracto,
706 3108 791 3193 quod
811 3111 880 3194 ipse
904 3131 948 3189 eo,
964 3110 1032 3174 sine
1048 3118 1136 3174 scuto

182 3203 321 3275 venerat,
344 3196 377 3257 in
398 3197 534 3281 primam
557 3197 657 3258 aciem
671 3195 1138 3279 processitcenturionibusque

182 3281 367 3345 nominatim
382 3279 548 3364 appellatis
563 3279 702 3366 reliquos
718 3278 896 3344 cohortatus
912 3280 1028 3344 milites
1045 3281 1138 3364 signa

182 3365 300 3428 interra
323 3374 354 3428 et
375 3364 552 3451 manipulos
574 3365 683 3428 laxare
705 3364 805 3446 iussit,
842 3386 903 3451 quo
924 3365 1048 3428 facilius
1092 3364 1136 3427 la·

188 3447 247 3514 diis
269 3451 316 3513 uti
337 3459 475 3535 possent.
521 3449 618 3514 Ouius
642 3449 781 3514 adventu
803 3471 861 3535 spe
882 3449 970 3515 illata
984 3387 1137 3513 militibus
