2534 3970
352 229 487 294 OOMM.
510 227 542 290 n
564 227 816 292 carus-19.
1019 227 1065 293 45

105 425 148 468 ne
176 402 317 488 perspici
344 401 472 487 quidem
523 409 616 464 osset
660 398 720 462 His
749 400 846 465 rebus
876 421 973 487 quum
1001 401 1064 464 iter

106 488 243 575 agminis
276 487 375 550 nostri
406 423 627 570 impediretur,
661 507 725 549 non
758 485 965 550 omittendum
999 484 1061 550 sibi

106 571 276 640 consilium
297 571 407 636 Nervii
430 573 699 635 existimaverunt.

175 657 223 721 18.
253 656 331 721 Loci
359 665 473 720 natura
502 666 569 722 erat
589 656 685 737 haec,
716 679 810 743 quem
835 656 939 721 locum
960 657 1062 720 nostri

106 744 220 810 castris
243 740 435 828 delegerant.
474 740 572 806 Collis
595 741 635 805 ab
664 764 785 807 summo
811 741 986 829 aequaliter
1008 741 1062 805 de·

107 829 200 893 clivis
222 827 264 892 ad
284 827 402 891 flumen
425 826 550 910 Sabim,
581 826 667 913 quod
696 849 791 912 supra
818 828 1062 911 nominavimus,

107 912 272 999 vergebat.
315 912 367 990 Ab
390 934 428 977 eo
450 912 579 977 flumine
601 913 672 998 pari
694 912 872 977 acclivitate
895 911 983 978 collis
1006 935 1061 976 na-

109 999 260 1064 scebatur
281 997 434 1062 adversus
456 998 537 1062 huic.
551 1007 583 1062 et
597 998 781 1079 contrarius,
803 1020 915 1082 passus
938 999 1065 1062 circiter

108 1084 262 1149 ducentos
284 1084 411 1147 infimus
433 1094 575 1168 apertus,
604 1083 644 1147 ab
667 1085 829 1168 superiore
850 1093 941 1169 parte
969 1081 1062 1147 silve·

110 1170 202 1251 stris,
225 1177 344 1233 utnon
365 1168 457 1233 facile
479 1170 632 1232 introrsus
654 1169 793 1254 perspici
813 1178 930 1254 posset.
974 1167 1062 1232 Intra

109 1277 163 1320 eas
198 1253 294 1318 silvas
323 1254 430 1319 hostes
458 1255 493 1317 in
522 1254 644 1319 occulto
679 1275 748 1319 sese
782 1253 996 1338 continebant3
1029 1255 1063 1317 in

109 1349 219 1425 aperto
240 1339 309 1404 loco
333 1339 506 1403 secundum
527 1339 644 1404 flumen
663 1360 787 1425 paucae
803 1341 952 1403 stationes
975 1341 1062 1425 equi-

108 1433 177 1489 tum
198 1424 397 1489 videbantur.
441 1425 598 1490 Fluminis
621 1434 688 1489 erat
710 1424 842 1490 altitudo
864 1425 982 1511 pedum
1004 1426 1063 1488 cir-

110 1512 189 1574 citer
210 1511 315 1573 trium.

174 1595 225 1658 19.
271 1594 389 1660 Caesar
426 1597 566 1660 euitatu
600 1597 773 1681 praemisso
811 1595 1065 1681 subsequebatur

110 1680 256 1746 omnibus
278 1682 390 1767 copiis3
415 1617 471 1746 sed
493 1684 573 1746 ratio
596 1681 737 1768 ordoque
757 1683 892 1767 agminis
916 1679 1007 1744 aliter
1028 1701 1066 1744 se

109 1765 264 1847 habebat,
298 1788 336 1831 ac
362 1766 483 1851 Belgae
515 1768 556 1832 ad
582 1767 717 1848 Neruios
750 1763 938 1831 detulerant.
982 1765 1065 1829 Nam

131 1852 196 1916 uod
225 1851 268 1915 ad
296 1851 403 1916 hostes
431 1852 719 1938 appropinquabat,
750 1850 977 1915 consuetudine
1007 1873 1064 1914 sua

112 1873 232 2002 gaasar
265 1959 323 2002 sex
355 1936 495 2022 legiones
529 1938 693 2024 expeditas
726 1936 877 2022 ducebat3
910 1945 982 2023 post
1010 1958 1065 2001 eas

111 2024 205 2088 totius
233 2025 390 2088 exercitus
419 2024 644 2109 impedimenta
673 2023 857 2106 collocarat3
886 2023 961 2087 inde
983 2022 1066 2087 duae

112 2107 269 2193 legiones,
304 2131 384 2193 quae
416 2110 561 2194 proxime
594 2111 791 2195 conscriptae
822 2117 932 2191 erant,
965 2117 1066 2172 totum

113 2216 226 2277 agmen
248 2193 438 2259 claudebant
458 2195 615 2280 praesidio
638 2216 678 2259 ue
699 2193 930 2280 impedimentis
964 2202 1067 2258 erant.

112 2278 245 2365 Equites
266 2281 367 2343 nostri
382 2301 454 2343 eum
475 2219 685 2344 funditoribus
701 2281 933 2366 sagittariisque
947 2278 1066 2342 flumen

113 2365 306 2449 transgressi
327 2388 398 2429 cum
419 2364 556 2428 hostium
584 2367 724 2450 equitatu
753 2364 907 2451 proelium
938 2365 1065 2428 commi·

115 2459 231 2514 serunt.
277 2449 382 2529 Quum
409 2473 444 2514 se
470 2450 517 2514 illi
545 2450 717 2515 identidem
746 2451 780 2514 in
810 2449 905 2514 silvas
928 2449 969 2513 ad
992 2471 1068 2514 suos

113 2536 292 2620 reciperent
320 2558 359 2600 ac
384 2559 493 2600 rursus
524 2559 565 2601 ex
594 2535 675 2601 silva
700 2536 734 2599 in
761 2544 886 2600 nostros
914 2537 1066 2620 impetum

114 2619 263 2702 iacerent,
286 2643 389 2708 neque
403 2623 503 2686 nostri
524 2622 658 2708 longius,
682 2644 776 2707 quam
792 2644 885 2708 quem
908 2620 949 2684 ad
970 2620 1066 2684 finem

115 2715 261 2790 porrecta
286 2707 358 2771 loca
384 2717 493 2792 aperta
519 2707 734 2792 pertinebant,
765 2706 913 2772 cedentes
941 2705 1069 2792 insequi

117 2791 277 2872 auderent,
293 2793 420 2857 interim
436 2792 576 2878 legiones
589 2815 657 2875 sex,
673 2814 755 2880 quae
768 2795 890 2878 primae
901 2800 1067 2874 venerant,

118 2899 212 2961 opere
234 2876 377 2942 dimenso
399 2887 506 2942 castra
522 2880 646 2942 munire
670 2888 849 2964 coeperunt.
879 2877 943 2942 Ubi
965 2877 1067 2963 prima

117 2962 338 3048 impedimenta
359 2965 461 3029 nostri
494 2966 652 3028 exercitus
682 2964 722 3028 ab
750 2965 805 3044 iis,
830 2965 883 3051 qui
911 2963 944 3025 in
978 2961 1068 3027 silvis

119 3047 215 3111 abditi
243 3047 397 3132 latebant,
426 3051 496 3114 visa
522 3060 609 3132 sunt,
640 3049 723 3136 quod
749 3058 874 3136 tempus
901 3049 985 3112 inter
1012 3067 1072 3111 eos-

120 3133 332 3199 committendi
352 3135 465 3220 proelii
480 3145 678 3218 convenerat,
701 3144 736 3199 ut
757 3136 841 3198 intra
856 3134 951 3198 silvas
967 3133 1070 3196 aciem

121 3219 242 3284 ordines
265 3241 306 3282 ue
324 3221 551 3285 constituerant
571 3231 665 3309 atque
687 3221 748 3306 ipsi
771 3243 840 3285 sese
863 3220 1068 3284 confirmave-

121 3314 200 3386 rant,
225 3241 328 3369 sdbito
351 3305 495 3369 omnibus
519 3307 616 3392 copiis
638 3306 883 3392 provolaverunt
903 3306 1067 3389 impetum·

123 3391 233 3476 quein
261 3400 385 3455 nostros
415 3393 536 3478 equites
562 3391 715 3456 fecerunt.
759 3391 818 3454 His
848 3389 940 3453 facile
968 3388 1074 3474 pulsis

123 3496 155 3540 ac
174 3475 368 3562 proturbatis
389 3475 568 3542 incredibili
590 3477 751 3542 celeritate
773 3475 814 3540 ad
834 3474 953 3538 flumen
974 3474 1073 3538 decu-
