2490 3974
150 229 213 295 216
460 229 587 292 BELLI
610 230 799 294 AFRICAE

150 425 240 467 num:
270 400 348 464 nihil
378 403 509 466 attinere
539 423 611 465 eum
640 423 711 464 cum
741 401 931 466 adversariis
961 401 1126 487 colloqui.

151 487 258 567 Quum
286 485 383 550 nihilo
412 489 516 551 minus
546 488 613 550 eius
644 509 821 551 sermonem
849 489 978 552 nuntius
1008 487 1054 550 ad
1082 509 1126 550 se

150 573 295 638 referret:
320 571 376 637 sed
398 581 528 652 restare,
559 581 595 635 ut
623 571 682 637 reli
705 595 755 652 ua,
800 595 860 636 uae
889 572 994 653 vellet,
1017 594 1126 657 pera-

150 667 250 744 geret,
272 659 376 721 viator
397 667 564 742 praeterea
590 655 631 721 ab
654 596 734 721 Iuba
756 596 799 722 ad
819 680 891 721 emn
914 667 962 722 est
983 659 1123 737 missus,

151 745 206 909 qui
227 743 348 806 diceret
369 743 516 806 audiente
538 741 694 807 Saserna:
720 754 807 806 vetat
828 753 859 807 te
881 765 941 808 rex
962 742 1125 891 0011οἙιῖὲ

182 851 224 894 uo
245 829 355 892 nuntio
377 829 561 913 perterritus
585 826 730 891 discessit
745 839 776 892 et
797 828 882 893 dicto
904 828 1037 892 audiens

151 915 230 1000 regi.
257 913 327 977 Usu
352 915 478 978 venisse
509 912 569 977 hoc
599 915 661 976 civi
689 913 830 978 Romano
858 925 890 978 et
917 917 955 995 ei,
986 915 1041 1000 qui
1073 912 1122 976 ab

151 998 267 1085 populo
289 999 430 1063 Romano
460 997 596 1063 honores
623 1020 698 1062 acce
722 1001 807 1079 isset,
837 999 985 1064 ineolumi
1007 1001 1124 1083 patria

150 1083 347 1170 fortunisque
363 1084 509 1148 omnibus
524 1084 622 1148 Iubae
638 1021 775 1148 barSaro
790 1087 893 1170 potius
909 1085 1121 1149 obedientem

150 1169 258 1251 fuisse,
281 1191 375 1256 quam
397 1179 452 1234 aut
473 1169 629 1254 Scipionis
658 1169 895 1256 obtemperasse
924 1171 1034 1234 nuntio
1059 1179 1121 1232 aut

152 1257 252 1319 caesis
268 1253 408 1319 eiusdem
423 1256 519 1340 partis
532 1254 654 1319 civibus
666 1255 856 1320 incolumem
870 1256 986 1320 reverti
999 1253 1119 1318 malle!

150 1340 256 1426 Atque
278 1342 373 1403 etiam
388 1340 555 1425 superbius
578 1341 676 1404 Iubae
692 1340 810 1406 factum
823 1364 887 1405 non
902 1344 935 1405 in
953 1341 996 1404 M.
1012 1339 1042 1402 A
1068 1343 1119 1402 ui-

150 1445 236 1507 num,
259 1425 417 1488 hominem
439 1448 554 1490 novum
598 1447 772 1511 arvumque
795 1437 982 1507 senatorem,
1006 1363 1117 1488 sedin

151 1509 341 1596 Scipionem,
364 1511 523 1576 bominem
545 1449 600 1574 illl
614 1510 745 1592 familia,
761 1513 922 1596 dignitate,
937 1510 1117 1575 honoribus

150 1605 376 1682 praestantem.
399 1597 542 1681 Namque
565 1619 660 1683 quum
687 1596 794 1682 Scipio
817 1598 927 1682 sagulo
949 1618 1117 1682 purpureo

151 1692 224 1746 ante
254 1684 337 1766 regis
367 1682 536 1746 adventurn
550 1685 611 1746 ‘uti
641 1682 750 1746 solitus
780 1697 872 1763 esset,
896 1683 1010 1747 dicitur
1030 1680 1118 1745 lube

152 1789 223 1831 cum
246 1789 283 1830 eo
307 1769 410 1852 egisse
432 1789 496 1831 non
518 1791 536 1832 o
560 1779 663 1832 ortere
683 1767 773 1831 illum
796 1768 908 1832 eodem
921 1771 967 1831 uti
982 1768 1115 1845 vestitu,

152 1863 246 1938 atque
268 1854 336 1937 ipse
357 1863 508 1918 uteretur.
530 1791 642 1940 llaque
664 1854 782 1917 factum
804 1863 861 1932 est,
884 1866 919 1917 ut
940 1852 994 1917 Sci
1016 1854 1047 1915 io
1072 1852 1117 1914 ad

152 1937 259 2002 album
292 1961 362 2004 sese
393 1941 542 2003 vestitum
574 1941 763 2003 transferret
791 1949 823 2004 et
852 1939 958 2021 lubae,
991 1875 1115 2002 bomini

153 2023 377 2109 superbissimo
399 2026 661 2110 inertissimoque,
686 2025 930 2110 obtemperaret.

215 2109 265 2172 58.
288 2110 429 2184 Postero,
442 2111 493 2174 die
514 2111 680 2174 universas
709 2113 846 2173 omniurn
868 2111 975 2194 copias
998 2107 1037 2170 de
1061 2129 1115 2170 ca-

152 2196 225 2258 stris
249 2194 393 2258 omnibus
423 2196 560 2260 educunt
588 2206 619 2260 et
641 2195 843 2282 supercilium
871 2193 1029 2281 quoddam
1058 2215 1115 2255 ex-

152 2279 271 2344 celsum
304 2282 389 2344 nacti
421 2303 485 2346 non
516 2281 610 2366 longe
639 2305 659 2346 a
686 2281 833 2347 Caesaris
866 2281 977 2343 castris
1009 2279 1114 2341 aciem

152 2368 345 2431 constituunt
360 2376 454 2453 atque
470 2367 513 2431 ibi
534 2369 717 2431 consistunt.
742 2367 862 2432 Caesar
876 2368 952 2428 item
965 2363 1116 2449 producit

153 2453 259 2537 copias
275 2451 482 2538 celeriterque
497 2455 536 2516 iis
554 2455 716 2518 instructis
732 2462 805 2516 ante
822 2473 894 2514 suas
910 2449 1113 2528 munitiones,

153 2559 234 2624 quse
250 2547 340 2601 erant
354 2538 387 2600 in
403 2561 522 2624 campo,
547 2541 709 2603 constituit
724 2541 792 2602 sine
808 2537 903 2602 dubio
926 2535 1114 2601 existimans

151 2623 235 2687 ultro
258 2623 467 2700 adversarios,
491 2646 586 2710 quum
616 2634 680 2690 tam
702 2626 826 2710 magnis
849 2622 948 2707 copiis
971 2617 1113 2682 auxiliis-

152 2731 214 2796 que
235 2712 320 2795 regis
343 2719 449 2774 essent
469 2710 603 2794 praediti
630 2711 871 2796 promptiusque
891 2704 1114 2792 prosiluissent

152 2805 241 2876 ante,
271 2818 378 2860 secum
407 2817 617 2860 concursuros
643 2798 836 2882 propiusque
859 2815 893 2856 se
916 2811 1112 2855 accessuros.

151 2881 242 2969 Equo
258 2882 487 2944 circumvectus
509 2880 715 2966 legionesque
735 2880 915 2946 cohortatus
930 2878 1020 2961 signo
1036 2873 1112 2939 dato

152 2989 315 3032 accessum
337 2967 472 3032 hostiurn
488 2969 714 3052 aucupabatur.
737 2967 811 3054 Ipse
830 2966 914 3028 enim
929 2967 951 3026 a'
964 2962 1028 3024 suis
1043 2979 1112 3023 mu-

151 3051 322 3120 ¹ditionibus
344 3053 469 3137 longius
491 3075 555 3116 non
585 3054 653 3117 sine
680 3054 801 3118 ratione
823 3073 884 3115 non
907 3044 1111 3134 procedebat,

152 3140 237 3226 quod
257 3141 290 3203 in
306 3139 422 3224 oppido
438 3137 573 3220 Uzittae,
591 3139 675 3225 quod
690 3139 797 3222 Scipio
818 3133 958 3215 tenebat,
974 3130 1113 3196 hostium

152 3235 241 3290 erant
256 3226 401 3290 cohortes
438 3233 593 3307 armatae3
631 3225 734 3288 eidem
776 3231 881 3286 autem
917 3216 1032 3366 oppido
1069 3215 1112 3278 ad

151 3309 296 3376 dextrum
310 3311 391 3374 latus
404 3313 472 3374 eius
481 3331 579 3372 cornu
590 3319 658 3375 erat
665 3309 852 3396 oppositum,
864 3325 941 3370 vere
965 3312 1110 3386 aturque,

149 3421 200 3480 ne,
224 3400 251 3462 si
271 3407 527 3482 praetergressus
543 3405 637 3478 esset,
654 3417 694 3459 ex
710 3393 826 3480 oppido
841 3391 1004 3475 eruptione
1025 3387 1112 3450 facta

150 3482 191 3546 ab
219 3481 319 3547 latere
349 3505 420 3546 eum
449 3479 551 3545 adorti
580 3481 792 3546 conciderent.
829 3478 998 3540 Praeterea
1032 3473 1117 3534 baec·
