2562 3970
361 251 496 318 comt.
518 251 550 316 H
573 251 666 318 GAP.
691 251 824 316 18-2o
1030 253 1072 318 59
1112 298 1114 303 ι

111 423 246 524 Pompei
276 422 431 488 beneficia
459 431 490 487 et
521 419 664 508 magnas
684 421 847 488 clientelas
869 424 903 486 in
921 424 1074 490 citeriore

111 510 280 595 provmcia
302 509 431 572 sciebat.

182 593 231 657 19.
253 593 365 680 Itaque
388 593 510 658 duabus
525 593 703 678 legionibus
716 594 823 660 missis
844 594 878 658 in
893 593 1073 659 ulteriorem

111 679 305 764 Hispaniam
317 701 388 743 curn
404 678 443 758 Q.
460 677 581 763 Cassio,
596 678 721 744 tribuno
737 678 850 765 plebis,
862 681 930 764 ipse
943 685 988 742 DC
1003 701 1074 744 cum

112 764 274 850 equitibus
301 787 353 829 ma
399 766 424 826 ‘s
453 765 618 828 itineribus
646 763 847 850 progreditur
874 764 1074 851 edictumque

112 851 296 936 praemittit,
327 787 491 936 affluam
514 848 598 915 diem
624 853 825 936 magistratus
848 851 1074 998 principesque

113 936 256 999 omnium
278 936 440 999 civitatum
460 934 521 999 sibi
543 957 613 999 esse
635 945 761 1020 praesto
785 934 848 1001 Cor
870 934 951 1000 ubae
966 935 1019 1000 vel
1033 944 1073 1000 et.

114 1018 188 1099 Quo
210 1019 312 1086 edicto
334 1029 401 1084 tota
421 1020 585 1106 provincia
606 1021 791 1106 pervulgato
818 1019 906 1084 nulla
927 1020 985 1084 luit
1000 1021 1074 1084 civi-

112 1115 174 1187 tas,
204 1106 280 1191 quin
306 1105 347 1171 ad
375 1106 409 1170 id
437 1114 561 1190 tempus
590 1115 712 1192 partem
742 1115 868 1170 senatus
892 1104 1074 1170 Cordubam

113 1192 263 1274 mitteret,
286 1197 349 1256 non
377 1193 456 1256 civis
485 1191 644 1256 Romanus
673 1191 767 1277 paulo
785 1192 904 1274 notior,
936 1193 1012 1277 quin
1034 1191 1074 1254 ad

115 1275 201 1341 diem
234 1279 423 1342 conveniret.
464 1275 565 1340 Simul
593 1278 665 1362 ipse
700 1275 867 1350 Cordubae
900 1287 1073 1342 conventus

113 1383 229 1448 perse
275 1371 358 1426 ortas
385 1362 520 1426 Varroni
547 1362 669 1444 clausit,
700 1362 857 1428 custodias
883 1362 1073 1448 vigiliasque

113 1449 150 1511 in
170 1385 309 1512 turribus
338 1469 490 1533 muroque
519 1447 682 1534 disposuit,
710 1448 854 1514 cohortes
882 1447 969 1528 duas,
993 1469 1074 1532 quae

115 1532 276 1598 colonicae
298 1532 550 1619 appellabantur,
575 1555 670 1619 quum
682 1555 719 1598 eo
732 1555 808 1598 casu
830 1535 1002 1613 venissent,
1025 1542 1072 1596 tu·

116 1618 191 1682 endi
219 1618 327 1705 oppidi
355 1641 450 1684 causa
478 1618 562 1704 apud
589 1641 623 1684 se
652 1621 786 1683 retinuit.
809 1618 932 1690 lisdem
961 1617 1074 1682 diebus

117 1702 358 1786 Carmonenses,
382 1727 462 1790 quae
492 1713 540 1768 est
566 1703 661 1788 longe
683 1705 863 1769 firmissima
883 1704 978 1768 totius
1001 1725 1071 1789 pro·

115 1789 242 1854 vinciae
264 1791 386 1872 civitas,
409 1789 552 1854 deductis
581 1789 681 1853 tribus
711 1792 744 1854 in
767 1812 871 1856 arcem
894 1788 1001 1874 oppidi
1023 1810 1073 1860 co·

115 1875 258 1940 hortibus
281 1898 300 1940 a
320 1876 465 1941 Varrone
488 1875 651 1960 praesidio
677 1898 736 1962 per
758 1897 792 1940 se
815 1875 958 1940 cohortes
981 1875 1074 1940 eiecit

115 1970 286 2047 portasque
306 1961 487 2047 praeclusit.
991 1964 993 1971 '

181 2046 231 2110 20.
254 2046 325 2111 Hoc
356 2069 432 2112 vero
464 2047 565 2132 magis
597 2069 767 2134 properare
799 2046 910 2129 Varro,
940 2053 974 2110 ut
1001 2067 1072 2108 curn

116 2130 293 2216 legionibus
306 2133 547 2219 quamprimum
561 2131 668 2198 Gades
680 2132 894 2214 contenderet,
905 2154 946 2196 ne
961 2132 1073 2195 itinere

16 2215 21 2226 '
117 2227 171 2283 eut
198 2219 332 2282 traiectu
357 2217 637 2283 intercluderetur:
666 2225 755 2282 tanta
783 2239 819 2281 ac
848 2227 913 2282 tam
935 2216 1074 2282 secunda

115 2304 151 2368 in
172 2299 343 2368 Gaesarem
364 2303 510 2369 voluntas
538 2305 719 2389 provinciae
741 2326 775 2370 re
799 2303 968 2366 eriebatmn
997 2302 1072 2366 Pro-

117 2409 228 2474 gresso
250 2390 281 2453 ei
301 2387 397 2474 paulo
425 2387 550 2473 longius
580 2386 701 2454 litterae
724 2326 866 2454 Gadibus
889 2387 1084 2464 redduntur,

118 2473 306 2560 simulatque
322 2475 369 2538 'sit
390 2475 550 2558 cognitum
572 2473 611 2538 de
634 2475 736 2539 edicto
760 2472 916 2552 Caesaris,
941 2494 1070 2538 consen·

118 2561 197 2624 sisse
225 2558 399 2624 Gaditanos
428 2560 586 2645 principes
619 2582 691 2624 cum
722 2559 857 2623 tribunis
888 2558 1072 2638 cohortium,

120 2667 199 2730 quae
222 2655 328 2710 essent
342 2644 387 2708 ibi
401 2645 433 2707 in
449 2644 618 2730 pracsidio,
641 2655 675 2710 ut
697 2643 878 2710 Gallonium
901 2667 941 2709 ex
957 2643 1072 2729 oppido

120 2729 324 2816 expellerent,
357 2728 469 2794 urbem
501 2729 700 2817 insulamque
734 2730 865 2794 Caesari
898 2737 1071 2794 servarent.

118 2815 188 2880 Hoc
209 2817 287 2880 inito
309 2815 440 2881 consilio
469 2815 704 2880 denuntiavisse
727 2814 883 2898 Gallonio,
906 2824 940 2878 ut
962 2823 1072 2898 sponte

120 2922 184 2983 sua,
215 2900 289 2965 dum
317 2902 384 2965 sine
410 2900 548 2985 periculo
577 2900 696 2983 liceret,
724 2901 892 2965 excederet
916 2898 1072 2976 Gadibus,

119 2988 144 3050 si
160 2986 192 3050 id
206 3009 270 3050 non
284 2987 420 3067 iecisset,
436 2984 496 3050 sibi
518 2985 681 3052 consilium
697 2996 853 3072 capturos.
875 2986 946 3050 Hoc
961 2986 1072 3049 timore

99 3071 287 3136 ,adductum
310 3071 489 3138 Gallonium
519 3068 662 3136 Gadibus
684 3073 868 3137 excessisse.
892 3071 951 3134 His
967 3071 1072 3154 cogni·

119 3159 159 3222 tis
179 3158 276 3222 rebus
299 3157 398 3222 altera
420 3179 461 3220 ex
490 3156 611 3221 duabus
641 3157 828 3242 legionibus,
859 3177 940 3242 quae
962 3177 1072 3219 verna·

121 3241 190 3306 cula
224 3242 452 3329 appellabatur,
487 3265 527 3307 ex
550 3245 660 3306 castris
683 3243 834 3308 Varronis
868 3241 1012 3304 adstante
1042 3253 1073 3304 et

120 3329 313 3412 inspectante
334 3331 403 3414 ipso
426 3329 518 3414 signa
546 3327 670 3392 sustulit
692 3349 824 3414 seseque
846 3324 1003 3411 Hispalim
1025 3347 1072 3389 re·

121 3413 203 3497 cepit
223 3423 315 3500 atque
337 3415 370 3478 in
392 3413 458 3478 foro
481 3423 512 3477 et
538 3413 711 3499 porticibus
735 3415 802 3477 sine
824 3411 978 3476 maleficio
1001 3432 1073 3475 con·
1110 3458 1112 3462 -

121 3497 208 3562 sedit.
225 3497 317 3578 Quod
331 3499 445 3564 factum
465 3499 547 3564 'adeo
563 3500 630 3564 eius
651 3507 824 3564 conventus
840 3498 926 3562 cives
941 3495 1074 3561 Romani
