2490 3974
162 281 226 348 260
418 275 549 342 BELLI
570 271 867 390 fflsrnntnnsrs

163 451 283 518 elamor
303 452 336 516 in
351 458 456 514 castra
473 454 582 512 nosne
602 447 785 531 perveniret
798 445 865 511 iere
878 447 959 512 inter
976 446 1120 514 Caesari·

162 561 240 604 anos
262 547 294 604 et
315 537 397 602 inter
418 533 635 618 Pompeianos.
658 531 760 594 Erant
785 531 839 596 hic
864 531 1015 618 legiones,
1040 541 1121 620 quae

164 646 205 690 ax
226 623 365 710 perfugis
387 620 591 768 conscriptae,
621 619 735 702 partim
765 617 994 702 oppidanorum
1024 621 1118 700 servi,

164 711 217 796 qui
240 717 329 774 erant
351 729 370 770 a
392 704 489 771 Sexto
538 704 662 789 ompeio
683 703 885 783 manumissi,
909 706 963 789 qui
984 705 1017 768 in
1038 705 1119 770 an-

164 795 243 860 saris
266 793 437 860 adventum
458 788 642 854 discordare
665 796 845 873 coeperunt.
867 789 966 874 Legio
988 797 1052 854 xlu
1067 813 1120 876 op·

163 875 271 966 pidum
294 876 465 944 defendere
493 875 612 960 coepit:
641 895 725 956 nam,
757 895 856 959 quum
876 877 939 938 iam
961 874 1120 961 depugna·

163 974 242 1047 rent,
265 974 368 1028 turres
391 969 535 1047 exparte
558 968 589 1022 et
603 981 727 1022 murum
742 980 821 1022 occu
844 968 946 1024 arunt
970 959 1055 1026 Dani
1078 985 1119 1027 ue

163 1051 284 1136 legatos
307 1048 347 1113 ad
363 1046 535 1112 Gaesarem
548 1045 682 1126 mitumt,
698 1054 734 1108 ut
748 1043 809 1108 sibi
821 982 964 1130 legiones
977 985 1119 1112 subsidio

163 1136 391 1201 intromitteret.
425 1132 497 1198 Hoc
528 1152 625 1217 quum
657 1128 946 1197 animadverterent
976 1131 1121 1198 homines

162 1221 294 1307 fugitivi,
317 1217 466 1305 oppidum
487 1215 658 1280 incendere
686 1225 867 1300 coeperunt
896 1216 959 1296 Qui
981 1220 1121 1303 superati

163 1330 183 1370 a
203 1306 319 1372 nostris
342 1313 414 1370 sunt
435 1301 593 1368 interfecti
620 1300 783 1366 hominum
811 1301 900 1366 milia
920 1309 1007 1385 XXII,
1031 1326 1120 1389 prae·

163 1401 306 1477 torquem
328 1398 419 1455 extra
439 1409 563 1452 murum
586 1387 640 1473 qui
660 1387 831 1472 perierunt
852 1387 902 1452 Ita
923 1387 1045 1452 Caesar
1066 1411 1120 1475 op-

136 1477 237 1564 ·pido
264 1477 390 1562 potitur.
419 1473 507 1538 Dum
532 1472 585 1536 hie
613 1471 779 1554 detinetur,
813 1495 855 1539 ex
886 1473 1009 1558 proelio
1042 1497 1122 1560 quos

164 1562 418 1628 circummunitos
440 1559 583 1644 superius
605 1556 899 1645 demonstravimus,
923 1559 1121 1643 eruptionem

164 1650 306 1716 fecerunt
328 1656 359 1711 et
380 1645 462 1712 bene
492 1643 598 1709 multis
626 1642 799 1711 interfectis
820 1643 853 1708 in
876 1643 1026 1730 oppidum
1048 1655 1123 1710 sunt

164 1733 294 1800 redacti.

228 1814 278 1882 35.
303 1815 423 1882 Caesar
454 1813 612 1900 Hispalim
640 1835 736 1899 quum
772 1813 994 1897 contendisset,
1024 1815 1122 1900 legati

164 1903 368 1990 deprecatum
395 1909 560 1966 venerunt
590 1899 639 1963 Ita
666 1921 763 1986 quum
790 1899 831 1967 ad
859 1901 1009 1986 oppidum
1038 1912 1122 1966 esset

163 2000 301 2072 ventum,
318 1988 484 2054 Caninium
499 1985 638 2072 legatum
660 2007 732 2050 cum
746 1985 903 2071 praesidio
926 1987 1120 2069 intromittit;

163 2077 232 2162 ipse
264 2084 368 2141 castra
400 2072 441 2139 ad
473 2070 623 2158 oppidum
654 2072 750 2156 ponit.
784 2070 861 2135 Erat
893 2071 976 2136 bene
1004 2095 1121 2160 magna
1235 2123 1244 2154 ,

164 2183 271 2228 munus
285 2162 369 2226 intra
385 2158 649 2243 Pompeianarum
668 2157 812 2241 partium,
830 2178 911 2304 <puae
926 2157 1119 2242 praesidium

163 2256 324 2332 receptum
360 2244 584 2330 indignaretur.
623 2240 714 2306 (llam
751 2263 834 2328 quen
859 2264 909 2306 am
941 2242 1118 2325 Philonem,

163 2328 261 2412 illum,
289 2332 344 2419 qui
371 2329 633 2415 Pompeianarum
662 2327 798 2412 partium
829 2328 939 2392 firisset
972 2327 1119 2394 defensor

164 2417 338 2482 acerrimus
359 2415 400 2516 (is
422 2425 488 2480 tota
508 2413 671 2479 Lusitania
697 2413 878 2478 notissimus
902 2413 982 2500 erat)
1005 2451 1049 2462 -
1069 2413 1120 2479 hic

164 2501 245 2568 clam
272 2500 431 2587 praesidia
459 2508 491 2564 in
517 2499 714 2564 Lusitaniam
740 2498 949 2583 proficiscitur
979 2508 1011 2564 et
1039 2499 1118 2565 (lae

164 2587 271 2654 cilium
305 2587 447 2672 Nigrum,
484 2584 642 2649 hominem
674 2582 854 2667 barbarum,
890 2584 931 2648 ad
963 2584 1119 2650 Lennium

164 2673 320 2756 convenit,
353 2673 407 2759 qui
439 2670 522 2736 bene
557 2691 705 2755 magnam
737 2691 864 2734 manum
898 2669 1119 2736 Lusitanorum

164 2758 303 2830 haberet.
332 2758 454 2822 Rursus
483 2756 641 2842 Hispalim
670 2763 702 2820 tn
730 2754 878 2841 oppidum
900 2755 1003 2821 denuo
1024 2766 1119 2822 noctu

101 2861 105 2868 ’
165 2867 223 2931 per
252 2865 376 2926 murum
404 2842 569 2928 recipitur:
599 2840 801 2927 praesidium,
831 2840 945 2926 vigiles
967 2841 1118 2928 iugulant,

164 2938 270 3016 portas
319 2926 514 3011 raeeludunt,
546 2927 585 2990 de
611 2928 734 3011 integro
761 2947 905 3027 pugnare
938 2937 1117 3013 coeperunt.

226 3016 277 3079 36.
332 3037 386 3080 um
399 3013 477 3078 haec
492 3021 653 3098 gertmtur,
675 3011 772 3097 legatr
788 3011 989 3078 Carteienses
1003 3035 1118 3077 renun-
1148 3019 1150 3025 '

162 3103 329 3181 tiauerunt,
345 3099 429 3186 quod
443 3099 627 3184 Pompeium
638 3099 671 3160 in
681 3105 834 3182 potestate
844 3096 1006 3173 haberent.
1023 3096 1116 3177 Quod

165 3194 239 3255 ants
251 3185 382 3250 Caesari
395 3193 503 3270 portas
518 3182 772 3268 praeclusissem,
788 3182 843 3246 illo
858 3181 1012 3248 beneficio
1028 3205 1116 3246 suum

164 3269 353 3338 maleficium
385 3269 617 3350 existimabant·
642 3289 676 3332 se
712 3267 793 3331 lucri
827 3267 943 3332 facere.
974 3267 1118 3333 Lusitani

167 3355 289 3440 Hispali
321 3365 473 3440 pugnare
489 3354 577 3418 nullo
607 3361 748 3439 tempore
777 3352 981 3420 desistebant.
1026 3353 1119 3433 Quod

165 3437 282 3510 θῆσσαν
304 3461 400 3527 quum
423 3440 694 3520 animadverteret,
711 3439 738 3504 si
749 3439 899 3525 oppidum
917 3460 1030 3526 capere
1045 3461 1118 3506 con·

197 3522 313 3607 ederet,
343 3533 378 3588 ut
406 3526 548 3590 homines
575 3523 691 3612 perditi
712 3524 918 3591 incenderent
939 3535 971 3590 et
991 3525 1119 3592 moenia
