2538 3978
195 237 256 304 138
359 239 421 303 DE
442 239 586 304 BELLO
610 235 983 306 omnicoetum.

194 410 351 496 utrimque
374 409 546 474 interfectis
570 410 690 474 Caesar
719 409 791 475 loca
812 411 951 474 maxime
973 413 1164 476 necessaria

194 495 378 580 complexus
411 507 506 559 noctu
539 497 738 580 praemuniit.
781 497 849 560 Nec
886 505 1005 559 tractus
1046 495 1161 580 oppidi

193 601 269 666 pars
293 594 361 644 erat
381 583 471 664 regia
487 582 611 665 exigua,
635 584 667 644 in
685 603 780 666 quam
795 583 864 667 ipse
879 578 1041 644 babitandi
1057 601 1161 643 causa

194 667 285 730 initio
308 676 375 730 erat
396 667 553 746 inductus,
589 676 619 729 et
640 666 800 730 theatrum
822 669 1024 730 coniunctum
1047 664 1158 728 domui

195 749 300 836 [quod]
326 753 407 814 arcis
429 751 558 814 tenebat
574 749 677 816 locum
692 753 858 838 aditusque
874 751 1012 814 habebat
1026 750 1067 813 ad
1081 771 1158 834 por-

193 845 260 900 tum
284 851 316 900 et
338 836 379 900 ad
401 837 524 920 reliqua
538 836 675 900 navalia.
699 837 766 900 Has
782 838 970 900 munitiones
986 837 1055 898 inse
1078 857 1158 898 uen-

193 921 278 984 tibus
305 924 393 984 auxit
426 921 549 1003 diebus,
586 932 621 984 ut
642 945 701 1006 pro
723 944 813 985 muro
848 922 987 986 obiectas
1019 857 1158 984 haberet

194 1027 259 1069 neu
281 1006 431 1070 dimicare
454 1007 570 1069 invitus
593 1017 770 1092 cogeretur.
804 1007 934 1071 Interim
963 1005 1037 1082 filia,
1051 1007 1158 1070 minor

193 1091 368 1156 Ptolemaei
388 1093 473 1176 regis
495 1113 630 1155 vacuam
650 1093 883 1176 possessionem
907 1093 999 1176 regni
1021 1113 1036 1154 s
1059 1112 1157 1154 erens

194 1177 236 1239 ad
257 1176 416 1240 Achillam
439 1199 509 1242 sese
533 1200 574 1240 ex
596 1183 687 1262 regia
716 1179 841 1241 traiecit
873 1199 1000 1262 unaque
1033 1113 1156 1239 bellum

195 1261 415 1326 administrare
438 1263 551 1346 coepit.
586 1261 651 1326 Sed
684 1263 831 1326 celeriter
859 1274 909 1327 est
929 1263 1012 1326 iuter
1035 1283 1089 1326 eos
1112 1262 1157 1325 de

215 1347 372 1430 rincipatu
394 1349 611 1411 controversia
633 1357 719 1429 orta3
751 1371 833 1434 quae
855 1369 907 1412 res
930 1347 1015 1431 apud
1036 1347 1156 1410 milites

193 1367 378 1516 largitiones
401 1433 505 1495 auxit:
530 1434 654 1516 magnis
677 1435 761 1496 enim
783 1434 911 1496 iacturis
935 1433 996 1495 sibi
1019 1435 1156 1518 quisque

195 1538 304 1580 eorum
332 1519 453 1582 animos
487 1517 686 1584 conciliabat.
731 1519 821 1582 Haeo
844 1518 917 1581 dum
941 1518 1026 1603 apud
1047 1519 1156 1582 hostes

193 1613 355 1684 geruntur,
391 1602 554 1684 Pothinus,
588 1604 742 1667 nutricius
775 1605 865 1688 pueri
904 1614 936 1667 et
968 1611 1156 1689 procurator

191 1689 292 1773 regni,
315 1689 347 1750 in
370 1699 460 1773 purte
483 1687 640 1769 Caesaris,
665 1711 762 1775 quum
784 1689 825 1752 ad
844 1687 1005 1751 Achillam
1026 1689 1155 1752 nuntios

191 1773 330 1836 mitteret
363 1773 614 1858 hortareturque,
648 1795 688 1836 ne
710 1777 839 1859 negotio
869 1775 1039 1837 desisteret
1071 1795 1155 1838 ueve

192 1859 297 1922 animo
320 1859 478 1938 deficeret,
501 1858 648 1921 indicatis
665 1859 704 1924 de
728 1859 936 1945 rehensisque
951 1859 1156 1923 internuntiis

191 1963 212 2004 a
234 1942 372 2007 Caesare
395 1953 444 2008 est
465 1943 659 2008 interiectus.
723 1967 780 2009 aec
802 1947 893 2009 initia
914 1943 992 2008 belli
1013 1943 1154 2008 Alexan-

190 2026 274 2092 drini
294 2029 430 2094 fuerunt.
