2562 3970
50 1003 52 1012 ’
129 981 326 1044 exercituum

379 165 512 278 cornu.
534 213 567 276 u
589 212 682 288 car.
698 213 840 306 ,ar-aa.
1043 209 1082 275 er

131 385 301 449 montariae
330 384 379 464 ad¹
400 406 554 450 summam
581 385 721 469 inopiam
746 382 881 468 adducti,
904 383 953 448 bis
975 381 1084 446 navali

130 467 252 554 proelio
271 471 417 555 superati,
433 469 553 534 crebris
569 469 783 556 eruptionibus
797 469 868 552 fusi,
884 469 974 556 gravi
989 467 1084 532 etiam

63 605 65 608 .
129 553 309 640 pestilentia
318 554 499 625 conflictati
513 578 554 620 ex
569 556 688 620 diutina
703 555 903 620 conclusione
915 563 946 619 et
959 552 1083 617 mutati-

130 659 190 704 one
212 640 313 704 victus
336 640 462 727 (panico
477 642 561 705 enim
575 649 683 706 vetere
698 648 791 726 atque
806 640 925 705 hordeo
938 637 1084 723 corrupto

130 745 238 788 omnes
261 723 435 808 alebantur,
484 726 548 790 uod
570 726 612 808 ad
637 725 815 790 huiusmodi
837 747 928 790 casus
951 724 1085 808 antiqui-

1 849 6 860 ·
129 818 180 872 tus
208 819 354 894 paratum
374 812 408 874 in
427 749 590 896 pulalicum
616 811 825 888 contulerant]
849 810 973 876 deiecta
993 809 1083 890 turri,
1111 883 1114 888 p
1180 809 1183 816 ’

129 892 285 958 labefacta
305 917 421 1044 mqqna
441 905 530 981 parte
544 899 634 979 muri,
658 896 783 960 auxiliis
805 897 1039 982 provinciamm
1053 901 1085 956 et

371 983 534 1066 ceperatis,
565 1005 642 1068 quos
671 983 705 1044 in
726 979 873 1045 Caesaris
895 988 1083 1066 potestatem

129 1066 257 1128 venisse
283 1075 504 1150 cognoverant,
532 1089 601 1130 sese
632 1065 749 1140 dedere
776 1068 843 1131 sine
871 1064 982 1128 traude
1011 1085 1084 1128 con-

131 1150 271 1213 stituunt.
295 1150 359 1214 Sed
372 1152 483 1237 paucis
497 1162 570 1216 ante
592 1151 703 1216 diebus
725 1150 762 1215 L.
785 1151 943 1216 Domitius
958 1150 1086 1234 cognita

128 1233 373 1309 Massiliensium
401 1236 563 1302 voluntate
590 1236 724 1302 navibus
750 1244 786 1298 ill
813 1237 1009 1322 comparatis,
1044 1255 1085 1298 ex

131 1321 245 1406 quibus
267 1320 346 1385 duas
368 1320 573 1386 familiaribus
595 1323 659 1386 suis
682 1321 875 1404 attribuerat,
898 1343 994 1384 unam
1014 1321 1084 1405 ipse

131 1405 366 1488 conscenderat,
389 1416 500 1471 nactus
514 1406 673 1472 turbidam
686 1416 905 1493 tempestatem
926 1405 1084 1492 profectus

133 1499 191 1556 est.
212 1491 307 1556 Hunc
329 1493 528 1560 conspicatae
542 1515 650 1575 naves,
674 1515 756 1578 quae
777 1493 877 1555 missu
897 1491 992 1554 Bruti·
1011 1511 1084 1554 con-

132 1574 297 1640 suetudine
319 1566 501 1662 quotidiana
523 1578 564 1642 ad
577 1587 703 1662 portum
718 1577 928 1659 excubabant,
951 1575 1083 1640 sublatis

131 1663 256 1725 ancoris
267 1662 356 1748 sequi
369 1671 549 1748 coeperunt.
571 1663 624 1727 Ex
633 1663 682 1726 his
699 1684 795 1728 unum
808 1663 908 1748 ipsius
921 1662 1085 1746 navigium

0 1729 1 1732 Ἴ
17 1791 19 1794 -
133 1741 293 1810 c'ontendit
307 1757 338 1810 et
347 1747 457 1830 fugere
470 1749 687 1833 perseveravit
698 1748 878 1833 auxilioque
888 1747 1085 1832 tempestatis

0 2224 1 2233 ,
134 2170 261 2258 publico
275 2173 413 2238 tradunt.
437 2172 559 2253 Quibus
574 2197 610 2238 re
633 2197 670 2239 us
685 2175 835 2240 confectis

133 1851 178 1894 eu¹
188 1841 359 1917 conspeetu
373 1831 457 1916 abiit,
481 1833 543 1898 duo
557 1836 723 1918 perterrita
737 1855 891 1898 concursu
906 1839 1086 1896 nostrarum

131 1917 257 1980 navium
281 1939 351 1982 sese
365 1919 398 1981 in
412 1926 538 2003 portum
551 1927 748 2005 receperumt.
770 1918 984 1982 Massilienses
999 1936 1087 1980 arma

130 2009 348 2088 tormentaque
370 2025 412 2066 ex
433 2003 557 2089 oppido,
577 2014 612 2069 ut
633 2014 681 2068 est
694 2005 890 2089 imperatum,
912 2003 1085 2088 proferunt,

131 2107 229 2150 naves
252 2109 293 2150 ex
312 2097 406 2173 portu
426 2089 657 2239 navalibusqqe
686 2089 832 2171 educunt,
851 2090 1023 2238 pecuniam
1045 2109 1086 2190 ex

880 2195 971 2237 aesar
985 2191 1087 2260 magus

132 2279 187 2323 eos
208 2280 266 2344 pro
286 2261 414 2324 nomine
436 2269 468 2324 et
488 2269 644 2325 vetustate
688 2283 762 2324 uam
783 2281 841 2345 pro
862 2260 982 2323 meritis
1003 2261 1037 2322 in
1052 2279 1087 2322 se

132 2344 266 2408 civitatis
288 2365 480 2408 conservans
503 2345 582 2410 duas
603 2344 650 2410 ibi
667 2283 813 2430 legiones
835 2343 992 2429 praesidio
1013 2343 1086 2409 reli-

130 2429 208 2579 quit,
231 2438 351 2493 ceteras
372 2431 406 2493 in
433 2429 557 2495 Italiam
584 2432 693 2513 mittit3
722 2432 790 2516 ipse
820 2429 861 2494 ad
881 2429 994 2493 urbem
1014 2451 1086 2515 pro·

155 2515 290 2578 ciscitur.
960 2534 970 2554 .
1147 2573 1149 2578 ,

172 2637 174 2644 -
195 2599 246 2664 23.
268 2599 386 2664 Iisdem
406 2601 600 2686 temporibus
630 2600 666 2665 C.
681 2598 778 2664 Curio
799 2602 833 2664 in
853 2599 994 2663 Africam
1037 2621 1086 2664 ro-

131 2682 233 2748 feetus
256 2706 296 2748 ex
317 2683 426 2749 Sicilia
448 2695 479 2750 et
498 2687 562 2749 iam
577 2685 616 2750 ab
631 2687 720 2752 initio
742 2687 849 2771 copias
871 2685 906 2748 P.
928 2622 1041 2748 Attill
1078 2685 1086 2701 ⁹

133 2768 311 2854 despiciens
344 2770 422 2836 duaa
439 2771 595 2857 vlegiones
629 2795 669 2836 ex
700 2779 757 2854 1111,
811 2793 869 2835 uas
902 2793 922 2834 a
950 2768 1088 2834 Caesare

136 2864 310 2940 acceperat,
337 2863 359 2917 D
388 2858 509 2941 equites
538 2856 773 2942 transportabat
791 2793 959 2940 biduoque
981 2865 1012 2920 et
1032 2858 1087 2921 no

134 2938 235 3003 ctibus
257 2940 358 3005 tribus
372 2943 573 3027 navigatione
588 2944 779 3027 consumptis
808 2963 848 3027 ap
872 2941 937 3005 ellit
952 2940 993 3004 ad
1015 2957 1087 3003 eum

133 3022 247 3106 locum,
271 3028 324 3111 qui
345 3027 527 3112 appellatur
546 3027 741 3112 Anquilaria.
763 3027 825 3091 Hie
847 2965 934 3090 lbcus
957 3023 1047 3088 abest
1068 3045 1088 3088 a

135 3107 268 3195 Clupeis
289 3133 440 3196 passuum
461 3120 537 3174 XXII
551 3113 639 3176 milia
659 3111 817 3199 habetque
831 3134 895 3175 non
917 3112 1086 3173 incommo-
1127 3183 1131 3190 Ι

135 3193 209 3258 dam
237 3205 355 3260 aestate
382 3199 547 3263 stationem
576 3207 607 3262 et
627 3196 750 3262 duobus
779 3195 989 3260 eminentibus
1015 3215 1095 3278 pro·

136 3282 297 3344 mcntoriis
313 3284 496 3348 continetur.
512 3283 615 3347 Huius
631 3283 800 3347 adventum
814 3282 851 3346 L.
868 3279 986 3345 Caesar
1001 3279 1085 3343 filius

137 3385 209 3427 cum
230 3371 256 3426 X
277 3365 379 3452 longis
400 3367 534 3432 navibus
549 3368 590 3432 ad
613 3367 672 3432 Clu
696 3391 764 3433 eam
785 3365 990 3454 praestolans,
1007 3385 1086 3451 quas

135 3469 234 3514 naves
254 3450 368 3518 Uticae
390 3475 430 3518 ex
450 3454 645 3540 praedonum
671 3392 756 3518 dello
779 3451 949 3518 subductas
970 3451 1007 3515 P.
1028 3449 1085 3513 At-
