2538 3978
439 242 582 308 CAPUT
603 245 740 310 25-27.
1004 245 1065 310 155

38 449 44 456 -
110 416 194 502 quod
217 417 278 502 ipsi
300 414 362 478 sibi
382 414 547 478 timebant.
584 415 634 479 Ita
660 417 715 502 qui
746 439 827 479 unus
858 439 898 481 ex
921 415 1065 481 omnibus

109 524 147 566 eo
169 501 290 586 proelio
312 499 395 564 bene
416 523 485 564 rem
506 503 613 586 gessit,
648 501 733 565 solus
767 523 839 565 cum
862 524 920 564 sua
942 501 1066 586 quadri»

106 589 188 650 remi
208 588 337 650 victrice
359 586 451 670 perit.

172 671 223 734 26.
247 670 312 736 Sub
335 671 420 733 idem
451 679 576 756 tempus
608 671 807 734 Mithridates
840 673 1065 754 Pergamenus,

107 778 243 840 magnae
265 754 437 819 nobilitatis
460 755 544 819 domi
567 758 781 842 scientiaeque
802 759 835 820 in
857 755 942 821 bello
958 766 989 818 et
1003 757 1066 819 vir·

107 843 192 922 tutis,
215 841 290 905 fidei
313 841 343 903 di
390 841 538 926 itatisque
560 843 594 904 in
617 843 756 904 amicitia
771 840 928 922 Caesaris,
951 842 1066 903 missus

108 927 142 989 in
165 925 292 1072 Spriam
315 864 523 1011 Ciliciamque
555 928 643 991 initio
676 925 753 989 belli
784 925 996 990 Alexandrini
1026 925 1067 988 ad

59 1075 69 1090 ,
107 1013 182 1074 auxi
195 1013 225 1074 ia
247 1011 436 1075 arcessenda
458 1033 530 1074 cum
551 1013 674 1097 magnis
697 1013 804 1096 copiis,
829 1035 906 1097 quas
923 1010 1067 1076 celeriter

108 1104 140 1160 et
161 1097 408 1181 propensissime
430 1097 591 1160 civitatum
611 1096 774 1160 voluntate
790 1106 821 1160 et
836 1119 893 1164 sua
904 1096 1067 1180 diligentia

108 1181 295 1264 confecerat,
329 1182 440 1244 itinere
473 1180 621 1266 pedestri,
656 1203 717 1268 quo
741 1183 939 1266 coniungitur
960 1181 1065 1264 Aegy-

106 1275 180 1352 ptus
204 1265 225 1330 S
249 1270 325 1350 riae,
348 1265 510 1330 Pelusium
526 1267 544 1304 *
559 1266 688 1331 adducit
701 1267 797 1352 idque
813 1267 961 1352 oppidum
975 1267 1066 1330 firmo

130 1353 215 1414 raesi
239 1353 267 1416 'o
287 1361 475 1437 occupatum
490 1351 636 1416 Achillae
650 1362 781 1438 propter
803 1353 1066 1438 opportunitatem

107 1374 172 1500 loci
195 1435 345 1522 (namque
367 1447 432 1504 tota
453 1436 619 1524 Aegyptus
634 1439 789 1502 maritimo
805 1459 936 1501 accessu
950 1437 1064 1515 Pharo,

107 1521 247 1607 pedestri
269 1522 396 1586 Pelusio
428 1521 516 1586 velut
542 1523 686 1587 claustris
716 1525 835 1587 munita
857 1522 1065 1606 existimatur)

107 1616 240 1752 repente
262 1609 385 1692 magnis
408 1609 636 1672 circumdatum
658 1610 756 1694 copiis
789 1607 955 1692 multiplici
976 1627 1066 1691 prae-

110 1692 137 1754 si
161 1693 191 1754 io
214 1694 416 1777 pertinaciter
436 1694 707 1779 propugnantibus
723 1703 755 1758 et
770 1696 932 1778 copiarum
946 1693 1066 1774 magni-

109 1775 230 1859 tudine,
265 1799 343 1862 quas
365 1780 505 1864 integras
527 1778 701 1842 vulneratis
724 1779 919 1864 defessisque
943 1776 1066 1841 subiici-

110 1860 192 1943 ebat,
216 1871 247 1924 et
268 1867 503 1947 perseverantia
518 1867 756 1950 constantiaque
768 1862 981 1950 oppugnandi,
1005 1883 1066 1948 quo

110 1945 161 2010 dic
184 1955 232 2010 est
255 1969 433 2032 aggressus
456 1951 490 2012 in
513 1972 603 2013 suam
624 1950 956 2098 redeg'ltdpotestatcm
976 1969 1066 2032 prae-

110 2031 226 2094 sidium
248 2055 288 2096 ue
310 2034 355 2098 ibi
377 2057 468 2098 suum
491 2033 667 2100 collocavit
766 2057 782 2098 e
810 2057 847 2098 re
873 2033 955 2096 bene
977 2040 1067 2117 gesta

108 2115 235 2180 Alexan
277 2121 338 2183 ‘am
360 2119 401 2184 ad
424 2120 594 2184 Caesarem
621 2120 782 2184 contendit
814 2139 985 2204 omnesque
1013 2139 1066 2180 eas

108 2203 265 2286 regiones,
288 2227 347 2290 per
368 2227 447 2290 quas
462 2207 524 2269 iter
537 2205 683 2288 faciebat,
707 2206 892 2268 auctoritate
915 2226 962 2281 ea,
987 2224 1066 2287 quae

108 2284 297 2435 plerumque
319 2289 409 2355 adest
429 2291 552 2373 victori,
576 2300 706 2376 pacaret
728 2299 822 2376 atque
843 2292 876 2352 in
899 2290 1067 2352 amicitiam

138 2373 256 2436 aesaris
279 2375 454 2462 redegerat.

172 2457 224 2522 27.
246 2459 351 2524 Locus
374 2462 510 2525 estsere
532 2463 699 2546 regionum
713 2460 838 2524 illarum
852 2459 1066 2524 nobilissimus

108 2562 174 2605 non
195 2543 240 2607 ita
261 2544 356 2630 longe
379 2548 419 2611 ab
441 2545 650 2628 Alexandria,
675 2548 729 2630 qui
751 2547 931 2609 nominatur
952 2542 1066 2625 Delta,

109 2626 194 2712 quod
215 2651 331 2694 nomen
353 2655 372 2694 a
388 2631 590 2696 similitudine
605 2631 729 2696 litterae
743 2633 881 2716 accepit:
904 2651 979 2694 nam
993 2651 1066 2714 pars

109 2713 266 2796 quaedam
288 2716 426 2780 fluminis
448 2717 513 2780 Nili
536 2718 681 2781 derivata
701 2719 784 2779 inter
806 2739 840 2779 se
870 2714 993 2780 duobus
1019 2715 1066 2775 iti-

108 2796 238 2860 neribus
260 2796 410 2885 paulatim
432 2803 571 2866 medium
585 2805 670 2866 inter
685 2825 719 2866 se
735 2804 871 2886 spatium
885 2799 1066 2884 relinquens

110 2880 325 2950 diversissimo
350 2888 391 2951 ad
405 2887 479 2951 litus
494 2887 663 2952 intervallo
679 2888 759 2950 ma1i
774 2887 983 2970 coniungitur.
1007 2883 1066 2946 Oui

110 2965 181 3030 loco
205 2991 300 3053 quum
322 2975 577 3059 appropinquare
598 2973 805 3036 Mithridaten
828 2994 887 3036 rex
903 2970 1067 3053 cognovis-

111 3061 159 3114 set
182 3062 213 3117 et
233 3058 459 3120 transeundum
482 3066 507 3122 ei
532 3058 651 3122 flumen
673 3060 777 3136 sciret,
801 3077 932 3142 magnas
955 3054 1065 3116 adver-

110 3159 164 3200 sus
188 3161 259 3202 eum
283 3145 389 3228 copias
411 3145 504 3226 misit,
528 3143 642 3230 quibus
664 3143 717 3205 vel
740 3143 882 3226 superari
903 3137 1066 3223 delerique

108 3221 314 3289 Mithridaten
336 3229 389 3293 vel
412 3231 479 3292 sine
502 3229 599 3292 dubio
622 3229 750 3290 retineri
782 3249 877 3310 posse
906 3222 1064 3288 credebat.

110 3306 382 3384 Quemadmodum
416 3325 520 3378 autem
550 3315 678 3398 optabat
700 3333 772 3375 eum
794 3313 888 3393 vinci,
922 3311 967 3372 sic
990 3311 1066 3370 satis

109 3391 246 3458 habebat
268 3398 475 3462 interclusum
498 3421 517 3461 a
540 3398 679 3462 Caesare
702 3417 726 3459 a
744 3417 778 3458 se
801 3395 939 3459 retineri.
974 3391 1065 3470 Quae

107 3478 229 3563 primae
251 3485 362 3568 copiae
384 3484 502 3549 fiumen
525 3505 544 3548 a
564 3483 662 3547 Delta
684 3481 819 3546 transire
842 3490 873 3543 et
894 3477 1067 3542 Mithridati
