2490 3974
190 263 252 329 188
499 267 627 330 BELLI
650 265 841 332 Ararene

192 435 309 517 datum,
341 435 490 501 Considio
516 440 682 523 porrigere
705 438 869 523 coepisset,
896 436 1085 521 priusquam
1112 459 1168 500 ac-

192 523 313 606 ciperet
333 521 397 603 ille,
421 522 524 603 Unde,
554 524 663 608 inquit,
687 525 783 586 istas?
805 522 888 586 Tum
910 523 1070 606 captivus:
1097 521 1167 584 Im-

191 616 337 754 peratore
353 628 372 669 a
387 606 535 671 Caesare.
558 607 650 672 Tunc
665 607 844 689 Considius,
867 607 958 670 Unus
973 617 1030 688 est,
1054 608 1169 692 inquit

219 693 302 776 cipio
316 692 489 777 imperator
500 693 561 757 hoc
575 703 716 778 tempore
738 692 847 779 populi
868 692 1017 767 Romani3
1041 691 1167 756 deinde

191 777 225 838 in
248 787 421 862 conspectu
444 799 500 841 suo
520 779 624 840 statim
648 780 808 864 captivum
823 778 957 841 interfici
971 776 1061 840 iubet
1075 775 1166 840 litte·

192 883 309 947 rasque
330 861 469 925 nondum
498 862 664 947 perlectas,
694 867 775 928 sicut
801 874 891 926 erant
920 863 1072 947 signatae,
1108 861 1166 924 dat

192 946 310 1010 homini
334 957 420 1010 certo
444 947 485 1010 ad
506 947 687 1033 Scipionem
709 947 924 1033 perferendas.

256 1031 286 1093 5.
309 1031 482 1116 Postquam
503 1055 567 1096 una
594 1045 688 1098 nocte
711 1045 742 1098 et
771 1035 822 1098 die
845 1033 886 1096 ad
908 1031 1058 1117 oppidum
1081 1053 1162 1094 con-

193 1126 318 1201 sumpta
339 1139 443 1264 neque
464 1140 650 1203 responsum
672 1118 772 1184 ullum
794 1142 814 1182 a
836 1118 987 1182 Considio
1010 1115 1164 1195 dabatur,

192 1223 295 1288 neque
311 1203 340 1264 ei
354 1225 388 1264 re
403 1205 497 1288 iquae
517 1206 627 1289 copiae
643 1202 878 1285 succurrebant,
895 1223 999 1287 neque
1014 1203 1165 1286 equitatu

194 1286 378 1352 abundabat
406 1303 438 1351 et
467 1289 507 1351 ad
537 1291 686 1374 oppidum
715 1288 963 1374 oppugnandum
992 1309 1058 1349 non
1079 1287 1164 1350 satis

194 1373 356 1457 copiarum
385 1372 524 1438 habebat
554 1385 585 1438 et
613 1397 667 1438 eas
695 1377 831 1439 tironum
853 1395 956 1459 neque
978 1373 1080 1456 primo
1106 1371 1161 1436 ad·

192 1467 291 1522 ventu
299 1458 709 1524 convulnerariexercitum
719 1458 857 1541 volebat,
871 1469 902 1522 et
913 1456 1020 1544 oppidi
1027 1460 1164 1542 egregia

192 1545 325 1607 munitio
341 1555 372 1606 et
387 1543 524 1607 difficilis
541 1545 582 1608 ad
597 1545 842 1631 oppugnandum
858 1553 928 1610 erat
942 1563 1104 1622 accessus,
1129 1552 1163 1606 et

92 1625 97 1635 ¹
193 1629 398 1692 nuntiabatur
406 1630 648 1716 auxiliamagna
656 1633 813 1716 equitatus
822 1629 986 1714 oppidanis
995 1629 1162 1712 suppetias

193 1716 313 1797 venire,
329 1737 393 1778 non
414 1725 462 1779 est
480 1717 550 1780 visa
571 1717 652 1780 ratio
675 1717 716 1779 ad
737 1713 983 1801 oppugnandum
1004 1712 1161 1798 opp1dum

182 1800 417 1881 commorandi,
440 1823 491 1882 ne,
514 1800 690 1866 domines
710 1823 752 1864 re·
770 1802 889 1864 Caesar
911 1808 959 1863 est
973 1807 1161 1883 occupatus,

194 1885 427 1949 circumventus
449 1908 469 1949 a
489 1895 579 1970 tergo
602 1886 643 1950 ab
667 1888 807 1973 equitatu
828 1885 965 1950 hostium
986 1882 1161 1948 laboraret

257 1970 287 2033 6.
309 1970 421 2055 Itaque
444 1980 547 2036 castra
594 1992 669 2036 uum
698 1993 827 2037 movere
854 1969 959 2052 vellet,
989 1967 1092 2032 subito
1118 1991 1161 2032 ex

194 2056 309 2141 oppido
333 2057 435 2141 erupit
450 1995 625 2139 multitudo,
646 2067 740 2144 atque
756 2058 913 2144 equitatus
936 2053 1078 2119 subsidio
1094 2076 1161 2119 uno

193 2151 335 2226 tempore
365 2143 411 2204 eis
434 2163 509 2206 casu
536 2145 698 2225 succurrit,
730 2145 785 2230 qui
806 2152 875 2206 erat
895 2141 1012 2204 missus
1035 2162 1054 2202 a
1075 2139 1160 2204 Iuba

193 2225 235 2289 ad
257 2226 447 2311 stipendium
469 2228 697 2314 accipiendum,
727 2237 905 2314 castraque,
926 2225 1011 2290 unde
1035 2223 1161 2290 Caesar

195 2333 344 2396 egressus
365 2313 425 2377 iter
447 2314 553 2379 facere
567 2324 723 2400 coeperat,
740 2321 897 2398 occupant
912 2313 1026 2376 eteius
1042 2331 1161 2394 agmen

194 2406 370 2461 extremum
392 2400 516 2485 insequi
539 2410 720 2548 coeperunt.
751 2397 913 2478 Quaeres
937 2419 1034 2482 quum
1057 2397 1160 2460 auim-

193 2481 329 2546 adversa
355 2495 447 2566 esset,
476 2485 578 2548 subito

194 2589 385 2653 quamquam
408 2580 497 2634 erant
518 2573 620 2655 pauci,
651 2581 757 2634 tamen
779 2579 889 2635 contra
909 2577 1032 2632 tantam
1053 2567 1160 2631 multi-

193 2653 335 2717 tudinem
357 2655 568 2720 audacissime
598 2665 800 2720 concurrunt.
833 2653 960 2718 Accidit
980 2674 1033 2716 res
1055 2652 1160 2718 incre-

193 2738 310 2820 dibilis,
344 2751 378 2806 ut
411 2743 533 2826 equites
566 2744 669 2806 minus
703 2742 721 2780 *²
754 2747 832 2802 XXX
865 2739 952 2805 Galli
972 2738 1158 2802 Maurorum

194 2827 334 2909 equitnm
348 2833 371 2888 ll
383 2826 470 2890 milia
481 2827 550 2910 loco
562 2827 719 2914 pellerent
729 2827 937 2911 fugerentque
949 2827 982 2886 in
994 2823 1157 2908 oppidum.

191 2909 365 2995 Postquam
386 2913 508 2997 repulsi
531 2922 563 2976 et
585 2914 719 2977 coniecti
742 2921 833 2976 erant
848 2913 931 2974 intra
952 2911 1155 2993 munitiones,

192 2993 314 3059 Caesar
340 2997 400 3060 iter
429 2999 633 3062 constitutum
661 2999 707 3061 ire
735 2997 904 3062 contendit.
934 2993 1029 3074 Quod
1059 3016 1158 3080 quum

192 3083 316 3165 saepius
338 3082 479 3148 facerent
501 3093 532 3147 et
554 3082 647 3149 modo
662 3085 912 3169 insequerentur,
935 3081 1029 3144 modo
1045 3097 1174 3144 rursus·

191 3165 232 3229 ab
262 3167 418 3253 equitibus
450 3173 483 3233 in
516 3169 667 3254 oppidum
699 3167 938 3254 repellerentur,
972 3165 1157 3230 cohortibus

190 3253 300 3335 paucis
323 3275 364 3316 ex
385 3256 555 3336 veteranis,
572 3276 649 3341 quas
671 3277 779 3320 secum
801 3252 946 3333 habebat,
962 3254 995 3316 in
1010 3259 1157 3318 extremo

191 3339 317 3420 agmine
340 3339 502 3406 collocatis
525 3350 557 3404 et
577 3350 667 3426 parte
691 3341 846 3426 equitatus
869 3341 929 3402 iter
951 3337 1065 3402 leniter
1080 3359 1155 3400 cnm

190 3421 322 3508 reliquis
343 3425 449 3492 facere
472 3428 583 3511 coepit.
606 3426 655 3489 Ita
684 3436 801 3514 quanto
824 3425 950 3509 longius
972 3422 1013 3487 ab
1036 3423 1156 3508 oppido

191 3505 420 3590 discedebatur,
450 3521 537 3576 tanto
564 3511 719 3574 tardiores
747 3511 788 3574 ad
810 3507 1040 3595 insequendum
1062 3515 1158 3574 erant

606 2487 760 2570 egionarii
776 2487 959 2564 consistunt,
976 2491 1009 2546 et
1023 2482 1159 2567 equites,
