2532 3968
160 239 224 307 206
419 239 482 306 Du
502 239 648 310 BELLO
671 241 864 310 GALLIOO

159 413 261 501 pridie
290 414 446 500 superatis
479 411 640 497 hostibus,
671 417 778 500 quum
801 415 953 520 subsequi
981 417 1123 504 legiones

159 500 385 582 meminissent,
409 508 441 563 et
461 499 581 584 pudore
604 493 739 564 cedendi
760 510 792 565 et
816 502 987 587 cupiditate
1008 525 1067 590 per
1088 525 1124 568 se

159 585 347 650 conficiendi
369 583 482 672 proelii
502 584 670 650 fortissime
693 595 803 651 contra
823 587 948 673 pedites
965 588 1123 675 proelian-

159 679 227 752 tur,
255 671 425 757 hostesque
453 669 532 734 nihil
561 670 697 756 amplius
726 673 888 758 copiarum
909 696 1123 741 accessurum

159 755 335 838 credentes,
356 765 392 819 ut
419 755 522 842 pridie
550 767 779 843 cognoverant,
810 757 938 824 delendi
965 761 1123 848 equitatus

159 842 259 907 nostri
279 843 388 906 nancti
409 843 608 907 occasionem
629 841 830 908 videbantur.

223 927 274 991 29.
298 927 404 1006 Quum
432 925 626 1014 aliquamdiu
654 949 779 992 summa
810 932 1011 996 contentione
1033 929 1123 995 dimi·

160 1023 294 1094 caretur,
326 1013 512 1077 Dumnacus
533 1014 661 1077 instruit
688 1015 806 1097 aciem,
830 1037 912 1102 quae
941 1017 1008 1080 suis
1037 1023 1123 1081 esset

160 1097 319 1184 equitibus
340 1100 373 1162 in
400 1100 503 1163 vicem
530 1098 706 1185 praesidio:
731 1121 827 1185 quum
848 1107 981 1185 repente
1003 1101 1122 1166 confer-

159 1193 210 1248 tae
231 1183 374 1270 legiones
402 1186 435 1248 in
465 1194 669 1270 conspectum
697 1183 834 1248 hostium
859 1186 1000 1249 veniunt
1046 1185 1122 1265 Qui-

158 1268 219 1333 bus
239 1271 318 1334 visis
339 1269 505 1356 perculsae
518 1268 726 1334 barbarorum
743 1279 866 1334 turmae
881 1293 919 1334 ac
932 1273 1123 1357 perterritae

160 1356 244 1420 acies
278 1356 416 1421 hostium
447 1354 631 1441 perturbato
664 1355 962 1440 impedimentorum
995 1357 1122 1443 agmine

159 1463 275 1526 magno
297 1440 435 1506 clamore
465 1441 672 1526 discursuque
698 1441 818 1526 passim
846 1441 941 1527 fugae
971 1463 1005 1505 se
1033 1463 1123 1506 man·

159 1526 245 1590 dant
288 1526 333 1590 At
353 1528 453 1590 nostri
468 1527 600 1612 equites,
617 1527 671 1612 qui
685 1525 781 1612 paulo
797 1536 871 1591 ante
886 1549 959 1591 cum
974 1529 1123 1592 resisten-

159 1611 243 1676 tibus
264 1613 433 1678 fortissime
462 1611 686 1693 condixerant,
714 1610 835 1676 laetitia
863 1613 1015 1680 victoriae
1047 1612 1124 1677 elati

159 1719 274 1782 magno
285 1698 425 1784 undique
438 1697 576 1762 clamore
591 1696 716 1762 sublato
728 1697 914 1763 cedentibus
930 1699 1122 1782 circumfusi,

160 1793 311 1869 quantum
327 1805 480 1933 equorum
495 1785 579 1848 vires
594 1783 636 1847 ad
650 1783 906 1869 persequendum
928 1783 1123 1872 dextraeque

159 1869 201 1933 ad
223 1868 344 1934 caeden
367 1891 420 1933 um
441 1867 558 1950 valent,
580 1877 703 1932 tantum
725 1890 763 1933 eo
785 1868 906 1954 proelio
920 1870 1122 1936 interficiunt.

158 1953 271 2041 Itaque
292 1953 427 2040 amplius
449 1953 578 2018 milibus
593 1961 643 2016 llll
659 1964 714 2018 aut
728 1964 919 2020 armatorum
935 1964 989 2020 aut
1003 1977 1122 2038 corum,

160 2043 213 2127 qui
241 2061 279 2104 eo
308 2042 422 2103 timore
455 2062 544 2104 arma
571 2041 793 2125 proiecerant,
819 2039 994 2107 interfectis
1021 2042 1122 2106 omnis

160 2125 326 2191 multitudo
349 2127 472 2210 capitur
491 2125 797 2210 impedimentorum.

222 2211 273 2275 30.
297 2208 369 2289 Qua
383 2233 425 2274 ex
439 2211 515 2296 fuga
529 2233 626 2296 quum
641 2217 800 2275 constaret
813 2209 1009 2294 Drappetem
1023 2209 1122 2275 Seno

158 2317 241 2378 nem,
265 2299 328 2383 qui,
351 2305 394 2378 ut,
406 2298 543 2381 primum
562 2295 723 2362 defecerat
736 2293 851 2378 Gallia,
875 2294 1016 2360 collectis
1031 2294 1122 2358 undi-

159 2402 221 2467 que
242 2381 375 2531 perditis
396 2381 586 2464 hominibus,
610 2380 710 2444 servis
733 2379 775 2443 ad
796 2379 974 2444 libertatem
987 2382 1120 2465 vocatis,

159 2466 245 2534 exuli
268 2489 306 2532 us
321 2470 461 2533 omniurn
475 2467 638 2530 civitatum
655 2466 773 2547 ascitis,
795 2466 931 2551 receptis
946 2465 1121 2532 latronibus
1247 2509 1249 2511 -

158 2552 384 2638 impedimenta
405 2562 437 2617 et
458 2561 651 2618 commeatus
665 2550 879 2615 Romanorum
900 2553 1120 2638 interceperat,

157 2659 221 2702 non
243 2639 377 2725 amplius
399 2637 561 2703 hominum
586 2635 714 2700 milibus
735 2657 778 2699 ex
798 2635 876 2720 fuga
896 2638 1035 2724 quinque
1058 2636 1122 2702 col·

157 2722 248 2789 lectis
277 2723 473 2810 provinciam
495 2730 606 2807 petere
634 2743 760 2808 unaque
793 2721 961 2787 consilium
987 2745 1060 2787 cum
1082 2743 1121 2789 eo

157 2808 339 2874 Lucterium
363 2808 542 2873 Cadurcum
571 2809 711 2894 cepisse,
738 2829 832 2894 quem
855 2810 1016 2893 superiore
1038 2807 1121 2873 cbm·

157 2896 310 2960 mentario
321 2895 424 2981 prima
435 2893 611 2959 defectione
624 2891 750 2958 Galliae
761 2893 865 2960 facere
876 2895 910 2958 in
924 2895 1121 2980 provinciam

156 2980 295 3047 voluisse
307 2982 458 3067 impetum
473 2982 634 3066 cognitum
656 2987 712 3062 est,
733 2977 886 3044 Caninius
900 2978 1025 3066 legatus
1048 3001 1121 3044 cum

157 3066 334 3151 legionibus
362 3066 485 3130 duabus
515 3065 556 3130 ad
592 3087 647 3129 eos
679 3065 919 3152 persequendos
948 3065 1120 3148 contendit,

157 3173 198 3215 ne
220 3151 408 3218 detrimento
430 3161 485 3216 aut
505 3152 617 3216 timore
639 3150 822 3236 provinciae
848 3172 966 3237 magna
990 3151 1121 3216 infamia

157 3237 352 3322 perditorum
373 3238 534 3302 hominum
556 3236 730 3300 latrociniis
753 3245 931 3321 caperetur.

222 3323 261 3386 31
286 3321 385 3388 Gaius
400 3322 519 3387 Fabius
538 3344 610 3387 cum
631 3321 753 3407 reliquo
765 3323 907 3386 exercitu
918 3322 952 3386 in
963 3321 1120 3387 Carnutes

159 3413 343 3493 ceterasque
364 3407 574 3494 proficiscitur
596 3408 748 3490 ciuitates,
772 3428 906 3494 quarum
928 3429 967 3472 eo
988 3407 1119 3493 proelio,

158 3491 326 3577 quodcum
335 3492 502 3562 Dumnaco
512 3494 639 3578 iecerat,
652 3493 759 3580 copias
771 3513 842 3558 esse
853 3493 975 3560 accisas
987 3493 1119 3560 sciebat
