2532 3968
180 193 242 258 186
435 193 496 258 DE
517 195 661 262 BELLO
685 195 876 262 GALHOO

178 371 288 450 aperto
310 387 351 430 ex
374 387 411 430 su
434 367 588 432 erioribus
611 369 723 434 castris
746 369 910 454 eruptione
925 368 1132 434 circumveni·

177 459 299 531 rentur,
323 471 399 514 sea
443 473 516 516 suos
536 462 735 538 recepemmt
763 451 823 518 [At
844 453 1026 534 interiores,
1057 452 1132 518 dum

178 557 225 616 es,
249 557 329 621 quae
352 535 645 624 aVercingetorige
667 538 708 602 ad
726 538 924 623 eruptionem
944 547 1134 624 praeparata

178 629 283 702 erant,
312 620 492 705 proferunt,
520 624 642 708 priores
664 623 765 688 fossas
788 622 932 708 explent,
961 622 1076 688 diutius
1098 625 1132 688 in

177 704 226 768 his
245 705 341 768 rebus
357 705 613 772 administrandis
628 709 741 772 morati
756 709 843 793 prius
859 729 931 772 suos
947 707 1132 772 discessisse

169 799 411 874 cognoverunt,
445 815 540 876 quam
574 792 799 858 munitionibus
832 794 1131 879 appropinquarent.

176 875 225 938 Its
245 898 281 940 re
303 875 419 942 inlecta
438 878 472 941 in
495 877 643 963 oppidum
663 887 870 942 reuerterunt.

240 959 290 1024 83.
311 961 381 1042 'Bis
417 983 532 1046 magno
567 985 639 1028 curn
669 963 856 1030 detrimento
889 985 923 1026 re
946 961 1007 1026 ulsi
1037 962 1133 1044 Galli,

176 1045 253 1130 quid
274 1054 378 1129 agant,
402 1047 584 1130 consulunt3
606 1047 747 1113 locorum
764 1049 884 1133 peritos
941 1048 1067 1112 hibent:
1090 1069 1132 1112 ex

176 1130 224 1192 his
255 1133 453 1215 superiorum
480 1143 655 1199 castrorum
688 1135 766 1197 situs
798 1135 1052 1219 munitionesque
1081 1154 1140 1197 ccv.

175 1224 339 1300 gnoscunt.
369 1217 448 1280 Erat
463 1239 482 1281 a
497 1219 764 1303 septentrionibus
780 1217 879 1299 collis,
895 1241 989 1304 quem
1004 1228 1135 1304 propter

174 1301 423 1385 magnitudinem
450 1304 597 1368 circuitus
627 1326 724 1389 opere
746 1303 961 1389 circumplecti
989 1326 1054 1368 non
1074 1325 1128 1388 po-

174 1394 301 1450 tuerant
314 1383 429 1451 nostri:
452 1389 631 1452 necessario
669 1411 748 1454 aene
762 1389 870 1475 iniquo
886 1388 956 1452 loco
972 1397 1003 1452 et
1016 1387 1133 1452 leniter

174 1470 289 1534 declivi
318 1481 424 1537 cestra
450 1473 601 1537 iecerunt.
633 1411 736 1538 liaeo
765 1471 863 1538 Gaius
892 1473 1049 1538 Antistius
1068 1473 1131 1536 Re-

173 1557 265 1640 ginus
288 1567 321 1622 et
342 1556 441 1622 Gaius
464 1556 615 1623 Caninius
636 1557 768 1632 Rebilus
795 1558 892 1642 legati
914 1557 986 1622 cum
1007 1556 1130 1623 duabus

173 1641 350 1726 legionibus
373 1642 565 1708 obtinebant.
596 1643 739 1729 Cognitis
784 1666 818 1707 er
840 1643 1057 1730 exploratores
1079 1666 1129 1707 re·

173 1726 319 1875 {ionibus
350 1727 446 1792 duces
478 1727 614 1793 hostium
643 1736 690 1792 LX
722 1667 809 1792 milia
830 1751 871 1794 ex
892 1729 978 1794 omni
998 1749 1133 1793 numero

196 1812 316 1896 eligrmt
348 1835 456 1876 carum
488 1816 668 1898 civitatum,
703 1836 783 1899 quae
811 1815 983 1878 maximam
1004 1816 1133 1878 virtutis

174 1900 352 1982 opinionem
375 1898 549 1981 habebant3
575 1899 651 1986 quid
672 1921 797 1986 quoque
818 1909 912 1984 pacto
929 1901 982 1984 agi
995 1898 1130 1985 placcat,

173 1981 295 2047 occulte
309 1985 391 2046 inter
407 2006 442 2048 se
457 1985 663 2068 constituunt3
680 1984 817 2050 adeundi
830 1994 954 2070 tempus
967 1983 1131 2064 definiunt,

173 2089 270 2154 quum
291 2067 438 2133 meridies
466 2091 536 2133 esse
557 2069 712 2134 videatur.
757 2069 816 2134 His
846 2071 944 2154 copiis
967 2069 1128 2134 Vercassi-

171 2152 353 2218 vellaunum
374 2153 574 2236 Arvernum,
607 2177 705 2218 unum
738 2177 778 2218 ex
811 2165 957 2242 quattuor
985 2154 1128 2234 ducibus,

171 2239 384 2324 propinquum
390 2239 668 2324 Vercingetorigis,
680 2241 875 2324 praeficiunt.
896 2239 955 2303 Ille
967 2261 1009 2304 ex
1019 2240 1130 2302 cestris

172 2324 274 2408 prima
284 2323 394 2407 vigilia
406 2345 552 2408 egressus
563 2347 663 2410 prope
676 2325 817 2389 confecto
831 2325 888 2390 sub
904 2323 1008 2388 lucem
1017 2325 1129 2387 itinere

196 2417 244 2471 ost
271 2417 409 2472 montem
438 2431 473 2474 se
502 2408 672 2474 occultavit
699 2410 877 2496 militesque
907 2431 948 2472 ex
976 2417 1130 2473 nocturno

172 2431 281 2557 labore
303 2515 373 2556 sese
394 2493 527 2558 relicere
548 2496 648 2558 iussit.
694 2494 800 2574 Quum
821 2497 885 2558 iam
905 2493 1053 2558 meridies
1076 2515 1129 2580 sp·

171 2583 385 2663 propinquare
411 2578 591 2661 videretur,
625 2579 667 2644 ad
694 2602 733 2642 ea
764 2589 887 2662 castra,
921 2599 1003 2664 quae
1036 2600 1131 2664 supra

173 2663 467 2745 demonstravimus,
491 2665 668 2746 contendit3
691 2664 865 2748 eodemque
886 2673 1027 2748 tempore
1043 2664 1129 2749 equi·-

173 2757 256 2811 tatus
279 2747 320 2811 ad
343 2758 536 2834 campestres
557 2751 746 2814 munitiones
769 2747 921 2812 accedere
944 2757 975 2812 et
989 2747 1131 2833 reliquae

173 2835 284 2918 copiae
307 2854 364 2918 pro
387 2835 500 2897 castris
523 2856 593 2898 sese
616 2833 783 2898 ostendere
805 2842 985 2919 coeperunt.

236 2917 287 2982 84.
303 2919 546 3004 Vercingetorix
560 2942 601 2982 ex
615 2940 689 2982 arce
700 2917 828 2982 Alesiae
843 2940 917 2982 suos
933 2920 1132 3004 conspicatus

174 3025 214 3068 ex
244 3004 359 3090 oppido
388 3004 564 3088 egreditur;
598 3012 718 3086 crates,
750 3002 928 3088 longinios‚
961 3002 1130 3085 musculos,

170 3087 268 3154 falces
289 3088 492 3175 reliquaque,
528 3111 609 3174 quae
637 3090 809 3174 eruptionis
837 3111 934 3154 causa
954 3097 1130 3174 paraverat,

169 3173 299 3258 profert.
330 3174 493 3260 Pugnatur
514 3196 577 3239 uno
599 3183 741 3260 tempore
760 3174 905 3239 omnibus
927 3173 1013 3252 locis,
1037 3181 1131 3258 atque

173 3260 279 3322 onmia
300 3268 474 3324 tentantur:
527 3281 588 3324 uae
615 3261 743 3324 minime
766 3262 835 3323 visa
861 3281 935 3345 pars
957 3259 1050 3324 firma
1071 3268 1131 3340 est,

172 3340 233 3406 huc
261 3345 423 3408 concurrit
462 3391 470 3407 .
544 3366 728 3409 omanorum
759 3367 872 3409 monus
904 3345 999 3408 tantis
1030 3344 1131 3408 muni-

170 3426 307 3492 tionibus
330 3427 497 3492 distinetur
517 3451 578 3492 nec
599 3430 692 3494 facile
714 3429 857 3516 pluribus
879 3429 958 3494 locis
981 3425 1130 3495 occurrit.
