2562 3970
484 259 742 328 PRAEFATIO.
923 310 925 314 s
953 259 1089 330 LXXIX
1142 293 1143 298 ¹

139 431 353 497 Vehementer
375 453 499 518 quoque
525 431 670 518 displicet
699 432 856 498 ablativus
884 433 939 498 ille
969 436 987 499 ε’
1008 435 1099 498 tiata

140 525 341 601 reatitudine,
394 539 467 580 uum
495 540 586 583 onme
617 519 700 582 absit
728 519 886 582 eximendi
911 518 964 583 vel
987 540 1091 585 secer·

141 603 238 666 nendi
258 539 456 684 vooabudum,
480 623 614 688 quocum
630 604 769 668 construi
783 605 898 689 possit3
921 605 1092 688 significari

141 697 246 753 autem
266 687 326 752 hoo
348 687 495 769 ablativo,
517 687 589 753 illos
610 690 650 754 ad
671 691 819 753 virtatem
833 687 933 753 flexos
948 689 1091 754 homines

142 781 249 836 maritos
269 771 376 854 fuisse,
392 774 508 858 quippe
524 776 578 859 qui
592 796 608 838 e
623 781 935 852 naonomultttudr'ne
948 782 1093 858 prodisse

143 857 294 938 dicentum
316 858 399 922 hano
420 859 690 923 ratiocinationem
712 881 763 924 me
789 881 852 924 non
872 862 999 946 assequi
1021 880 1092 944 pro·

133 944 241 1006 iiteor.
274 943 385 1028 Itaque
407 941 505 1006 malui
527 965 598 1008 oum
621 943 752 1008 Davisio
779 943 917 1008 seribere
940 953 1025 1010 electi
1047 943 1060 1030 (
1083 995 1090 1009 .

141 1027 224 1092 infra
245 1051 271 1092 o.
294 1029 337 1091 30
358 1035 536 1092 electissimo
552 1036 706 1093 multitudo
722 1031 1032 1117 Alexandrinorum);
1048 1032 1093 1094 ita

141 1115 226 1178 omni
247 1113 444 1178 incommodo
465 1114 628 1178 medemur
649 1115 835 1178 sententiam
859 1137 899 1178 ue
928 1137 998 1179 eam
1025 1115 1092 1178 effi-

141 1200 257 1281 cimus,
287 1206 368 1284 quae
396 1200 491 1264 unice
542 1199 684 1266 robanda
713 1221 783 1263 esse
805 1137 949 1265 videtur:
977 1200 1093 1266 Caesa·

141 1287 246 1348 rianos
275 1283 390 1347 milites
419 1294 482 1346 tam
511 1222 632 1348 lllrtiter
664 1305 850 1370 pugnasse,¹
868 1294 903 1348 ut
927 1307 968 1349 ne
991 1286 1030 1350 ab
1052 1287 1093 1348 iis

133 1369 279 1458 quidem,
302 1371 355 1455 qui
381 1391 396 1434 e
419 1383 501 1432 tanto
534 1376 812 1435 Alexandrinorum
839 1378 1024 1436 otultttudine
1052 1377 1094 1436 od

130 1459 276 1518 *ornarem
298 1463 384 1519 electi
404 1464 509 1536 erant,
538 1458 654 1520 virtute
683 1456 943 1540 adaequarentur.
987 1456 1093 1520 Etiam

122 1538 377 1604 .ex·‘litterarum
399 1539 601 1604 similitudine
623 1549 710 1605 electi
729 1541 917 1626 scripturam
931 1543 1033 1626 magis
1049 1541 1093 1605 al-

140 1635 209 1688 tera
231 1625 442 1690 commendari
463 1635 557 1710 patet,
582 1625 636 1688 ubi
656 1625 826 1690 uncialium
841 1626 1016 1690 litterarum
1030 1626 1092 1690 for-

140 1731 224 1773 mam
239 1712 436 1774 meminimus
459 1710 641 1796 (ELEOTL
656 1711 838 1798 FLEOTI),
863 1711 976 1796 quibus
992 1711 1093 1777 codex

142 1794 332 1881 archetypus
355 1806 501 1860 exaratus
523 1797 590 1862 fuit.

205 1879 240 1946 Ο.
267 1881 306 1944 17
329 1883 491 1966 potiorem
504 1883 641 1946 indicavi
663 1881 825 1967 vulgatam
840 1881 1024 1948 lectionem:
1050 1892 1094 1947 Ao

139 1975 209 2047 pri
216 1988 271 2030 mo
295 1975 431 2046 impetum
453 1981 624 2032 nostrorum
643 1977 765 2048 puriter
793 1975 1012 2031 sustinuerunt.
1044 1967 1094 2031 Ita

143 2073 250 2115 omnes
274 2051 391 2116 habent
413 2052 484 2115 libri
505 2061 633 2138 praeter
653 2053 753 2116 Paris.
777 2074 838 2116 see.
863 2062 895 2116 et
922 2051 1010 2116 Leid.
1034 2075 1093 2138 pr,

141 2138 173 2198 in
196 2135 309 2222 quibus
328 2146 457 2217 primum
480 2140 706 2221 scriptumest,
731 2138 815 2222 quod
836 2137 874 2200 N.
898 2159 969 2200 reee
993 2139 1026 2202 it.
1050 2136 1094 2202 At

141 2243 254 2286 vereor
274 2244 315 2286 ne
336 2245 424 2287 mero
445 2221 567 2286 librarii
589 2245 697 2287 errore
711 2222 764 2286 vel
779 2225 923 2308 magistri
937 2161 1094 2287 industria

127 2305 221 2370 'bueo
241 2307 340 2371 forma
363 2319 492 2372 exarata
514 2309 555 2370 sit
575 2318 704 2393 propter
719 2330 854 2392 sequens
878 2317 1014 2388 impetum
1036 2329 1093 2374 vo-

142 2391 297 2458 cabulum.
334 2392 489 2456 Narratur
515 2393 871 2475 deindecaesarianos
900 2403 1094 2469 ,constanter

141 2479 291 2562 impetmn
313 2477 446 2560 fecisse,‘
468 2483 574 2564 itaque
596 2477 636 2542 de
655 2478 880 2542 Alexandrinis
903 2479 1094 2544 monendum

143 2575 218 2641 erat,
243 2583 296 2626 eos
316 2573 415 2644 primo
437 2565 588 2650 impeturn
606 2565 811 2628 sustinuisse.

206 2647 241 2713 Ο.
265 2648 306 2711 23
329 2649 429 2712 edidi:
447 2664 589 2729 paratam
611 2657 687 2714 enim
714 2671 848 2714 omnem
877 2655 1093 2714 multitudinem

142 2755 208 2799 esse
230 2741 395 2814 consectam
418 2743 516 2799 taedio
533 2743 655 2816 puellae
680 2742 846 2810 fiduciario
873 2757 1013 2816 repro,
1041 2741 1094 2800 do-

142 2827 304 2884 minatione
326 2827 537 2885 crudelissima
563 2826 744 2902 onnynseuts
757 2827 863 2899 facere
878 2827 919 2898 io,
942 2827 1023 2898 quod
1036 2841 1096 2884 rex

145 2912 331 2984 imperasset.
354 2904 392 2968 N.
410 2927 521 2969 omnem
538 2906 638 2986 eiecit,
663 2904 852 2990 quodebest
868 2929 887 2968 a
901 2905 999 2968 Paris.
1017 2926 1093 2986 sea,

143 2989 230 3052 Leid.
260 3012 325 3074 pr.;
349 3001 381 3055 at
402 2999 506 3053 exstat
527 2991 560 3053 in
589 2989 682 3054 Vind.
714 3013 760 3074 pr.
785 2999 816 3054 et
837 2990 896 3053 reli
920 2992 969 3052 uis
991 2989 1092 3070 libris,

142 3097 246 3159 neque
274 3075 378 3161 adest·²
409 3097 464 3138 our
490 3075 628 3158 spurium
658 3077 854 3138 existimetur
875 3159 877 3162 Α
899 3015 1026 3138 lleinde
1053 3073 1093 3138 N.

142 3181 253 3224 vocem
274 3181 370 3238 repro
396 3157 522 3240 delevit,
546 3160 630 3246 quod
651 3159 691 3222 ab
717 3159 831 3224 iisdem
853 3159 944 3240 libris
967 3168 999 3223 et
1024 3158 1093 3225 ood.

143 3243 257 3328 Soalig.
282 3244 371 3309 absit.
413 3246 456 3308 At
478 3245 511 3308 id
533 3247 646 3330 ipsum,
670 3245 753 3330 quod
768 3246 801 3308 in
816 3244 865 3309 his
880 3243 971 3308 libris
987 3265 1094 3329 quam-

146 3350 239 3412 quam
263 3332 379 3394 omisso
401 3330 557 3396 uocabulo
586 3351 683 3408 raquo
706 3339 813 3396 tamen
839 3336 1004 3406 fiduciario
1030 3350 1095 3392 non

142 3421 308 3490 fiduciario
337 3415 577 3502 (dominatione)
613 3425 776 3498 exaratum
810 3424 873 3496 est,
908 3413 1095 3489 documento

145 3521 216 3564 esse
239 3499 342 3582 debet,
365 3522 461 3580 repro
483 3523 546 3566 non
568 3502 629 3564 nisi
652 3523 726 3564 oasu
749 3499 914 3565 excidisse.
953 3497 1095 3578 Quodsi
