2538 3978
163 239 228 303 150
420 235 552 301 BELLI
573 233 878 300 ALEXANDRINI

51 441 54 449 ·
161 431 275 474 manus
304 430 401 474 causa
421 409 589 473 constratis
618 407 754 471 navibus
857 406 959 472 editur
978 408 1131 492 praemiis

162 496 285 580 magnis
307 496 486 580 propositis,
510 495 564 578 qui
585 494 706 579 primus
728 494 800 556 insu
814 515 865 556 am
888 495 1033 578 cepisset.
1076 492 1130 557 Ac

160 583 265 666 primo
291 582 443 666 impetum
467 588 647 643 nostrorum
669 581 789 664 pariter
809 582 1031 642 sustinuerunt.
1053 577 1131 642 Uno

163 667 247 729 enim
269 676 411 752 tempore
433 674 465 730 et
487 687 528 728 ex
548 667 639 728 tectis
655 664 870 728 aedificiorum
884 663 1130 749 propugnabant

162 760 200 814 et
216 750 308 815 litora
329 753 441 815 armati
452 750 674 829 defendebant,
698 771 759 835 quo
803 760 910 834 ropter
924 751 1128 834 asperitatem

162 833 226 899 loci
257 859 321 901 non
354 835 455 900 facilis
487 838 603 900 nostris
637 837 740 900 aditus
768 772 911 917 dabatur,
942 847 973 898 et
1000 835 1129 919 scaphis

161 920 297 985 navibus
321 943 361 984 ue
383 921 435 985 lon
462 924 487 985 's
515 923 591 1007 quin
614 942 654 985 ue
681 920 839 984 mobiliter
862 930 893 984 et
915 922 1050 984 scienter
1071 942 1128 982 an-

162 1008 283 1091 gustias
300 945 369 1070 loci
390 1016 443 1070 tue
467 1016 568 1072 antur.
592 945 654 1071 §ed
672 1006 727 1070 ubi
743 1007 885 1091 ¹primum
900 1005 977 1071 locis
994 1007 1130 1089 cognitis

163 1091 319 1177 vadisque
341 1094 527 1177 pertentatis
543 1095 636 1177 pauci
651 1093 749 1155 nostri
766 1090 904 1155 inlitora
919 1093 1130 1156 constiterunt

162 1186 257 1261 atque
279 1177 337 1241 bos
366 1189 438 1240 sunt
460 1177 514 1239 alii
543 1177 704 1241 subsecuti
733 1185 978 1263 constanterque
1005 1177 1130 1258 ineos,

163 1263 218 1346 qui
244 1262 278 1325 in
308 1262 401 1326 litore
434 1284 534 1348 aequo
567 1264 756 1344 institerant,
790 1263 941 1348 impetum
973 1262 1127 1344 fecerunt,

163 1368 274 1410 omnes
296 1347 445 1411 Pharitae
467 1358 557 1433 terga
571 1358 743 1413 verterunt
767 1347 826 1410 His
841 1347 941 1432 pulsis
964 1345 1129 1411 custodiae

163 1442 275 1516 portus
297 1431 402 1496 relicti
430 1455 529 1496 naves
558 1433 599 1497 ad
628 1433 721 1500 litora
749 1442 780 1496 et
801 1434 906 1496 vicum
928 1432 1130 1517 applicarunt

163 1537 261 1602 seque
283 1539 325 1580 ex
346 1518 482 1582 navibus
504 1518 545 1582 ad
567 1520 686 1583 tuenda
707 1518 851 1582 aedificia
872 1520 1039 1582 eiecerunt

228 1602 277 1666 18.
300 1603 410 1689 Neque
424 1625 500 1668 vero
516 1603 632 1667 diutius
656 1625 695 1668 ea
713 1605 885 1667 munitione
908 1625 942 1666 se
965 1605 1129 1667 continere

162 1698 341 1773 potuerunt,
365 1691 424 1752 etsi
446 1698 514 1752 erat
534 1710 599 1752 non
622 1689 774 1753 dissimile
794 1698 887 1772 atque
909 1687 1130 1757 Alexandriae
1247 1765 1248 1778 ,

162 1795 262 1858 genus
285 1775 509 1856 aedificiorum,
532 1783 567 1838 ut
588 1778 710 1839 minora
729 1773 900 1838 maioribus
916 1773 1129 1854 conferantur,

161 1869 327 1944 turresque
350 1859 452 1923 editae
468 1869 499 1923 et
514 1861 700 1924 coniunctae
715 1861 797 1922 muri
811 1858 915 1922 locum
931 1858 1128 1940 obtinebant,

160 1966 264 2029 neque
286 1946 387 2009 nostri
408 1955 462 2010 aut
477 1945 570 2008 scalis
587 1958 641 2009 aut
663 1944 801 2009 cratibus
816 1954 870 2007 aut
884 1943 1013 2028 reliquis
1029 1943 1128 2006 rebus

162 2030 265 2114 parati
286 2039 440 2093 venerant
468 2030 510 2093 ad
531 2030 788 2116 oppugnandum·
818 2029 883 2094 Sed
904 2039 1006 2093 terror
1028 2028 1128 2092 homi·

164 2113 258 2178 nibus
281 2125 419 2179 mentem
448 2115 677 2201 consiliumque
706 2117 799 2200 cripit
821 2124 852 2178 et
873 2113 1018 2178 membra
1039 2113 1127 2176 debi-

161 2197 239 2278 litat,
262 2210 297 2263 ut
318 2210 394 2264 tunc
415 2201 540 2264 accidit.
564 2200 626 2280 Qui
650 2202 739 2264 sein
762 2221 863 2284 aequo
885 2198 955 2263 loco
978 2221 1015 2262 ac
1030 2199 1128 2285 plano

160 2305 253 2368 pares
276 2306 347 2348 esse
369 2285 578 2367 confidebant,
601 2287 699 2352 iidem
720 2286 877 2370 perterriti
899 2285 975 2370 fuga
997 2305 1126 2348 suorum
1245 2311 1246 2388 ,

162 2377 193 2430 et
215 2369 312 2432 caede
334 2393 506 2454 paucorum
521 2379 599 2434 XXX
614 2372 731 2456 pedum
746 2370 909 2434 altitudine
924 2372 958 2432 in
972 2369 1127 2433 aedificiis

162 2455 333 2518 consistere
356 2459 424 2522 ausi
451 2479 514 2520 non
538 2466 611 2521 sunt
640 2478 737 2542 seque
765 2478 824 2540 per
845 2455 961 2519 molem
982 2457 1016 2518 in
1037 2475 1127 2520 mare

161 2539 448 2623 praecipitaverunt
481 2550 512 2606 et
544 2549 634 2606 DCCC
666 2563 817 2627 passuum
848 2540 1050 2605 intervallum
1083 2539 1126 2603 ad

162 2623 311 2708 oppidum
334 2636 551 2690 enataverunt.
580 2625 674 2692 Multi
701 2637 808 2692 tamen
838 2647 879 2691 ex
900 2625 949 2688 bis
972 2627 1056 2710 capti
1078 2626 1126 2687 in-

160 2707 347 2794 terfectique
363 2722 451 2794 sunt,
475 2713 532 2776 sed
546 2735 697 2778 numerus
712 2713 909 2797 captivorum
924 2712 1050 2775 omnino
1065 2709 1126 2774 fuit

162 2797 315 2858 sexcenti.

226 2879 422 2946 iudaeae
457 2882 577 2968 praeda
610 2882 762 2949 militibus
793 2903 945 2948 concessa
978 2879 1124 2944 aedificia

159 2961 254 3050 diripi
289 2969 380 3030 iussit
412 2967 638 3054 castellumque
670 2969 711 3032 ad
766 2978 880 3050 entem,
914 2968 969 3054 qui
994 2967 1126 3051 propior

160 3063 229 3114 erat
249 3051 363 3134 Pharo,
387 3055 590 3117 communivit
613 3065 707 3140 atque
728 2991 774 3119 ili
793 3053 985 3140 praesidium
1007 3051 1121 3136 posuit.

159 3135 255 3200 Hunc
276 3137 352 3220 fuga
372 3138 519 3201 Pharitae
533 3138 742 3225 reliquerant3
759 3141 925 3203 certiorem
945 3137 1036 3201 illum
1050 3156 1124 3221 pro-

158 3222 343 3309 pioremque
366 3224 481 3308 oppido
509 3223 721 3290 Alexandrini
749 3225 928 3288 tuebantur.
962 3222 1027 3286 Sed
1049 3243 1123 3285 eum

158 3317 287 3390 postero
311 3309 361 3372 die
389 3309 484 3372 simili
512 3311 635 3373 ratione
665 3310 854 3396 aggreditur,
886 3309 970 3396 quod
998 3308 1046 3371 his
1068 3305 1123 3370 ob·

158 3393 253 3455 tentis
282 3393 403 3458 duobus
434 3417 559 3458 omnem
588 3397 787 3480 navigiorum
815 3415 982 3462 excursum
1012 3402 1044 3456 et
1071 3413 1123 3454 re-

158 3479 289 3546 pentina
310 3478 477 3544 latrocinia
498 3479 658 3544 sublatum
679 3482 720 3545 iri
741 3481 884 3550 videbat·
902 3481 1034 3564 Iamque
1056 3498 1123 3560 eos,
