2490 3974
455 254 598 323 CAPUT
621 257 713 322 l-3.
1000 255 1062 319 241

98 429 215 494 nullae
238 431 383 494 civitates
406 450 464 492 sua
486 438 597 514 sponte
627 427 746 492 auxilia
777 426 952 508 mittebant,
989 427 1064 490 item

99 513 278 580 nonnullae
299 524 406 600 portas
428 523 537 578 contra
559 511 737 578 eludebant
759 511 812 574 Ex
834 511 946 596 quibus
961 513 985 574 si
1003 522 1090 596 qua·

101 622 123 664 o
148 599 226 684 pida
246 601 281 662 vi
302 607 439 685 ceperat,
463 621 559 684 quum
575 598 687 684 aliquis
700 620 741 660 ex
752 620 791 661 ea
805 597 932 660 civitate
947 597 1063 681 optime

102 623 159 768 [tle
184 683 241 748 On.
265 683 425 770 Pompeio]
448 684 576 748 meritus
600 685 677 748 civis
701 693 793 763 esset,
816 691 947 768 propter
968 702 1061 766 pecu-

101 769 181 832 niae
213 769 461 854 magnitudinem
484 768 590 854 aliqua
612 769 641 832 ei
662 765 856 831 inferebatur
888 788 993 848 cansa,
1029 775 1064 829 ut

102 875 144 918 eo
170 853 210 918 de
232 854 336 918 medio
359 852 483 918 sublato
506 876 548 916 ex
570 854 636 918 eius
668 855 804 939 pecunia
824 850 981 916 latronum
1002 849 1062 914 lar-

101 939 184 1024 gitio
205 937 305 1002 fieret.
333 939 383 1003 Ita
403 939 422 977 *
444 941 555 1025 paucis
578 937 743 1003 commoda
756 937 846 1001 hoste
860 936 983 1000 hortato
998 958 1062 998 ma-

102 1025 191 1087 iores
223 1024 420 1108 augebantur
453 1026 573 1109 copiae.
609 1023 681 1086 Hoc
714 1020 857 1086 crebrius
889 1021 1008 1084 nuntiis
1030 1022 1063 1084 in

101 1107 232 1171 Italiam
264 1109 368 1172 missis
401 1111 543 1172 civitates
573 1109 750 1172 contrariae
771 1107 922 1192 Pompeio
945 1105 1063 1169 auxilia

103 1191 169 1256 sibi
190 1192 230 1258 de
253 1193 439 1258 ustulabant

170 1278 199 1340 2.
225 1215 344 1342 gaasar
359 1279 492 1342 dictator
505 1280 606 1360 tertio,
630 1286 739 1343 consul
753 1278 934 1364 designatus
950 1273 1062 1362 quarto

104 1361 122 1399 *
146 1361 253 1426 multis
278 1365 413 1427 iterante
435 1361 546 1427 diebus
569 1363 718 1428 coniectis
741 1385 812 1428 curn
837 1363 950 1426 ceteris
976 1359 1061 1424 festi·

103 1447 266 1511 nationem
298 1447 417 1512 bellum
451 1447 680 1512 conficiendum
701 1450 734 1512 in
756 1448 942 1534 Hispaniam
966 1468 1061 1532 quum

104 1533 254 1612 venisset,
277 1531 373 1618 legati
396 1555 435 1596 ue
458 1531 690 1613 Cordubenses,
714 1535 769 1620 qui
790 1555 810 1597 a
832 1531 890 1596 On.
912 1531 1061 1615 Pompeio

106 1615 337 1700 discessissent,
375 1557 506 1682 daesari
541 1616 676 1684 obviam
699 1618 870 1700 venissent,
908 1639 927 1680 a
970 1615 1061 1682 uibus

105 1700 312 1766 nuntiabatur
333 1711 487 1768 nocturno
521 1712 664 1788 ternpore
698 1703 845 1789 oppidum
880 1639 1061 1766 Cordubam

106 1787 178 1870 capi
206 1808 309 1872 posse,
348 1787 432 1873 quod
469 1786 729 1873 necopinantibus
765 1787 957 1850 adversariis
994 1787 1061 1850 eius

106 1871 287 1955 provinciae
331 1874 425 1944 otitus
448 1881 541 1955 esset,
576 1872 732 1958 simulque
766 1871 849 1958 quod
876 1869 1060 1953 tabellariis,

107 1956 162 2040 qui
183 1977 203 2018 a
225 1954 283 2020 On.
305 1894 382 2021 lom
407 1959 455 2022 eio
488 1957 632 2044 dispositi
664 1955 807 2022 omnibus
840 1955 917 2021 locis
946 1963 1060 2037 essent,

106 2041 161 2186 qui
183 2042 348 2104 certiorem
371 1980 405 2106 ὁ)
422 2091 428 2105 .
451 2042 637 2128 Pompeium
669 2042 709 2107 de
742 2040 889 2106 Caesaris
922 2041 1060 2104 adventu
1120 2077 1128 2101 s

120 2134 247 2188 acerent
263 2173 395 2192 ......
428 2126 529 2190 Multa
558 2136 725 2212 praeterea
744 2125 930 2191 verisimilia
950 2148 1059 2211 propo·

107 2207 234 2273 nebant.
273 2209 396 2289 Quibus
429 2211 524 2276 rebus
547 2212 710 2289 adductus,
745 2233 823 2297 quos
845 2211 965 2296 legatos
988 2219 1060 2274 ante

108 2296 261 2359 exercitui
283 2295 489 2381 praefecerat,
514 2295 552 2375 Q.
574 2297 708 2361 Pedium
730 2308 762 2360 et
784 2295 823 2376 Q.
844 2296 980 2360 Fabium
994 2295 1059 2360 Ma-

6 2445 7 2452 ,
107 2382 227 2442 ximum
248 2379 288 2444 de
318 2404 379 2448 suo,
407 2382 546 2446 adventu
577 2381 654 2446 facit
686 2384 836 2447 certiores
870 2391 967 2466 utque
999 2381 1061 2446 sibi

6 2491 8 2522 ι
108 2465 272 2550 equitatus,
310 2469 364 2612 qui
385 2489 426 2530 ex
446 2468 611 2552 provincia
631 2467 751 2549 fuisset,
787 2466 944 2552 praesidio
966 2476 1058 2532 esset.

106 2550 159 2614 Ad
181 2571 260 2649 quos
283 2573 318 2615 ce
332 2552 434 2652 erius,
447 2574 543 2639 quam
564 2553 627 2652 ipsi
648 2553 766 2653 opinati
788 2553 1058 2654 suntappropin·

108 2644 217 2783 qqpplqtt
235 2657 347 2722 neque,
370 2647 405 2700 ut
425 2659 494 2723 rpse
508 2635 617 2720 voluit,
640 2647 811 2723 equitatum
826 2637 887 2702 srbr
900 2637 1058 2722 praes1dro

169 2805 198 2867 3.
218 2767 298 2868 lirat
318 2805 403 2906 idem
424 2809 573 2956 temporis
595 2805 671 2872 Sex.
693 2807 980 2906 Pompeiusfrater,
1004 2807 1059 2907 qui

7 2905 10 2960 t
110 2911 177 2953 eum
199 2891 356 2975 praesidio
379 2889 485 2956 Cordo
509 2915 560 2956 am
581 2891 720 2974 tenebat,
743 2892 827 2979 quod
842 2914 909 2958 erus
930 2913 1058 2977 provin-

8 3009 9 3048 ;
110 2976 174 3038 ciae
196 2983 290 3060 caput
310 2997 381 3040 esse
403 2976 658 3060 existimabatur3
680 2980 749 3063 ipse
771 2986 876 3040 autem
892 2975 950 3040 On.
965 2976 1057 3040 Pom-

8 3097 9 3132 ,
110 3060 196 3159 peius
217 3059 402 3124 adolescens
424 3059 528 3126 Uliam
551 3083 591 3147 op
613 3061 700 3125 idum
721 3060 925 3148 oppugnabat
946 3070 978 3125 et
991 3061 1057 3126 lore

8 3207 9 3216 ,
110 3166 170 3208 ram
191 3143 310 3231 aliquot
330 3147 492 3211 mensibus
513 3146 559 3210 ibi
586 3085 795 3211 detinebatur.
832 3145 904 3225 Quo
932 3167 974 3210 ex
1003 3167 1056 3246 op-

111 3229 179 3378 bid⁰
201 3232 327 3316 cognito
350 3227 495 3296 Caesaris
517 3231 654 3296 adventu
676 3232 774 3317 legati
796 3231 877 3298 clam
897 3229 1058 3316 praesidia

139 3337 166 3378 n.
187 3315 319 3401 Pompei
342 3314 514 3381 Caesarem
538 3339 633 3402 quum
666 3315 816 3400 adissent,
844 3325 953 3402 petere
985 3336 1055 3380 coe-

113 3410 227 3484 pemnt,
249 3412 284 3464 ut
306 3400 365 3464 sibi
409 3403 488 3466 rimo
505 3423 629 3502 quoque
643 3417 783 3488 tempore
798 3399 973 3465 subsidium
987 3401 1055 3462 mit·

115 3495 196 3551 teret.
231 3483 351 3633 Oplesar
384 3423 466 3571 pem
489 3486 648 3550 civitatem
671 3487 755 3551 omni
776 3495 916 3633 tempore
939 3485 1054 3570 optime

163 3587 239 3628 crem
284 3617 292 3634 .
