2534 3970
190 204 231 270 46
445 205 505 267 DE
526 203 670 270 BELLO
694 203 883 270 GALLICO

191 385 370 458 currerunt,
392 384 426 439 ut
447 397 547 460 paene
569 397 632 440 uno
654 385 797 462 tempore
819 384 851 440 et
872 375 914 440 ad
935 375 1031 442 silvas
1054 386 1086 440 ct
1106 378 1140 440 iu

190 460 319 526 flumine
342 470 373 524 et
392 460 456 524 iarn
469 461 502 523 in
517 459 660 524 manibus
682 462 798 526 nostris
821 461 927 524 hostes
946 461 1138 526 viderentur.

189 545 311 610 Eadem
344 553 449 610 autem
482 544 643 608 celeritate
677 545 809 610 adverso
843 544 924 610 colle
956 544 998 609 ad
1029 554 1140 610 nostra

191 640 293 778 eas‘tira
315 639 408 716 atque
430 652 495 712 eos,
526 631 634 715 quiin
656 652 752 715 opere
775 631 918 715 occupati
940 639 1041 712 erant,
1064 653 1139 695 con-

189 725 242 782 ten
266 725 367 780 erunt.
1124 734 1127 744 ·

252 800 303 863 20.
348 798 479 864 Caesari
505 800 608 864 omnia
629 821 691 865 uno
706 809 858 886 ternpore
886 809 976 866 erant
997 801 1137 885 agendas

190 885 340 949 vexillum
362 885 614 969 proponendum,
637 885 803 970 quoderat
824 887 957 972 insigne,
980 907 1075 970 quum
1098 886 1139 954 ad

189 991 278 1036 arma
306 971 452 1034 concurri
481 979 650 1054 oporteret,
681 971 806 1055 signum
827 970 904 1034 tuba
925 970 1072 1053 dandum,
1096 969 1138 1034 ab

189 1075 285 1138 opere
307 1055 479 1120 revocandi
499 1054 630 1135 milites,
661 1057 715 1140 qui
742 1055 837 1140 paulo
864 1055 990 1140 longius
1013 1057 1137 1140 aggeris

188 1139 316 1224 petendi
337 1162 432 1204 causa
453 1149 680 1224 processerant,
704 1140 895 1223 arcessendi,
919 1142 1003 1205 acies
1023 1141 1137 1206 instru-

189 1222 280 1304 enda,
303 1224 418 1288 milites
441 1224 633 1305 cohortandi,
657 1226 779 1309 signum
803 1225 950 1289 dandum.
994 1224 1137 1304 Quarum

188 1329 294 1373 rerum
316 1331 463 1394 magnam
486 1321 608 1394 partem
627 1311 775 1394 temporis
797 1310 937 1374 brevitas
960 1319 992 1374 et
1014 1332 1137 1376 sueces-

189 1414 242 1457 sus
264 1393 399 1458 hostium
420 1395 621 1480 impediebat.
648 1395 707 1458 His
730 1394 964 1459 difficultatibus
988 1395 1069 1459 duae
1083 1417 1136 1459 res

189 1488 278 1543 erant
306 1478 461 1561 subsidio,
491 1481 622 1543 seientia
650 1489 744 1564 atque
773 1502 848 1543 usus
872 1480 1021 1562 militum,
1052 1480 1137 1565 quod

189 1563 402 1648 superioribus
423 1564 553 1649 proeliis
577 1566 757 1646 exercitati,
781 1565 855 1650 quid
877 1565 947 1630 fieri
969 1574 1136 1652 oporteret,

188 1669 252 1711 non
273 1650 376 1713 minus
392 1649 555 1716 corrimode
569 1651 631 1735 ipsi
647 1650 707 1713 sibi
751 1649 955 1731 raeseribere,
979 1672 1073 1735 quam
1095 1649 1135 1714 ab

188 1732 257 1796 aliis
280 1733 387 1798 doceri
407 1743 569 1820 poterant,
599 1745 631 1799 et
652 1757 714 1820 quo
758 1733 798 1798 ab
822 1757 916 1820 opere
939 1733 1136 1820 singulisque

187 1816 364 1902 legionibus
398 1819 538 1904 singulos
570 1819 691 1904 legatos
726 1818 844 1885 Caesar
877 1819 1041 1884 discedere
1074 1821 1137 1884 nisi

186 1905 313 1966 munitis
336 1906 445 1968 castris
466 1913 618 1968 vetuerat.
652 1905 695 1968 Hr
716 1913 845 1990 propter
867 1906 1135 2004 propinquitatem
1255 1953 1256 1963 ,

187 1997 219 2052 et
241 1987 434 2052 celeritatem
455 1988 590 2054 hostium
618 1989 696 2054 nihrl
717 1991 780 2053 iam
803 1989 947 2055 Caesaris
969 1992 1137 2075 imperium

187 2073 425 2157 exspectabant,
457 2074 514 2139 scd
534 2097 593 2160 per
615 2097 665 2157 se,
696 2097 777 2159 quae
797 2074 1004 2158 videbantur,
1039 2074 1136 2140 admi·

186 2156 371 2221 nistrabant.
995 2205 998 2213 ,

250 2243 299 2306 21.
324 2241 444 2307 Caesar
463 2246 649 2308 necessariis
672 2245 765 2309 rebus
780 2247 941 2330 imperatis
964 2245 1005 2309 ad
1027 2246 1135 2311 cohor-

186 2326 298 2390 tandos
321 2328 446 2410 milites,
477 2351 571 2414 quam
592 2331 626 2394 in
647 2342 777 2415 partem
793 2330 856 2394 fors
880 2329 1008 2411 obtulit,
1042 2331 1135 2394 deeu-

188 2414 285 2476 currit
306 2422 338 2476 et
359 2413 400 2477 ad
421 2413 578 2499 legionem
594 2415 747 2478 decimam
768 2415 904 2479 devenit.
934 2415 1050 2480 Milites
1073 2438 1132 2480 nor

187 2495 327 2582 longiore
350 2501 490 2562 oratione
507 2500 695 2580 cohortatus,
720 2523 811 2586 quam
827 2503 874 2566 uti
889 2522 964 2567 suae
985 2502 1136 2586 pristinae

186 2582 309 2646 virtutis
331 2587 513 2648 memoriam
533 2587 704 2650 retinerent
719 2608 781 2651 neu
795 2586 1055 2671 perturbarentur
1070 2587 1135 2648 ani-

186 2689 237 2731 mo
266 2666 402 2731 hostium
424 2691 464 2732 ue
490 2671 641 2755 impetum
669 2670 790 2736 fortiter
812 2672 1019 2752 sustinerent,
1050 2669 1133 2754 quod

185 2772 249 2814 non
271 2751 394 2837 longius
440 2763 523 2818 ostes
546 2754 692 2835 aberant,
723 2779 817 2841 quam
840 2779 900 2842 quo
923 2755 1020 2820 telum
1042 2755 1136 2818 adiici
1171 2761 1174 2776 ⁴

186 2847 309 2920 posset,
342 2838 454 2924 proelii
487 2841 701 2905 committendi
734 2844 858 2926 signum
890 2841 986 2904 dedit.
1030 2841 1135 2926 Atque

185 2921 218 2984 in
241 2921 371 2988 alteram
399 2933 521 3009 partem
547 2926 621 2990 item
645 2926 829 2991 cohortandi
859 2949 954 2990 causa
975 2925 1135 3011 profectus

208 3007 396 3091 ugnantibus
419 3012 562 3074 occurrit.
604 3011 769 3098 Temporis
791 3021 878 3074 tanta
900 3012 958 3076 fuit
979 3011 1136 3095 exiguitas

185 3029 321 3158 Eostium
344 3116 385 3158 ue
406 3104 471 3159 tam
492 3106 621 3181 paratus
645 3095 686 3160 ad
707 3095 919 3160 dimicandum
941 3098 1078 3176 animus,
1101 3105 1136 3159 ut

185 3199 249 3244 non
270 3115 363 3243 modo
386 3179 428 3244 ad
448 3181 585 3265 insignia
607 3181 883 3264 accommodanda,
906 3180 1073 3244 sedetiam
1096 3180 1137 3244 ad

185 3262 294 3347 galeas
331 3263 506 3330 induendas
540 3269 698 3353 scutisque
730 3268 904 3352 tegimenta
938 3265 1137 3332 detrudendo

185 3357 309 3433 tempus
332 3349 474 3414 defuerit.
505 3349 608 3428 Quam
629 3352 761 3437 quisque
783 3350 824 3415 ab
840 3373 936 3436 opere
958 3352 990 3414 in
1012 3359 1136 3436 partem

187 3453 262 3496 casu
277 3434 404 3502 devenit
419 3457 561 3522 quaeque
576 3437 677 3522 prima
693 3437 783 3520 signa
798 3439 963 3554 conquxit
971 3483 979 3516 ,
1001 3435 1136 3499 adhaec
