2538 3978
379 213 513 279 COMbi
535 214 585 278 III
607 213 699 280 OAP.
725 215 861 280 17-20.
1049 216 1108 294 87„

134 387 254 453 Caesar
274 385 354 450 haec
366 383 451 448 facta
465 389 620 472 cognovit,
644 388 699 474 qui
714 387 852 452 sermoni
865 387 1090 470 interfuerunt,

134 479 265 538 conatus
287 479 393 534 tamen
413 471 511 537 nihilo
539 474 642 536 minus
665 481 713 537 est
734 471 803 536 eliis
825 472 1001 537 rationibus
1025 477 1093 559 [per

78 623 84 635 ,
134 557 217 624 66116
241 557 301 636 uie]
325 556 365 620 (16
386 578 466 641 pace
488 579 594 643 agere.

199 579 249 706 ld.
271 641 358 706 Inter
371 641 447 706 bina
461 654 564 706 castra
577 643 710 729 Pompei
724 645 817 729 atque
833 642 979 708 Caesaris
994 665 1092 708 unum

133 729 253 794 flumen
280 737 402 792 tantum
426 729 578 792 intererat
603 730 721 814 Apsus,
751 728 925 814 crebraque
952 731 1035 792 inter
1057 751 1091 794 se

133 814 293 899 colloquia
319 812 435 878 milites
463 812 632 896 habebant,
655 836 758 900 neque
781 813 879 878 ullum
901 815 1027 878 interim
1047 823 1091 877 to-

133 899 200 978 lum
228 921 288 985 per
315 900 478 983 pactiones
511 898 706 985 loquentium
737 898 967 972 traiiciobatur,
995 899 1091 962 Mittit

131 985 169 1049 P.
199 985 356 1050 Vatinium
383 983 521 1068 legatum
549 984 590 1048 ad
617 985 720 1070 ripam
741 985 842 1069 ipsam
864 983 1012 1066 fluminis,
1036 986 1092 1070 qui

134 1093 187 1150 ea,
215 1091 296 1156 quae
322 1071 461 1134 maxime
493 1069 534 1133 ad
565 1087 677 1156 pacem
708 1070 865 1155 pertinere
897 1069 1089 1154 viderentur,

133 1167 243 1241 ageret
265 1164 296 1219 et
318 1154 428 1220 crebro
455 1175 571 1240 magna
591 1177 670 1219 voce
691 1157 916 1240 pronuntiaret,
939 1155 1091 1220 liceretne

134 1242 257 1306 civibus
279 1241 320 1305 ad
342 1242 428 1304 cives
451 1240 490 1304 de
504 1261 583 1326 pace
597 1241 719 1326 legatos
740 1241 874 1324 mittere,
898 1241 1092 1326 quodetiam

132 1327 273 1412 fugitivis
296 1326 336 1390 ab
359 1327 441 1390 saltn
462 1327 488 1389 P
511 1349 628 1391 renaeo
643 1325 917 1412 praedonibusque
938 1325 1089 1406 licuisset,

132 1414 321 1499 praesertim
349 1433 445 1497 quum
472 1349 510 1476 id
532 1435 552 1476 a
574 1423 671 1494 erent,
700 1433 742 1475 ne
764 1413 850 1476 cives
873 1413 945 1475 cum
966 1411 1089 1477 civibus

132 1500 230 1563 armis
252 1497 474 1564 decertarent?
501 1497 536 1561 M
570 1507 603 1560 ta
630 1497 812 1583 suppliciter
833 1496 957 1562 locutus
980 1511 1032 1574 eet,
1056 1508 1091 1563 ut

134 1584 175 1648 de
205 1605 262 1648 sua
290 1594 383 1668 atque
412 1585 552 1647 omnium
581 1582 681 1648 salute
710 1582 863 1665 debebat,
905 1582 1091 1668 silentioque

134 1669 175 1733 ab
207 1669 348 1754 utrisque
378 1667 529 1732 militibus
569 1669 703 1733 auditus.
739 1668 938 1754 Responsum
970 1679 1018 1732 est
1050 1667 1090 1732 ab

133 1755 234 1820 altera
276 1761 343 1818 arte
364 1751 482 1818 Aulum
503 1754 680 1819 Varronem
700 1753 841 1840 profiteri
864 1776 898 1819 se
920 1753 1020 1818 altera
1040 1752 1091 1818 die

134 1841 176 1906 ad
198 1777 388 1925 collbquium
413 1850 581 1903 venturum
609 1851 703 1926 atque
724 1841 800 1903 navi
822 1861 892 1904 esse
913 1849 1088 1921 vecturum,

135 1947 197 2012 quo
220 1925 388 1988 admodum
409 1933 475 1989 tuto
490 1925 587 2010 legati
606 1926 716 1990 venire
739 1937 770 1988 et
791 1947 873 2011 quae
893 1925 1014 1990 vellent
1036 1947 1089 1988 ex·

157 2033 252 2076 onere
273 2020 416 2095 possent,
432 2020 612 2097 certumque
628 2015 658 2076 ei
668 2013 720 2096 ,rei
733 2020 858 2096 tempus
881 2011 1089 2075 constituitur.

133 2034 207 2176 5110
222 2118 319 2182 quum
334 2105 418 2159 esset
437 2105 563 2181 postero
584 2096 636 2162 die
649 2108 788 2178 ventum,
804 2119 920 2181 magna
933 2097 1090 2180 utrimque

133 2181 300 2246 multitudo
323 2183 479 2263 convenit,
509 2205 686 2268 magnaque
715 2191 783 2246 erat
805 2184 999 2268 exspectatio
1022 2183 1090 2246 eius

132 2270 189 2349 rei,
213 2279 307 2354 atque
329 2268 467 2330 omnium
493 2269 590 2330 animi
618 2269 730 2332 intenti
758 2289 827 2331 esse
850 2268 890 2331 ad
911 2290 1023 2353 pacem
1044 2269 1090 2331 vi·

133 2354 298 2420 debentur.
323 2351 395 2432 Qua
417 2375 458 2416 ex
479 2353 654 2438 frequentia
674 2355 764 2417 Titus
791 2353 953 2418 Labienus
974 2353 1090 2438 prodit,

134 2439 291 2504 submissa
313 2439 453 2504 oratione
473 2438 504 2503 lo
526 2440 559 2502 ui
581 2439 620 2519 de
664 2461 720 2504 ace
742 2449 836 2524 atque
859 2439 1004 2504 altercari
1019 2459 1090 2502 cum

134 2525 261 2590 Vatinio
284 2525 403 2610 incipit.
427 2461 568 2602 Quodn
583 2547 634 2589 me
659 2527 721 2588 'am
736 2526 911 2589 orationem
924 2527 1089 2588 interrum-

133 2622 213 2696 punt
234 2610 337 2674 subito
358 2607 498 2695 undique
512 2610 577 2674 tela
596 2612 750 2674 immissa:
773 2631 855 2695 quae
875 2610 930 2674 ille
946 2610 1089 2675 obtectus

135 2699 230 2760 armis
252 2696 386 2760 militum
399 2697 523 2776 vitavit3
545 2696 752 2762 vulnerantur
773 2706 879 2760 tamen
901 2695 1088 2781 complures,

133 2783 167 2844 in
195 2781 245 2844 bis
275 2780 440 2844 Cornelius
467 2781 605 2863 Balbus,
634 2781 678 2844 M.
700 2781 830 2863 Plotius,
857 2781 894 2844 L.
917 2781 1088 2861 Tiburtius,

135 2868 332 2939 centuriones
354 2865 531 2952 militesque
553 2867 706 2930 nonnulli.
730 2866 809 2930 Turn
832 2867 1008 2952 Labienus:
1024 2865 1087 2928 De·

135 2955 226 3018 sinite
255 2973 330 3036 ergo
360 2952 400 3015 de
429 2953 653 3037 compositione
679 2953 779 3038 loqui:
809 2975 883 3016 nam
909 2950 1000 3015 nobis
1028 2952 1089 3014 nisi

135 3037 280 3103 Caesaris
303 3039 405 3122 capite
425 3037 525 3102 relato
546 3059 609 3122 pax
630 3061 701 3104 esse
723 3037 811 3101 nulla
831 3046 944 3122 potest.

197 3125 248 3186 20.
270 3122 388 3186 lisdem
408 3123 601 3209 temporibus
623 3123 818 3189 M.·Ooelius
839 3123 938 3186 Rufus
960 3132 1088 3206 praetor

135 3231 231 3274 causa
253 3208 429 3272 debitorum
451 3219 597 3294 suscepta
615 3211 704 3274 initio
725 3211 928 3294 magistratus
949 3205 1089 3270 tribunal

135 3317 226 3359 suum
257 3295 346 3358 iuxta
382 3293 418 3358 O.
451 3294 599 3376 Treboni,
632 3297 785 3379 praetoris
821 3293 943 3372 urbani,
978 3291 1088 3356 sellam

136 3378 301 3444 collocavit
328 3390 368 3460 et,
399 3382 426 3444 si
448 3383 526 3465 ‘quis
556 3379 780 3466 appellavisset
808 3379 848 3442 de
871 3380 1088 3442 aestimatione

135 3475 166 3530 et
198 3465 238 3529 de
271 3464 487 3548 solutionibus,
521 3488 603 3553 quae
637 3488 695 3552 per
726 3465 879 3530 arbitrum
906 3463 1026 3552 fierent,
1054 3473 1088 3526 ut
