2562 3966
391 239 596 339 cornuta
618 241 711 307 ona.
735 239 871 329 ar-,aa
1047 237 1108 304 aas

153 409 248 478 modo
270 411 376 477 lacere
397 421 536 497 possent,
567 413 609 478 ad
638 435 710 478 eum
732 412 817 477 diem
837 421 1046 494 revertantur,
1079 417 1115 476 at

154 521 265 564 rursus
292 499 522 562 communicato
552 498 683 564 consilio
713 497 952 584 exploratisque
978 497 1116 561 hostium

154 582 329 648 rationibus
352 583 439 646 aliud
459 584 582 648 initium
606 583 682 648 belli
703 604 817 669 capere
838 583 977 669 possent.
1073 597 1075 604 ’

218 669 270 733 34.
292 669 380 750 Erat,
402 677 437 732 ut
459 691 554 755 supra
576 670 870 753 demonstravimus,
893 689 1005 733 manus
1028 677 1116 733 certa

120 803 125 814 .
155 754 253 836 nulla,
276 777 339 818 non
362 754 520 839 oppidum,
543 777 607 820 non
629 753 832 840 praesidium,
856 754 940 841 quod
962 775 997 818 se
1020 755 1115 818 armis

152 839 349 922 defenderet,
377 839 488 904 sedin
510 861 619 904 omues
640 849 746 926 partes
774 839 918 925 dispersa
938 837 1116 904 multitudo.

154 925 220 990 Ubi
242 927 355 1012 cuique
377 924 552 990 aut·valles
574 925 682 990 abdita
703 935 757 990 aut
778 925 865 990 locus
888 923 1041 989 silvestris
1063 934 1118 989 aut

155 1009 247 1097 palus
275 1010 433 1097 impedita·
463 1033 552 1096 spem
579 1011 729 1096 praesidii
757 1019 810 1074 aut
839 1011 950 1076 salutis
978 1010 1117 1096 aliquam

157 1095 317 1178 offerebat,
341 1095 535 1162 consederat.
577 1097 670 1176 Haec
696 1096 766 1161 loca
786 1095 1002 1161 vicinitatibus
1025 1103 1117 1161 erant

156 1191 241 1264 nota
263 1181 474 1268 magnamque
499 1204 552 1246 res
580 1181 635 1245 dili
659 1183 775 1245 entiam
796 1181 977 1268 requirebat
998 1203 1062 1246 non
1083 1183 1118 1244 in

158 1289 281 1331 summa
303 1269 460 1332 exercitus
487 1267 605 1332 tuenda
635 1204 769 1354 dnullum
791 1270 876 1333 enim
904 1276 1028 1354 poterat
1048 1267 1118 1331 umi-

157 1354 259 1417 versis
274 1351 315 1416 ab
335 1353 509 1438 perterritis
529 1375 567 1418 ac
581 1352 730 1439 dispersis
750 1351 926 1439 periculum
949 1351 1117 1439 accidere),

158 1438 216 1504 sed
243 1439 276 1502 in
305 1437 437 1524 singulis
466 1435 619 1502 militibus
646 1438 883 1520 conservandis3
907 1461 989 1525 quae
1010 1448 1118 1502 tamen

159 1535 311 1609 exparte
333 1545 384 1587 res
407 1523 448 1588 ad
470 1522 604 1587 salutem
626 1526 782 1588 exercitus
803 1523 991 1624 pertinebat.
1035 1523 1119 1587 Nam

159 1619 191 1673 et
223 1607 360 1694 praedae
395 1607 548 1694 cupiditas
581 1609 695 1674 multos
727 1609 868 1694 longrus'
887 1607 1055 1692 evocabat,
1087 1617 1119 1672 et

160 1694 260 1759 silvae
281 1695 411 1759 incertis
439 1693 633 1780 occultisque
661 1693 829 1759 itineribus
852 1693 1008 1759 confertos
1030 1693 1118 1758 adire

158 1778 379 1866 prohibebant.
403 1777 438 1844 Si
449 1783 610 1864 negotium
623 1779 736 1844 eonlici
751 1781 941 1866 stirpemque
956 1779 1117 1864 hominum

160 1865 384 1930 sceleratorum
399 1865 534 1930 interfici
548 1865 653 1948 vellet,
666 1865 871 1930 dimittendae
885 1863 993 1951 plures
1005 1883 1118 1928 manus

161 1951 394 2037 diducendique
424 1961 512 2015 erant
539 1950 672 2034 milites3
703 1953 731 2014 si
759 1953 919 2015 continere
954 1949 996 2014 ad
1027 1951 1119 2034 signa

160 2036 338 2122 manipulos
365 2036 476 2118 vellet,
506 2045 542 2101 ut
573 2038 717 2100 instituta
748 2037 826 2100 ratio
862 2046 893 2100 et
924 2035 1118 2100 consuetudo

161 2123 320 2188 exercitus
341 2121 476 2187 Romani
496 2121 686 2208 postulabat,
709 2121 798 2187 locus
820 2123 888 2208 ipse
911 2131 979 2186 erat
1000 2120 1118 2207 praesi-

161 2208 215 2273 dio
243 2207 404 2289 barbaris,
440 2230 544 2294 neque
574 2231 615 2273 ex
645 2207 767 2273 occulto
794 2207 963 2272 insidiandi
996 2216 1027 2270 et
1056 2205 1118 2270 dis-

161 2315 272 2380 persos
294 2293 562 2358 circumveniendi
591 2293 722 2379 singulis
752 2293 860 2358 deerat
888 2293 1031 2358 audacia.
1075 2291 1120 2356 Ut

161 2381 194 2444 in
217 2379 370 2444 eiusmodi
387 2378 631 2461 difficultatibus,
660 2388 810 2466 quantum
832 2378 995 2464 diligentia
1016 2373 1120 2464 provi-

162 2464 231 2530 deri
252 2475 383 2550 poterat,
406 2464 639 2551 providebatur,
662 2473 697 2529 ut
717 2467 821 2550 potius
843 2466 877 2527 in
898 2463 1041 2529 nocendo
1063 2463 1120 2528 ali·

162 2550 240 2637 quid
260 2552 581 2635 praetermitteretur,
610 2552 670 2616 etsi
696 2551 834 2614 omnium
860 2550 957 2612 animi
979 2549 1020 2612 ad
1041 2549 1118 2614 ulci-

162 2636 315 2700 scendum
336 2635 498 2718 ardebant,
528 2657 622 2784 pram
645 2658 715 2699 cum
745 2635 848 2783 aliquo
871 2634 1004 2699 militurn
1026 2633 1120 2700 detri-

162 2731 268 2786 mento
306 2731 484 2786 noceretur.
567 2722 673 2785 imittit
715 2719 755 2784 ad
816 2721 941 2784 nitimas
976 2721 1120 2784 civitates

162 2807 289 2870 nuntios
317 2805 451 2870 Caesar:
475 2829 584 2871 omnes
607 2806 648 2870 ad
670 2829 704 2870 se
726 2816 819 2871 vocat
841 2827 897 2906 spe
917 2805 1058 2891 praedae
1079 2803 1121 2870 ad

163 2891 356 2977 diripiendos
384 2891 562 2975 Eburones,
592 2900 627 2954 ut
666 2893 754 2956 'otius
780 2893 814 2954 in
841 2891 928 2976 srlvis
957 2890 1122 2956 Gallorum

162 2978 230 3042 vita
259 2998 353 3061 quam
385 2977 576 3063 legionarius
612 2914 702 3041 miles
735 2976 938 3063 periclitetur,
967 2976 1060 3040 simul
1086 2983 1122 3039 ut

163 3085 280 3148 magna
300 3060 499 3127 multitudine
521 3062 711 3127 cnoumfusa
729 3085 786 3148 pro
801 3061 858 3126 tali
872 3062 1011 3126 facinore
1026 3061 1121 3146 stirps

164 3170 203 3212 ae
224 3169 340 3213 nomen
363 3148 498 3212 civitatis
520 3148 657 3212 tollatur.
693 3149 829 3233 Magnus
851 3147 991 3233 undique
1012 3167 1121 3210 nume-

163 3255 217 3297 rus
240 3232 385 3300 celeriter
406 3235 563 3298 convenit.

227 3317 279 3382 35.
301 3317 392 3383 Haec
413 3320 447 3382 in
477 3319 622 3384 omnibus
650 3318 836 3384 Eburonum
864 3316 1006 3402 partibus
1029 3338 1122 3402 gerc-

164 3404 290 3486 bantur,
314 3403 446 3493 diesque
475 3404 645 3490 appetebat
674 3405 835 3490 septimus,
859 3423 952 3488 quem
975 3401 1016 3466 ad
1038 3401 1123 3466 diem

164 3488 285 3574 Caesar
307 3488 348 3554 ad
374 3489 600 3576 impedimenta
626 3489 846 3575 legionemque
867 3488 987 3554 reverti
1009 3486 1122 3552 consti·
