2562 3970
388 255 522 320 OOMM.
545 256 561 319 I
585 255 677 320 OAP.
693 256 837 320 ‘48—‘5a
1050 255 1091 318 29

196 427 248 492 49.
265 426 315 491 'At
337 429 496 492 exercitus
518 427 794 492 Afraniomnium
815 450 922 494 rerum
950 426 1092 492 abunda-

132 512 189 576 bat
211 516 310 599 copia.
333 511 467 576 Multum
490 523 558 578 erat
578 514 769 578 frumentum
790 516 954 599 provisum
969 523 1000 578 et
1015 535 1092 579 cou-

132 609 261 662 vectum
294 597 511 683 superioribus
545 599 748 684 temporibus,
782 598 917 664 multum
943 599 1093 664 exomni

134 685 589 769 provinciacomportabatur;
622 707 738 771 magna
764 687 855 770 copia
887 685 1091 772 pabulisup-

134 768 271 853 petebat
304 768 428 833 Harum
458 771 596 833 omnium
619 793 725 834 rerum
746 770 912 835 facultates
936 772 1004 836 sine
1025 772 1091 836 ullo

134 854 275 938 periculo
296 877 376 940 pons
398 855 523 920 Ilerdae
567 855 720 920 racbebat
742 856 951 922 etlooatrans
974 857 1094 922 flumen

133 941 265 1025 integra,
290 963 351 1026 quo
375 941 506 1004 omnino
525 879 646 1005 (ldesar
668 942 757 1006 adire
778 965 844 1007 non
864 952 999 1028 poterat.

197 1025 249 1110 50.Ι
264 1025 337 1089 Hae
351 1037 595 1110 permanserunt
610 1047 711 1114 aquae
727 1027 794 1092 dies
809 1028 999 1113 complures.
1029 1028 1089 1094 Oo-

133 1120 225 1174 natus
249 1121 297 1174 est
320 1110 440 1176 Caesar
455 1112 588 1176 reficere
602 1123 732 1198 pontes:
756 1113 813 1177 sed
828 1136 889 1177 nec
908 1114 1092 1198 magnitudo

133 1195 273 1262 fluminis
295 1197 509 1282 permittebat,
532 1221 636 1284 neque
659 1199 700 1262 ad
721 1200 749 1272 ri
773 1221 824 1264 am
846 1199 1018 1284 dispositae
1040 1224 1092 1266 co-

133 1283 240 1347 hortes
263 1283 516 1348 adversariorum
537 1284 648 1370 perfici
669 1223 887 1369 patiedantum
918 1286 1003 1370 quod
1029 1286 1092 1350 illis

133 1368 306 1453 prohibere
329 1379 399 1432 erat
419 1369 511 1435 facile
545 1392 642 1455 quum
674 1372 775 1456 ipsius
806 1370 945 1434 fluminis
978 1383 1093 1436 natura

133 1461 233 1542 atque·
252 1475 354 1540 aquae
387 1455 612 1540 magnitudine,
646 1465 714 1520 tum
748 1456 833 1542 quod
855 1479 897 1520 ex
918 1459 992 1521 totis
1014 1459 1092 1543 ripis

132 1541 166 1603 in
186 1562 286 1604 unum
318 1550 413 1627 atque
447 1550 616 1624 angustum
647 1541 752 1606 locum
784 1541 849 1606 tela
879 1542 1091 1627 iaciebantur3

133 1635 228 1713 atque
251 1635 319 1691 erat
341 1625 470 1691 difficile
493 1627 605 1692 eodem
637 1636 779 1713 tempore
811 1628 1011 1713 rapidissimo
1034 1629 1092 1694 flu·

132 1712 217 1774 mine
239 1733 336 1797 opera
357 1713 512 1798 perficere
535 1722 567 1777 et
587 1713 652 1777 tela
672 1715 784 1777 vitare.
843 1790 845 1794 y

197 1796 248 1860 51.
271 1797 441 1862 Nuntiatur
473 1797 606 1863 Afranio
639 1820 772 1884 magnos
802 1808 1004 1879 commeatus,
1039 1801 1093 1885 qui

131 1883 194 1948 iter
215 1881 375 1947 habebant
405 1884 445 1948 ad
468 1882 648 1966 Caesarem,
683 1885 724 1948 ad
752 1883 870 1948 flumen
903 1886 1092 1950 constitisse.

133 1967 297 2031 Venerunt
334 1991 371 2032 eo
408 1970 563 2054 sagittarii
608 1992 649 2033 ex
685 1969 834 2051 Rutenis,
887 1972 1009 2057 equites
1052 1994 1092 2034 ex

133 2052 240 2118 Gallia
269 2075 340 2117 cum
362 2054 469 2118 multis
502 2057 603 2119 carris
631 2059 818 2141 magnisque
848 2056 1092 2141 impedimentis,

132 2147 167 2202 ut
188 2139 250 2203 fert
272 2138 396 2204 Gallica
418 2141 622 2205 consuetudo.
645 2141 748 2206 Erant
758 2152 924 2227 praeterea
939 2145 1029 2206 ouius
1052 2165 1092 2208 ue

130 2227 261 2310 generis
283 2225 446 2290 hominurn
468 2227 557 2290 milia
579 2227 704 2291 circiter
725 2236 763 2289 Vl
786 2249 857 2291 oum
888 2229 990 2293 servis
1013 2167 1092 2292 lilae-

128 2311 254 2395 'risque3
288 2311 346 2376 sed
367 2310 472 2375 nullus
496 2312 583 2394 ordo,
616 2312 739 2377 nullum
771 2315 938 2399 imperium
960 2324 1091 2396 certum,

132 2418 229 2482 quum
251 2419 308 2461 suo
338 2400 475 2484 quisque
505 2397 637 2463 oonsilio
669 2409 820 2481 uteretur,
854 2409 949 2485 atque
983 2422 1092 2464 omnes

132 2483 200 2545 sine
222 2483 334 2546 timore
356 2485 418 2547 iter
439 2483 583 2548 facerent
604 2485 655 2547 usi
688 2487 886 2570 superiorum
914 2494 1092 2572 temporum

132 2570 227 2653 atque
259 2569 409 2632 itinerum
439 2568 578 2634 licentia.
617 2569 725 2633 Erant
754 2570 934 2657 complures
967 2571 1092 2636 honesti

132 2652 360 2736 adolescentes,
398 2663 582 2720 senatorum
614 2655 673 2720 filii
703 2665 734 2720 et
767 2656 1092 2740 ordinis1euestris3

132 2748 223 2802 erant
254 2739 429 2824 legationes
462 2741 641 2822 civitatum3
682 2750 773 2805 erant
805 2741 903 2826 legati
933 2679 1090 2806 &cesaria

132 2823 201 2888 Hos
224 2847 333 2890 omnes
355 2825 487 2890 flumina
509 2826 722 2890 continebant.
756 2827 809 2890 Ad
831 2827 888 2891 hos
912 2829 1091 2912 opprimen-

131 2907 188 2974 dos
211 2933 283 2974 cum
305 2913 391 2974 omni
413 2913 554 2997 equitatu
575 2911 775 2998 tribunisque
798 2913 976 2999 legionibus
998 2913 1090 2976 Aira-

130 2996 202 3059 nius
225 2995 265 3059 de
288 3006 380 3060 nocte
402 2997 613 3082 proficiscitur
635 2998 917 3085 imprudentesque
933 3009 1006 3062 ante
1017 2998 1091 3061 mis-

123 3081 174 3144 sis
197 3081 355 3168 equitibus
378 3084 570 3168 aggreditur.
605 3082 760 3149 Celeriter
790 3107 861 3148 sese
882 3094 989 3148 tamen
1005 3081 1092 3148 Galli

130 3168 252 3251 equites
275 3167 446 3252 expediunt
467 3167 686 3255 proeliumque
709 3171 915 3233 committunt.
948 3169 986 3251 Ii,
1015 3167 1090 3232 dmn

129 3253 200 3337 pari
222 3254 394 3317 certamine
416 3255 558 3340 res-geri
579 3256 691 3339 potuit,
714 3277 865 3340 magnum
880 3255 1018 3318 hostimn
1032 3275 1090 3318 nu-

123 3345 253 3401 merum
269 3340 369 3425 ‚pauci
391 3341 587 3422 sustinuere;
622 3340 688 3422 sed,
721 3338 777 3404 ubi
805 3342 897 3425 signa
928 3339 1090 3425 legionum

122 3425 385 3510 'appropinquare
408 3434 588 3574 coeperunt,
611 3427 721 3574 ppucis
744 3426 868 3490 amissis
885 3447 955 3489 sese
970 3428 1004 3488 in
1018 3447 1090 3510 pro-

128 3511 232 3573 ximos
254 3519 376 3575 montes
400 3532 459 3576 oon
473 3520 574 3576 erunt.
645 3532 683 3576 oo
714 3532 842 3597 pugnae
874 3520 1001 3597 tempus
1023 3533 1089 3575 ma-
