2534 3970
363 197 498 264 COMM.
520 195 568 262 ΠΙ
591 197 682 264 CAP.
705 200 839 264 24-29.
1032 199 1073 266 67

126 370 279 454 cognosci
308 379 424 454 posset
469 369 550 432 Turn
579 390 656 437 vero
686 369 824 435 clamore
852 369 892 433 ab
923 393 961 434 ea
988 379 1077 455 parte

127 455 236 519 audito
259 455 361 518 nostri
381 454 601 538 redintegratis
624 453 759 537 viribus,
788 454 871 540 quod
892 456 1077 542 plerumque

127 541 161 602 in
184 560 241 624 spe
256 539 406 602 victoriae
422 538 564 603 accidere
580 542 752 622 consuevit,
775 541 876 604 acrius
892 544 1078 626 impugnare

129 636 312 708 coeperunt.
356 623 474 689 Hostes
500 623 639 710 undique
669 626 874 690 circumventi
903 625 1077 711 desperatis

128 709 275 774 omnibus
303 707 398 774 rebus
426 731 461 773 se
487 731 543 794 per
570 710 757 775 munitiones
787 710 922 774 deiicere
951 721 983 776 et
1003 710 1079 796 tuga

131 793 265 858 salutem
287 802 394 879 petere
416 793 628 858 intenderunt.
663 793 750 873 Quos
773 797 928 882 equitatus
948 797 1079 880 apertis-

131 880 218 942 simis
241 881 361 964 campis
384 889 582 944 consectatus
598 903 639 944 ex
652 879 772 944 milium
793 889 812 942 L
833 903 974 962 numero,
998 903 1078 966 quae

132 987 172 1028 ex
186 964 358 1050 Aquitania
372 963 525 1030 Cantabri
564 987 603 1029 ue
624 967 810 1031 convenisse
828 965 1000 1048 constabat,
1022 967 1079 1030 vix

130 1059 243 1136 quarta
261 1059 349 1135 parte
371 1049 483 1114 relicta
503 1073 556 1114 mu
569 1060 601 1114 ta
622 1060 713 1115 nocte
737 1073 770 1114 se
792 1052 824 1114 in
841 1061 944 1116 castra
957 1053 1078 1136 recipit

194 1135 246 1199 27.
290 1135 360 1198 Hac
382 1134 489 1200 audita
510 1157 616 1221 pugna
638 1137 775 1200 maxima
796 1159 869 1220 pars
890 1136 1078 1222 Aquitaniae

132 1242 202 1284 sese
226 1219 341 1285 Crasso
368 1220 488 1286 dedidit
515 1220 702 1306 obsidesque
729 1220 812 1286 ultro
834 1223 933 1303 misit3
983 1245 1024 1286 uo
1045 1223 1079 1286 in

131 1327 262 1370 numero
285 1305 410 1371 fuerunt
428 1305 578 1388 Tarbelli,
600 1305 810 1390 Bigerriones,
833 1306 956 1388 Ptianii,
1010 1329 1079 1371 oca·

130 1400 188 1472 tes,
211 1390 393 1475 Tarusates,
412 1390 568 1472 Elusates,
592 1390 699 1474 Crates,
719 1391 825 1473 Ausci,
849 1391 1009 1473 Garumni,
1033 1390 1079 1456 si-

131 1475 277 1558 buzates,
311 1474 498 1540 Cocosates:
531 1498 650 1563 paucae
679 1474 806 1540 ultimae
835 1479 977 1540 nationes
992 1551 993 1556 ¹
1007 1477 1080 1540 anni

131 1569 272 1708 tempore
299 1559 452 1644 confisae,
477 1560 571 1646 ¹quod
592 1561 691 1626 hiems
715 1561 856 1644 suberat,
890 1561 950 1625 hoc
976 1561 1079 1626 facere

129 1669 194 1732 neg
206 1655 348 1712 exenmt.

195 1731 247 1795 28.
269 1730 392 1794 Eodem
407 1730 472 1794 iere
488 1741 628 1817 tempore
640 1729 766 1814 Caesar,
784 1733 843 1797 etsi
856 1753 956 1817 prope
970 1743 1081 1797 exacta

131 1818 195 1880 iam
206 1825 309 1880 aestas
322 1825 397 1897 erat,
410 1825 525 1898 tamen,
538 1816 622 1901 quod
634 1818 718 1880 omni
731 1815 835 1880 Gallia
845 1826 956 1903 pacata
965 1817 1080 1881 Morini
1196 1834 1198 1845 '

130 1901 334 1987 Menapiique
356 1911 548 1987 supererant,
573 1903 626 1988 qui
645 1902 787 1969 inarmis
804 1911 909 1966 essent
922 1925 1024 1988 neque
1040 1903 1081 1968 ad

132 2009 205 2050 eum
219 2008 369 2071 umquam
383 1985 504 2072 legatos
520 1986 559 2050 de
574 2009 652 2071 pace
673 1989 840 2069 misissent,
865 1987 1034 2052 arbitratus
1048 1988 1082 2052 id

131 2070 251 2136 bellum
274 2070 419 2135 celeriter
435 2070 547 2136 confici
568 2094 661 2156 posse
683 2094 719 2135 eo
741 2074 913 2136 exercitum
935 2072 1081 2158 adduxit5

131 2159 187 2243 qui
208 2155 303 2240 longe
318 2155 381 2220 alia
401 2157 523 2222 ratione
546 2179 583 2220 ac
604 2156 718 2243 reliqui
733 2156 818 2222 Galli
836 2156 954 2223 bellurn
969 2181 1081 2244 gerere
1199 2215 1202 2228 .

133 2250 314 2328 coeperunt.
353 2241 435 2305 Nam
458 2242 542 2328 quod
563 2241 788 2326 intellegebant
809 2246 961 2307 maximas
983 2246 1080 2313 natio·

131 2349 199 2410 nes,
224 2349 305 2414 quae
324 2326 444 2413 proelio
461 2327 711 2405 contendissent,
734 2327 843 2414 pulsas
859 2340 1082 2416 superatasque

132 2434 203 2476 esse
245 2415 503 2499 continentesque
540 2412 636 2476 silvas
673 2435 710 2477 ac
746 2412 878 2498 paludes
914 2414 1081 2498 habebant,

132 2520 228 2564 cose
251 2519 370 2583 suaque
400 2499 505 2562 omnia
534 2498 738 2574 contulerimt.
783 2497 836 2562 Ad
865 2521 996 2584 quarum
1025 2501 1082 2564 ini·

131 2585 211 2646 tium
244 2581 395 2646 silvarum
430 2606 524 2669 quum
547 2583 665 2648 Caesar
693 2585 889 2670 pervenisset
916 2595 1082 2671 castraque

132 2669 255 2732 munire
278 2669 476 2750 instituisset,
510 2691 612 2755 neque
639 2669 736 2734 hostis
764 2669 890 2734 interim
918 2671 1004 2734 visus
1035 2693 1081 2734 es·

133 2762 195 2835 set,
226 2753 377 2837 dispersis
405 2754 439 2816 in
468 2776 561 2817 cere
589 2757 703 2819 nostris
736 2753 838 2820 subito
868 2777 909 2818 ex
938 2755 1082 2820 omnibus

155 2837 275 2901 artibus
303 2836 401 2900 silvae
432 2776 636 2903 evolaverunt
658 2841 743 2902 etin
775 2850 898 2904 nostros
931 2842 1081 2925 impetum

132 2861 284 2986 lecerunt.
337 2921 445 2987 Nostri
481 2922 625 2988 celeriter
657 2947 744 2990 arma
777 2933 927 3012 ceperunt
964 2947 1081 3011 eosque

132 3011 165 3072 in
195 3007 291 3071 silvas
318 3006 501 3092 repulerunt
523 3018 554 3071 et
576 3008 788 3095 compluribus
821 3009 991 3073 interfectis
1013 3008 1082 3074 lon·

167 3115 203 3156 us
239 3092 488 3177 impeditioribus
528 3092 605 3157 locis
650 3095 749 3158 secuti
786 3116 902 3180 paucos
939 3117 980 3157 ex
1016 3095 1080 3158 suis

155 3177 387 3264 eperdiderunt.
986 3235 988 3240 .

197 3262 248 3326 29.
285 3261 426 3347 Reliquis
448 3262 596 3348 deinceps
619 3263 730 3328 diebus
753 3262 872 3328 Caesar
894 3263 989 3328 silvas
1012 3287 1080 3330 eae-
1152 3305 1155 3310 ·

134 3347 209 3412 dere
231 3349 372 3428 instituit,
396 3355 427 3411 et
440 3369 480 3411 ne
496 3349 566 3433 quis
580 3349 753 3414 inermibus
768 3347 1080 3435 imprudentibusque

133 3431 284 3496 militibus
308 3431 347 3496 ab
370 3431 468 3498 latere
488 3434 622 3518 impetus
643 3435 712 3498 fieri
733 3444 850 3532 posset,
861 3455 997 3556 *omnem
1011 3457 1080 3500 earn

833 3538 854 3582 o
