2490 3974
442 254 586 320 onrur
610 257 743 322 u-ra
1007 213 1091 334 1811¹

105 423 262 488 lieitatem
283 423 391 490 Triari
413 426 698 513 detrimentumque
721 427 878 492 exereitus
901 427 1000 490 nostri
1016 449 1069 491 su-

103 509 287 594 perioribus
320 511 398 574 loeis
432 522 526 596 atque
559 512 726 577 itineribus
753 535 855 598 paene
881 513 1070 578 coniunctus

104 593 224 678 oppido
246 617 395 679 magnam
416 599 449 660 in
471 597 536 660 illis
569 599 711 683 partibus
744 598 841 662 habet
872 597 1068 662 nobilitatem

103 701 169 742 nee
190 679 288 745 multo
310 681 437 768 longius
458 682 585 748 milibus
600 705 752 768 passuum
766 691 802 746 111
818 683 909 747 abest
924 683 964 745 ab
979 681 1068 748 Zela.

103 763 204 828 Hune
226 764 333 832 loeum
354 767 537 832 Pharnaces
570 770 732 834 veteribus
764 778 967 854 paternorum
999 767 1069 832 feli-

104 851 191 912 eium
213 861 390 918 castrorum
412 854 538 920 refectis
561 855 709 940 operibus
724 855 822 940 copiis
838 855 904 918 suis
921 854 1066 918 omnibus

105 938 285 1020 oeeupavit,

174 1021 223 1085 73.
248 1021 368 1090 Caesar
401 1047 498 1110 quum
534 1025 574 1089 ab
610 1025 701 1090 hoste
737 1024 823 1090 milia
858 1047 1009 1111 passuum
1040 1034 1065 1086 V

106 1115 216 1170 eastra
235 1110 394 1192 posuisset
415 1111 602 1197 videretque
625 1133 678 1174 eas
701 1111 811 1194 valles,
840 1110 953 1197 quibus
979 1111 1069 1196 regia

106 1200 215 1256 eastra
237 1194 442 1279 munirentur,
467 1196 579 1262 eodem
600 1196 767 1262 intervallo
798 1219 856 1261 sua
877 1206 980 1260 eastra
1001 1216 1068 1261 mu-

105 1277 239 1360 nituras,
263 1281 290 1342 si
311 1280 404 1346 modo
427 1303 466 1346 ea
480 1281 550 1346 looa
565 1281 671 1346 hostes
687 1285 808 1368 priores
824 1303 887 1346 non
899 1283 1066 1366 cepissent,

106 1383 190 1447 quae
223 1363 322 1430 multo
351 1377 441 1432 erant
472 1369 621 1452 propiora
649 1370 735 1453 regis
769 1369 890 1448 eastris,
918 1388 1067 1453 aggerem

106 1451 299 1533 comportari
319 1451 407 1516 iubet
421 1455 505 1517 intra
526 1454 723 1518 munitiones.
748 1454 818 1531 Quo
839 1452 983 1518 celeriter
1005 1451 1067 1516 eol·

105 1529 171 1596 lato
215 1536 338 1600 roxima
359 1548 451 1603 noete
472 1537 583 1624 vigilia
605 1548 717 1624 quarta
731 1539 909 1626 legionibus
922 1537 1067 1602 omnibus

106 1637 191 1702 expe
216 1620 266 1682 'tis
302 1622 599 1710 impedimentisque
624 1626 791 1688 incastris
820 1624 939 1688 relictis
988 1623 1068 1686 rima

105 1700 305 1790 lucensque
332 1709 538 1793 opinantibus
565 1708 708 1774 hostibus
739 1732 809 1774 eum
838 1711 941 1794 ipsum
963 1646 1068 1773 lbeum

107 1791 202 1873 oepit,
225 1791 259 1854 in
281 1814 344 1878 quo
364 1793 564 1860 Mithridates
588 1795 761 1860 seeundum
782 1795 936 1881 proelium
955 1794 1067 1858 adver·

107 1895 163 1938 sus
185 1873 342 1941 Triarium
364 1879 494 1944 fenerat.
522 1881 595 1944 Hue
617 1903 743 1946 omnem
765 1889 992 1966 comportatum
1014 1900 1068 1977 ag·

106 1979 217 2045 geram
251 1984 291 2026 ex
325 1967 437 2030 eastris
471 1965 601 2030 servitia
633 1977 764 2052 agerent
795 1969 896 2050 iussit,
928 1989 970 2030 ne
1019 1983 1068 2027 ms

29 2059 44 2088 ·
108 2044 149 2108 ab
168 2067 264 2131 opere
283 2047 375 2114 miles
396 2047 583 2132 diseederet,
607 2075 703 2202 quum
725 2054 825 2138 spatio
847 2073 912 2117 non
933 1986 1069 2136 amplius

3 2207 4 2210 Ἴ
106 2151 258 2278 qassuum
286 2134 374 2200 mille
394 2137 545 2203 intereisa
565 2138 618 2202 val
632 2160 666 2202 es
688 2149 793 2202 eastra
819 2137 957 2202 hostium
988 2137 1068 2202 divi·

3 2229 4 2234 ’
131 2227 197 2279 eret
219 2217 259 2281 ab
282 2243 377 2306 opere
398 2224 525 2308 ineepto
548 2221 695 2288 Caesaris
718 2234 903 2288 castrorum.

175 2301 225 2366 74.
248 2303 441 2389 Pharnaces,
464 2331 560 2394 quum
574 2307 608 2374 id
622 2318 753 2394 repente
767 2310 869 2394 prima
883 2307 954 2372 lure
969 2309 1068 2374 anim·

2 2401 4 2477 J
108 2384 304 2470 advertisset,
327 2392 434 2477 copias
457 2415 531 2456 suas
547 2416 655 2458 omnes
685 2417 743 2480 pro
772 2394 883 2458 eastris
906 2395 1065 2458 instruxit.

109 2469 198 2548 Quas
220 2475 405 2561 interposita
433 2488 522 2544 tanta
547 2479 687 2544 looorum
715 2481 879 2566 iniquitate
902 2488 1064 2544 eonsuetu-

108 2555 182 2620 dine
195 2561 297 2644 magis
311 2563 500 2648 pervulgata
513 2564 642 2630 militari
656 2565 807 2630 credebat
817 2566 931 2628 instrui
946 2562 1066 2630 Caesar

106 2639 160 2706 vel
181 2642 223 2708 ad
245 2666 323 2730 opus
354 2671 446 2714 suum
474 2650 671 2732 tardandum,
694 2673 755 2738 quo
785 2650 891 2741 plures
914 2651 946 2712 in
969 2650 1066 2720 armis

107 2734 297 2815 tenerentur,
320 2733 373 2800 vel
395 2734 435 2800 ad
459 2738 699 2800 ostentationem
728 2744 836 2829 regiae
857 2741 1001 2821 fiduciae,
1023 2759 1065 2804 ne

3 2827 4 2834 ’
108 2818 277 2886 munitione
299 2827 400 2910 magis
423 2849 517 2912 quam
531 2850 627 2892 manu
650 2828 820 2894 defendere
842 2827 946 2892 loeum
967 2823 1066 2888 Phar·

4 2985 5 2990 ἵ
108 2922 203 2968 nares
224 2907 394 2975 videretur.
411 2912 517 2999 ltaque
540 2913 708 2989 deterritus
719 2937 784 2978 non
808 2921 863 2994 est,
887 2911 1082 2997 quominus.

108 2989 209 3070 prima
230 2994 299 3058 aeie
320 3018 377 3080 pro
399 2997 483 3061 vallo
505 3000 661 3064 instructa
673 3000 797 3085 reliqua
817 3021 890 3083 pars
906 2994 1065 3062 exereitus

108 3093 186 3173 opus
207 3076 336 3144 faceret
364 3083 408 3146 At
433 3083 615 3149 Pharnaces
643 3087 688 3150 im
710 3084 798 3148 uleus
828 3084 895 3148 sive
917 3081 978 3146 loei
999 3078 1066 3142 feli-

108 3167 199 3224 ertate
220 3162 289 3228 sive
318 3169 467 3254 auspiciis
490 3179 522 3233 et
542 3107 749 3254 religionibus
771 3170 928 3249 inductus,
952 3164 1065 3251 quibus

108 3240 344 3332 obtemperasse
367 3275 440 3325 eum
461 3265 572 3339 postea
594 3255 809 3336 audiebamus,
826 3256 893 3318 sive
907 3251 1066 3338 paucitate

108 3337 293 3419 nostrorum,
318 3341 372 3422 qui
392 3341 427 3403 in
441 3341 537 3403 armis
558 3351 657 3422 erant,
674 3351 843 3425 comperta,
866 3359 963 3424 quum
977 3355 1066 3400 more

109 3415 211 3496 operis
239 3423 416 3507 quotidiani
442 3447 592 3510 magnam
619 3425 706 3490 illam
736 3447 899 3490 servorum
926 3419 1065 3487 multitu·

109 3495 223 3586 dinem,
247 3530 328 3594 quae
357 3532 507 3597 aggerem
530 3511 685 3602 portabat,
714 3509 846 3574 militum
873 3528 944 3574 esse
966 3504 1064 3570 oredi-
