2562 3970
367 282 502 348 COMM.
524 283 557 348 H
578 283 673 349 OAP.
697 281 831 346 15-17.
1054 277 1095 342 st

139 464 212 521 sunt
233 454 305 519 usui
327 455 395 518 sine
417 454 754 541 periculosupportat.
789 455 944 520 Celeriter
966 472 1019 516 res
1042 451 1096 514 ad·

141 542 351 606 ministratur:
386 539 525 605 diuturni
557 539 675 605 laboris
716 541 938 606 detrimentum
970 536 1097 602 solertia

140 636 172 692 et
192 627 309 691 virtute
330 624 467 691 militum
487 626 578 691 brevi
598 627 830 692 resonoiliatur.
852 626 966 690 Portae
982 622 1096 709 quibus

137 711 216 778 loois
238 711 365 776 videtin
387 712 559 796 eruptionis
581 733 678 776 causa
698 715 843 777 in'muro
866 710 946 774 relin
969 716 1095 772 uuntur.

205 797 264 862 16..
278 796 373 876 Quod
393 796 449 862 ubi
470 797 756 881 hostes'viderunt,
779 819 826 879 ea,
850 817 930 882 quae
976 795 1007 858 ‘u
1028 793 1096 858 lon·

160 905 242 969 oque
270 883 371 968 spatio
392 883 482 947 refici
502 897 683 968 nonposse
706 892 897 969 sperassent,
922 901 1096 966 paucorum

160 969 261 1032 'erum
276 989 373 1054 opera
388 977 419 1032 et
434 966 543 1033 labore
565 969 609 1033 ita
629 969 757 1052 refecta,
781 978 815 1033 ut
826 967 931 1032 nullus
942 964 1096 1052 perfidiae

137 1075 243 1139 neque
266 1053 423 1138 emptioni
444 1052 534 1119 loeus
557 1059 647 1118 esset
671 1077 733 1118 neo
765 1056 936 1140 quiequam
967 1051 1096 1117 omnino

136 1139 380 1225 relinqueretur,
404 1161 468 1224 qua
490 1147 545 1204 aut
565 1141 599 1203 vi
620 1139 773 1204 militibus
795 1148 850 1203 aut
863 1139 931 1223 igni
945 1136 1096 1228 operibus

85 1264 87 1268 -
137 1225 247 1290 nooeri
264 1233 393 1310 posset,
429 1225 604 1313 eodemque
640 1225 787 1311 exemplo
825 1225 964 1288 sentiunt
998 1229 1096 1286 totam

138 1309 260 1392 urbem,
291 1311 417 1395 quasit
439 1310 542 1375 aditus
572 1310 613 1376 ab
644 1320 738 1394 terra,
772 1331 861 1374 muro
893 1306 1096 1392 turribusque

139 1396 300 1459 oiroumiri
320 1417 424 1480 posse,
448 1398 496 1461 sic
516 1405 552 1461 ut
572 1397 650 1482 ipsis
673 1395 866 1462 consistendi
887 1395 921 1458 in
942 1393 1008 1458 suis
1030 1413 1096 1456 mu·

136 1480 310 1546 ultionibus
332 1480 420 1546 loeus
442 1504 507 1547 non
537 1491 630 1564 esset,
654 1504 751 1568 quum
772 1503 874 1567 paene
895 1477 1097 1543 inaedifioata

138 1567 173 1629 in
194 1568 292 1632 muris
315 1566 356 1630 ab
385 1570 528 1632 exercitu
559 1574 669 1632 nostro
702 1569 827 1631 moenia
852 1565 1036 1631 viderentur
1058 1584 1097 1628 se

139 1649 239 1716 telum
270 1673 367 1716 mann
399 1654 616 1736 ooniioeretur,
650 1674 840 1739 suorumque
869 1657 1096 1714 tormentorum

139 1758 241 1820 usum,
264 1737 379 1822 quibus
400 1740 462 1824 ipsi
476 1761 592 1824 magna
607 1739 830 1824 sperauissent,
847 1737 947 1822 spatio
969 1757 1026 1820 pro
1049 1735 1096 1797 in·

137 1823 266 1909 quitatis
277 1825 407 1888 interire
418 1825 551 1910 parique
562 1820 740 1889 conditione
753 1847 794 1888 ex
808 1845 897 1888 muro
910 1843 948 1884 ao
957 1756 1096 1884 turribus

138 1906 281 1972 bellandi
298 1908 376 1973 ¹(iata
398 1931 433 1974 se
453 1911 570 1975 virtute
585 1911 699 1975 nostris
722 1909 901 1995 adaequare
922 1928 987 1970 non
1000 1926 1096 1991 posse

136 1992 335 2079 intellegunt,
359 1995 400 2059 ad
422 1995 550 2060 easdem
580 1995 749 2060 deditionis
772 1993 968 2060 conditiones
989 2012 1096 2057 reoru-
1207 2042 1213 2052 s

136 2089 253 2229 mil.
274 2165 318 2229 M.
340 2165 441 2230 Varro
461 2167 495 2230 in
509 2165 658 2231 ulteriore
681 2167 836 2252 Hispania
850 2163 938 2229 initio
961 2184 998 2227 oo
1044 2161 1096 2225 itis
1144 2196 1146 2200 ·

7 2259 19 2268 “
137 2249 177 2313 iis
198 2249 306 2334 robus,
330 2273 410 2336 quae
434 2260 506 2316 sunt
527 2252 561 2315 in
581 2252 675 2316 Italia
695 2262 813 2337 gestae,
837 2249 983 2314 diffidens
1032 2270 1096 2313 om·

136 2337 260 2420 peianis
292 2337 389 2400 rebus
422 2337 611 2402 amicissime
644 2336 685 2401 de
718 2336 857 2402 Caesare
889 2332 1095 2420 loquebatur:

138 2431 401 2507 praeoccupatum
417 2445 486 2487 sese
508 2421 667 2508 legatione
682 2421 722 2486 ab
739 2421 798 2487 On.
820 2421 980 2506 Pompeio,
995 2418 1097 2484 teneri

139 2504 325 2571 obstrictum
352 2507 431 2591 fide3
460 2507 726 2572 necessitudinem
754 2507 882 2592 quidem
909 2504 970 2570 sibi
997 2503 1096 2567 nihilo

137 2592 293 2659 minorem
336 2615 408 2657 oum
431 2591 574 2658 Caesare
596 2592 804 2676 intercedere,
826 2611 929 2678 neque
952 2613 986 2654 se
1008 2589 1096 2674 igno-

138 2698 219 2759 rare,
254 2677 339 2763 quod
375 2689 458 2742 esset
491 2679 629 2742 officium
662 2677 775 2764 legati,
813 2679 867 2764 qui
888 2676 1097 2761 ,fiduciariam

120 2783 268 2846 ,operam
300 2763 464 2846 obtineret,
493 2785 575 2848 quae
605 2765 692 2828 vires
725 2786 811 2848 suae,
842 2783 922 2849 quae
949 2760 1096 2825 voluntas

139 2868 215 2932 erga
227 2847 399 2914 Caesarem
409 2851 504 2914 totius
515 2850 708 2950 provinciae.
720 2849 811 2914 Haeo
822 2848 967 2913 omnibus
976 2844 1098 2910 ferebat
1220 2882 1223 2894 ·

139 2933 337 2998 sermonibus
348 2957 451 3021 neque
467 2957 502 3000 se
515 2957 550 2998 1n
561 2933 659 2998 ullam
673 2943 795 3020 partem
807 2934 965 2999 movebat.
981 2932 1097 2994 Postea

137 3039 223 3101 vero,
240 3041 335 3104 quum
351 3019 522 3084 Caesarem
536 3019 578 3082 ad
592 3019 768 3085 Massiliam
782 3021 915 3084 detineri
937 3015 1094 3101 cognovit,

138 3105 244 3189 copias
270 3106 387 3171 Petreii
408 3126 481 3169 oum
502 3105 643 3169 exercitu
665 3103 789 3170 Afranii
810 3127 881 3170 esse
903 3104 1095 3182 ooniunotas,

137 3209 254 3274 magna
275 3190 395 3256 auxilia
422 3195 620 3275 conuenisse,
636 3215 754 3277 magna
776 3215 847 3257 esse
874 3193 909 3253 in
930 3209 986 3274 spe
1000 3195 1095 3271 atque

139 3277 314 3360 exspeotari
341 3285 372 3344 et
401 3281 581 3346 consentire
611 3300 738 3345 omnem
764 3279 941 3344 citeriorem
969 3272 1095 3358 provin·

140 3361 222 3424 eiam
254 3383 396 3451 quaeque
428 3377 539 3452 postea
572 3367 762 3450 aesiderant,
796 3363 836 3428 de
867 3359 1022 3444 angustiis
1054 3354 1097 3420 ad

138 3441 275 3510 ilerdam
296 3450 344 3513 rei
357 3449 591 3536 frumentariae,
610 3451 741 3538 aooepit,
758 3457 853 3536 atque
873 3445 952 3511 haee
967 3444 1006 3509 ad
1023 3463 1096 3507 eum
