2562 3970
446 945 844 1129 orumcnssnars
905 1143 908 1148 Ι

267 1175 374 1286 llE
427 1172 691 1286 BELLtl
746 1169 1007 1282 Clll'llrl

294 1362 695 1464 ''connnnusnws
718 1359 968 1425 SECUNDUS.
1047 1355 1061 1408 s
1116 1459 1120 1466 .

564 1537 727 1558 -n-'u—-u--n
742 1541 746 1548 ,

192 1611 195 1616 ’
438 1638 852 1694 incensurum,

167 1761 205 1826 [A.
216 1763 248 1814 U.
260 1761 288 1810 O.
300 1763 367 1826 705]
387 1761 534 1824 Trebonius
552 1759 732 1809 Massilienses
751 1773 902 1824 oppugnare
920 1757 1006 1822 pergit
1024 1773 1045 1809 e.
1066 1761 1091 1810 1,·
1104 1761 1128 1820 2,

201 1830 296 1894 quibus
324 1831 436 1879 animum
463 1829 536 1877 addit
553 1827 583 1878 L.
602 1825 740 1876 Nassidius
760 1830 817 1875 cum
836 1826 920 1876 classe
937 1825 964 1873 in
984 1826 1131 1876 subsidium

201 1899 295 1946 missus
315 1913 336 1948 c.
355 1899 421 1947 3.·4.
441 1895 537 1945 Navali
563 1895 664 1958 proelio
688 1895 803 1958 superati
821 1910 842 1942 c.
862 1895 930 1943 s-7
956 1897 981 1942 et
999 1899 1083 1944 bures
1103 1907 1129 1944 et

201 1965 335 2014 machinas
354 1965 387 2013 ab
406 1963 537 2012 Trebonio
560 1965 588 2010 in
614 1978 702 2011 muros
730 1966 874 2010 exstructas
900 1962 998 2010 frustra
1025 1961 1129 2012 diruere

201 2033 288 2081 conati
306 2048 326 2081 c.
346 2033 430 2081 8-11
461 2030 641 2080 Massilienses
666 2030 784 2078 inducias
802 2033 893 2093 petunt
911 2037 932 2078 e.
953 2030 993 2090 12,
1014 2031 1053 2089 13,
1081 2031 1129 2078 im-

199 2104 314 2163 petratas
342 2100 477 2163 eruptione
503 2098 572 2146 facta
600 2097 707 2157 violant,
741 2097 865 2146 Trebonii
891 2112 971 2160 opera
998 2097 1130 2150 disiieiunt

199 2182 221 2217 c.
241 2169 281 2216 14.
300 2167 335 2215 At
353 2166 474 2230 operibus
494 2182 592 2215 summo
610 2165 720 2213 rnilitum
739 2165 824 2214 studio
843 2165 946 2214 refectis
965 2179 986 2212 c.
1006 2166 1038 2213 15
1056 2166 1128 2214 ineo·

201 2234 243 2282 lae
260 2236 343 2283 territi
361 2235 394 2284 ad
412 2233 516 2282 easdem
535 2233 673 2282 deditionis
702 2232 862 2282 conditiones
891 2238 1026 2281 recurrunt
1044 2248 1065 2281 c.
1086 2235 1126 2284 16.

201 2302 304 2350 Interea
322 2303 358 2353 M.
377 2303 461 2351 Varro
480 2301 597 2349 ulteriori
613 2301 756 2364 Hispaniae
775 2301 807 2348 ab
825 2301 949 2364 Pompeio
972 2300 1128 2364 praefectus,

201 2370 311 2433 cognitis
331 2370 441 2433 quaein
460 2369 536 2418 Italia
554 2373 644 2432 gestae
662 2373 750 2418 essent
767 2368 844 2418 rebus
863 2369 890 2416 in
908 2369 1044 2416 amicitiam
1064 2368 1128 2418 Gae-

203 2437 269 2486 saris
286 2437 401 2497 inclinat,
421 2437 514 2485 deinde
531 2437 577 2485 ubi
589 2452 647 2484 enm
659 2436 693 2486 ad
705 2435 850 2486 Massiliam
868 2436 978 2485 detineri
996 2437 1128 2502 comperit,

203 2504 331 2553 delectum
348 2510 403 2553 tota
420 2505 556 2568 provincie
572 2503 658 2564 habet,
690 2503 866 2552 defensionem
884 2509 959 2567 parat
976 2519 997 2554 c.
1018 2505 1058 2554 17.
1078 2506 1128 2564 18;

203 2576 229 2620 at
247 2588 325 2635 quum
342 2572 420 2637 longe
438 2572 565 2635 plurimae
583 2573 701 2630 civitates
719 2587 735 2619 a
753 2572 877 2636 Pompeio
897 2571 1043 2631 deficerent,
1063 2571 1128 2622 an-

202 2640 255 2689 sari
272 2639 389 2704 legiones
409 2639 479 2688 dedit
498 2654 518 2687 c.
540 2641 578 2689 19.
598 2639 639 2689 20.
664 2639 840 2688 Concionibus
863 2641 972 2702 primum
990 2639 1128 2690 Cordubae

202 2707 296 2756 deinde
315 2709 462 2756 Tarracone
488 2707 583 2756 habitis
602 2707 699 2756 Caesar
717 2710 797 2756 totam
814 2707 868 2756 fere
895 2708 1055 2770 provinciam
1073 2709 1127 2758 suis

199 2776 316 2839 partibus
334 2775 464 2840 adiungit3
488 2774 548 2822 inde
566 2774 712 2824 Massiliam
733 2774 865 2838 profectus
883 2775 981 2824 Romae
1000 2791 1028 2824 se
1046 2775 1126 2824 dicta-

202 2849 285 2892 torem
303 2858 361 2892 esse
380 2844 474 2890 dictum
494 2843 618 2906 comperit
636 2857 657 2890 o.
676 2843 717 2890 21.
753 2841 845 2905 Itaque
872 2842 1081 2892 Massiliensibus
1100 2845 1127 2891 in

201 2911 357 2960 deditionem
376 2911 490 2972 acceptis
508 2910 616 2958 Romam
635 2909 702 2957 redit
720 2925 741 2961 e.
755 2911 795 2960 22.
815 2909 905 2958 sicilia
924 2915 1029 2974 recepta
1047 2909 1126 2960 Curio

199 2979 227 3025 in
244 2977 357 3026 Africam
376 2979 516 3026 exercitum
534 2978 683 3036 traiecerat3
710 2977 748 3026 ibi
765 2978 875 3041 primurn
892 2977 1002 3027 feliciter
1019 2977 1054 3026 ad
1071 2978 1128 3028 Uti-

142 3069 144 3074 ·
199 3061 257 3094 cam
275 3051 365 3094 contra
391 3047 488 3095 Varum
517 3046 644 3110 pugnavit
662 3060 682 3093 c.
702 3047 812 3106 23-37‚
842 3049 934 3109 postea
963 3045 1064 3110 proelio
1094 3047 1129 3095 ad

199 3113 347 3177 Bagradam
373 3118 469 3162 temere
493 3113 631 3162 commisso
650 3128 666 3162 a
684 3114 755 3162 Varo
775 3118 800 3162 et
819 3113 926 3174 Sabura,
953 3113 1039 3163 Jubae
1056 3115 1130 3178 regis

199 3182 339 3244 praefecto,
368 3185 505 3244 superatus
529 3185 554 3228 et
575 3180 727 3230 interfectus
753 3186 792 3230 est
809 3196 831 3232 c.
850 3183 959 3230 38-42.
989 3182 1129 3231 Exercitus

200 3248 326 3311 reliquiae
344 3248 480 3312 partimin
500 3247 615 3298 Siciliam
639 3263 667 3298 se
692 3253 851 3312 receperunt,
881 3250 974 3312 partim
1000 3250 1071 3300 Varo
1100 3267 1129 3300 se

201 3315 362 3376 dediderunt,
393 3317 445 3379 qui,
476 3316 613 3379 quominus
639 3331 734 3380 magna
760 3331 821 3381 pars
840 3316 872 3366 ab
890 3316 961 3366 Juba
983 3322 1129 3379 necaretur,

200 3383 326 3446 impedire
344 3383 460 3448 nequivit
479 3398 500 3432 c.
519 3385 560 3431 43.
579 3385 620 3432 44.
