2534 3970
191 244 234 309 oo
448 243 509 308 on
530 225 674 310 numo
697 232 887 310 eunuco

192 435 253 500 que
276 416 343 479 eius
366 415 520 497 omnibus,
544 437 623 501 quos
644 416 829 483 nominatim
849 425 1048 498 evocaverat,
1072 437 1145 480 con·

191 499 310 564 solatus
332 499 582 565 Indutiomarum
603 500 744 566 hortatus
766 523 807 564 ue
834 510 896 583 est,
919 503 965 566 uti
985 502 1019 564 in
1041 501 1146 568 officio

189 595 348 668 maneret,
367 584 467 650 nihilo
481 596 586 650 tamen
602 588 705 650 secius
720 608 740 671 p
792 587 820 650 ci
842 585 914 650 ibus
929 586 1144 650 Treverorum

191 669 232 733 ad
255 691 289 734 se
312 671 492 735 convocatis
526 669 584 736 hos
607 670 790 756 singillatim
813 607 1009 756 dingetorigi
1039 673 1143 735 conci-

189 754 295 836 liavit,
327 755 411 841 quod
439 778 537 842 quum
557 757 669 820 merito
700 757 767 820 eius
790 777 810 820 a
832 777 866 819 se
887 756 958 819 fieri
979 755 1142 839 intellege2

189 839 259 921 bat,
281 850 349 904 tum
371 842 478 925 magni
499 843 654 906 interesse
677 840 890 905 arbitrabatur
919 843 985 905 eius
1008 842 1141 904 auotori-

189 935 285 988 tatem
307 927 389 990 inter
411 947 485 991 suos
508 924 786 1012 quamplurimum
807 924 932 1006 valere,
966 927 1054 989 cuius
1076 938 1141 990 tam

189 1011 351 1095 egregiam
383 1012 417 1073 in
447 1033 481 1074 se
510 1011 704 1076 voluntatem
733 1011 956 1096 perspexisset.
1000 1010 1038 1074 Id
1070 1009 1142 1075 tulit

188 1095 304 1160 factum
331 1097 470 1180 graviter
499 1095 753 1177 Indutiomarus,
784 1117 872 1159 suam
899 1094 1031 1180 gratiam
1059 1098 1142 1161 inter

190 1201 263 1244 suos
286 1181 394 1262 minui,
418 1190 464 1264 et,
489 1182 543 1266 qui
563 1181 627 1244 iam
649 1190 722 1245 ante
743 1182 871 1244 inimico
900 1182 934 1244 in
955 1203 1012 1245 nos
1035 1182 1140 1245 animo

188 1265 309 1348 firisset,
332 1265 430 1330 multo
452 1268 579 1350 gravius
602 1266 661 1330 hoc
684 1265 792 1330 dolore
816 1267 944 1329 exarsit.

252 1351 281 1414 5.
305 1350 364 1414 His
386 1350 482 1414 rebus
504 1353 681 1416 constitutis
698 1349 817 1415 Caesar
838 1349 880 1414 ad
900 1357 1026 1435 portum
1044 1349 1141 1415 Itium

189 1458 261 1500 cum
288 1435 463 1516 legionibus
496 1437 649 1521 pervenit.
693 1436 742 1500 lbi
765 1438 926 1520 cognoscit
955 1443 1001 1496 LX
1028 1457 1140 1518 naves,

188 1543 269 1607 quae
291 1523 325 1584 in
339 1521 454 1585 Meldis
475 1521 578 1586 factae
600 1532 698 1604 erant,
720 1530 908 1606 tempestate
922 1522 1056 1586 reiectas
1071 1541 1140 1585 cur·

188 1629 257 1670 sum
279 1615 387 1670 tenere
415 1629 480 1672 non
500 1609 640 1692 potuisse
669 1616 762 1693 atque
785 1605 910 1690 eodem,
943 1606 1028 1670 unde
1050 1617 1140 1670 erant

186 1691 355 1776 profectae,
378 1694 563 1775 revertisse,
595 1692 734 1778 reliquas
763 1700 889 1776 paratas
918 1690 959 1754 ad
986 1692 1139 1776 navigan·

187 1777 263 1840 dum
285 1787 378 1863 atque
400 1776 545 1840 omnibns
567 1777 664 1841 rebus
681 1779 850 1840 instructas
864 1776 994 1840 invenit.
1016 1775 1140 1842 Eodem

187 1864 342 1948 equitatus
374 1864 469 1926 totius
507 1861 630 1927 Galliae
671 1863 818 1926 convenit
852 1883 982 1926 numero
1017 1861 1140 1926 milium

187 1956 333 2032 quattuor
361 1949 583 2034 principesque
616 1969 656 2010 ex
685 1946 830 2012 omnibus
861 1945 1060 2029 civitatibus5
1097 1969 1140 2012 ex

186 2033 301 2132 quibus
322 2053 509 2118 perpaucos,
534 2055 666 2118 quorum
690 2033 724 2095 in
746 2054 780 2096 se
802 2031 898 2096 fidem
919 2042 1138 2178 perspexerat,

185 2117 364 2202 relinquere
386 2117 420 2180 in
442 2116 563 2200 Gallia,
586 2117 725 2204 reliquos
758 2116 903 2181 obsidum
943 2137 999 2181 oco
1030 2138 1139 2181 secum

186 2201 302 2266 ducere
324 2202 517 2284 decreverat,
541 2201 634 2288 quod,
658 2225 754 2289 quum
769 2203 838 2287 ipse
854 2201 996 2283 abesset,
1018 2211 1139 2267 motum

187 2286 311 2352 Galliae
332 2286 511 2352 verebatur.

250 2373 279 2435 6.
302 2373 381 2437 Erat
402 2395 466 2437 una
488 2395 559 2436 cum
582 2374 695 2437 ceteris
717 2372 897 2436 Dumnorix
917 2371 1079 2453 Haeduus,
1097 2372 1138 2436 de

186 2480 247 2542 quo
270 2468 342 2524 ante
365 2456 404 2522 ab
426 2457 518 2522 nobis
541 2459 659 2523 dictum
681 2467 738 2523 est.
771 2457 865 2522 Hunc
889 2478 996 2521 secum
1018 2456 1138 2521 habere

184 2543 218 2605 in
239 2545 348 2628 primis
364 2545 577 2625 constituerat,
601 2543 685 2628 quod
700 2565 773 2607 eum
795 2542 943 2628 cupidum
957 2563 1065 2606 rerum
1082 2563 1138 2605 nc·

184 2649 305 2710 varum,
329 2628 477 2713 cupidum
497 2629 630 2715 imperii,
653 2631 760 2713 magni
778 2629 884 2710 animi,
906 2649 938 2691 m
1003 2649 1041 2692 ae
1055 2628 1138 2690 inter

186 2712 297 2777 Gallos
320 2715 514 2777 auctoritatis
537 2723 738 2798 cognoverat.
760 2711 945 2778 Accedebat
980 2734 1029 2794 uc,
1073 2711 1138 2778 uod

184 2800 218 2861 in
240 2798 373 2862 concilio
393 2799 598 2864 Haeduorum
619 2798 799 2864 Dumnorix
814 2798 938 2861 dixerat
952 2796 1013 2861 sibi
1027 2735 1137 2862 ailae·

186 2905 257 2947 sare
277 2905 412 2969 regnum
434 2885 570 2948 civitatis
592 2883 724 2966 deferri;
758 2883 842 2969 quod
869 2882 987 2947 dictum
1009 2881 1136 2946 Haedui

184 2969 325 3054 graviter
357 2968 501 3033 ferebant
533 2991 636 3056 neque
665 2968 832 3033 recusandi
862 2977 915 3031 aut
944 2965 1138 3053 deprecandi

185 3075 281 3117 causa
312 3053 435 3138 legatos
469 3053 511 3118 ad
538 3053 709 3118 Caesarem
737 3055 860 3117 mittere
888 3052 1055 3117 audebant.
1098 3051 1138 3116 Id

184 3138 302 3202 factum
335 3161 376 3202 ex
406 3139 471 3203 suis
493 3139 669 3225 hospitibus
692 3138 811 3205 Caesar
833 3147 1033 3223 cognoverat.
1077 3136 1138 3204 Ille

185 3223 453 3309 omnibusprimo
476 3223 624 3310 precibus
646 3233 755 3311 petere
774 3222 944 3306 contendit,
966 3232 1002 3286 ut
1015 3225 1049 3286 in
1062 3220 1137 3287 Gal·

183 3308 227 3372 lia
255 3309 499 3395 relinqueretur,
522 3311 652 3395 partim,
681 3309 766 3396 quod
791 3310 933 3372 insuetur
964 3307 1139 3392 navigandi

183 3417 270 3458 mare
303 3395 442 3477 timeret,
489 3396 580 3458 artim
592 3445 601 3476 ,
634 3395 720 3482 quod
752 3392 960 3477 religionibus
991 3392 1138 3478 impediri

185 3501 255 3544 sese
278 3479 406 3544 diceret.
477 3489 660 3565 osteaquam
689 3479 722 3543 id
749 3478 905 3544 obstinate
934 3478 995 3543 sibi
1026 3479 1138 3564 negari
