2532 3968
483 213 739 278 PRAEFATIO.
934 209 1080 276 XXXII!

129 398 257 461 reram,
279 391 415 451 omaitas
443 392 598 460 aduersis,
628 392 750 463 capuita
780 391 962 462 calamitate,
987 392 1081 450 iater-

124 476 207 551 secto
231 475 361 546 Correo,
386 478 494 535 amisso
517 479 650 549 equitata
672 482 702 535 et
718 477 896 549 fortissimis
914 479 1079 552 peditibus,

129 577 219 636 auum
234 564 396 622 aduentare
410 561 561 620 Romanos
577 563 784 620 existimarent
804 577 828 620 e.
853 578 880 634 a.
904 579 929 620 s.
964 556 1080 636 Quam·

129 663 224 728 quam
246 642 278 705 in
301 642 349 705 his
379 640 484 704 verbis
506 663 614 705 omnes
636 641 703 722 fere
732 639 804 705 libri
825 641 901 704 Mas.
925 642 1080 706 consenti·

127 737 200 810 unt,
230 736 336 792 tamen
364 727 420 790 vix
446 726 552 790 facere
577 727 694 812 possis,
725 727 801 812 quin
828 725 970 791 ordinem
995 735 1081 790 certe

129 811 338 878 ablativorum
366 810 491 875 illorum
516 833 701 896 perversum
723 811 892 876 existimes.
930 811 974 875 lis
997 811 1081 874 enim

129 919 210 986 quae
233 897 422 962 antecedunt
443 919 482 960 ea
500 903 578 975 suaa
595 905 709 978 paucis
737 911 825 976 atque
846 904 894 961 itis
915 904 1081 962 autumatis

128 993 275 1064 receptis,
298 983 402 1046 statim
417 981 651 1068 adiungendum
671 991 738 1046 erat
759 990 882 1060 ooaaita
904 991 1080 1060 calamitate,

129 1067 214 1132 hunc
243 1069 358 1132 deinde
387 1067 558 1131 ablativum
593 1069 684 1154 sequi
712 1067 872 1132 debebant
898 1069 936 1150 ii,
966 1066 1081 1154 quibus

129 1153 274 1240 singulae
296 1165 454 1239 tamqnam
470 1161 574 1238 partes
593 1153 738 1238 cognitae
752 1153 940 1218 calamitatis
955 1173 1081 1216 enume-

131 1250 240 1304 rantur
269 1247 406 1304 omuibus
433 1247 588 1316 aduersis,
619 1246 774 1318 interfecto
808 1245 935 1315 Correo,
967 1247 1080 1302 amissa

132 1333 266 1404 equitata
289 1337 317 1388 et
335 1331 511 1403 fortissimis
529 1330 692 1405 peditibus.
732 1323 843 1410 Neque
864 1325 950 1389 viros
972 1322 1081 1388 doctos

129 1409 191 1474 hoc
223 1408 454 1474 incommodum
488 1409 619 1492 latebat,
654 1419 843 1496 quapropter
874 1409 1016 1472 Faernus
1050 1417 1083 1473 et

129 1493 265 1560 Ursinus
293 1494 393 1558 verba
422 1503 543 1572 capuita
570 1502 737 1560 calamitate
763 1494 957 1576 deleverunt,
984 1493 1082 1558 Hoto-

129 1602 241 1644 manus
275 1579 543 1664 transponendum
585 1588 710 1658 coaaita
743 1587 911 1644 calamitate
945 1585 1082 1643 omuibus

130 1671 269 1730 aduersis
295 1665 472 1751 proposuit,
503 1674 534 1728 et
555 1665 637 1728 hanc
662 1665 912 1730 emendationem
933 1674 968 1728 ut
989 1663 1082 1728 lenis·

130 1750 242 1814 simam
263 1752 378 1836 recepi,
402 1751 524 1814 etiamsi
558 1752 713 1834 suspicor,
747 1749 919 1813 ablativum
946 1755 1083 1814 amathas

131 1843 270 1901 aduersis
300 1836 544 1902 additamentum
575 1837 754 1920 interpretis
783 1858 869 1916 esse,
903 1835 957 1921 qui
985 1855 1082 1919 quum

131 1919 172 1984 ab
212 1919 317 1986 Hirtio
361 1919 504 2006 singulae
539 1919 783 1984 Bellovacorum
826 1920 1082 2005 reliquarumque

131 2006 294 2071 civitatum
331 2007 525 2070 calamitates
559 2013 832 2087 enumerarentur,
866 2005 999 2090 margini
1028 2003 1082 2068 ad-

51 2173 53 2178 ·
131 2092 257 2177 scripsit
279 2099 413 2156 erunibus
436 2099 582 2157 adversis.

198 2175 234 2241 O.
256 2177 298 2240 42
319 2176 358 2240 N.
381 2176 495 2243 edidit:
525 2179 585 2242 Res
611 2184 688 2240 euim
716 2181 879 2254 merebatur
907 2187 935 2239 et
962 2180 1082 2239 excelso

131 2269 199 2327 ioco
234 2276 263 2326 et
294 2270 325 2326 ia
358 2273 521 2342 conspeetu
557 2269 711 2327 exercitus
743 2269 855 2342 austri,
895 2281 1082 2339 maurusque

130 2354 278 2426 utrimque
299 2354 413 2413 clamor
435 2353 596 2413 oriebatur.
634 2353 695 2410 lta
725 2354 904 2425 quisque,
935 2358 974 2408 ut
995 2355 1085 2408 erat

131 2439 260 2498 maxime
289 2441 427 2510 iasiauis,
452 2455 510 2511 quo
538 2441 640 2497 notior
666 2440 860 2510 testatiorque
886 2438 983 2494 uirtus
1005 2442 1084 2494 esset

133 2525 208 2599 aas,
232 2524 299 2583 tetis
319 2525 446 2582 hostiam
465 2526 659 2597 flammaeque
683 2540 716 2581 se
738 2523 891 2598 offerebat.
926 2514 1016 2579 Libri
1037 2516 1082 2578 in·

131 2603 224 2750 tegri,
247 2604 329 2666 inter
346 2625 422 2688 quos
438 2614 485 2667 est
498 2603 598 2666 Paris.
627 2603 678 2685 A,
702 2611 743 2666 ita
760 2611 883 2680 quisque
892 2614 1016 2681 poterat
1029 2623 1083 2664 ex-

131 2687 165 2751 hi
189 2698 256 2770 eat,
280 2688 333 2752 alii
355 2697 397 2752 ita
418 2701 451 2752 at
473 2695 600 2767 quisque
617 2701 749 2768 poterat,
772 2686 964 2772 -denique
985 2689 1081 2749 inter·

131 2771 230 2857 polati
260 2781 301 2837 ita
325 2795 413 2852 qaam
436 2782 560 2852 quisque
586 2786 714 2854 poterat.
749 2771 784 2836 Si
809 2771 916 2854 verba,
940 2793 1020 2856 quae
1042 2770 1081 2834 N.

24 2929 27 2934 ,
132 2859 281 2940 coniecit,
319 2880 376 2943 pro
412 2860 556 2942 genuinis
591 2858 737 2923 habenda
765 2867 882 2938 essent,
915 2854 1002 2919 nulla
1029 2857 1084 2919 via

133 2942 356 3028 dispiceretnr‚
387 2965 449 3029 qna
480 2942 632 3008 librorum
672 2943 785 3007 menda
799 2943 888 3006 nasci
915 2940 1082 3027 potuerint.

132 3025 243 3114 ltaque
271 3029 451 3113 primariam
477 3030 663 3113 sctipturam
684 3029 781 3092 fuisse
803 3027 906 3090 iudico
928 3032 976 3090 Ita
1000 3033 1082 3124 auis-

134 3135 191 3192 que
218 3127 357 3194 prout
391 3126 489 3178 crat
518 3123 644 3180 maxime
681 3122 828 3194 iasipais,
870 3135 965 3198 quum
998 3133 1081 3176 emm

125 3207 278 3283 putarat
297 3223 337 3266 ex
357 3199 509 3264 librorum
529 3221 616 3264 more
632 3201 789 3284 scriptum,
803 3198 898 3283 idque
920 3198 953 3258 in
959 3207 1085 3276 poterat

133 3283 248 3349 deinde
293 3307 455 3350 erversum
478 3295 569 3366 esset,
592 3295 687 3370 patet,
710 3298 743 3348 at
757 3283 810 3348 vel
826 3305 912 3362 auam
933 3283 966 3344 in
987 3281 1070 3345 inter

131 3368 247 3456 polatis
268 3309 358 3435 libris
374 3369 512 3434 additum
534 3393 613 3453 esse,
637 3381 671 3434 ut
686 3369 859 3434 sententiae
881 3366 1083 3452 interpositae

131 3477 235 3520 nexus
258 3456 444 3520 efficeretur.

868 3566 882 3602 0
