2532 3968
3 3491 5 3560 ¹,
121 3469 158 3526 ut
178 3461 348 3550 municipia
362 3471 395 3530 et
408 3461 547 3530 colonias
563 3462 746 3551 appellaret,
762 3459 875 3550 quibus

344 193 479 260 COMM.
501 192 580 258 vm
598 178 695 260 vCAP.
716 188 858 260 ate-50:
1013 191 1078 258 215

123 372 190 449 tur3
222 365 307 452 quod
334 366 452 431 malum
472 365 540 430 dux
568 368 642 454 equi
669 365 839 434 velocitate
868 366 1015 432 evitavit:
1044 387 1082 430 ac

125 452 172 516 sic
192 450 314 536 proelio
337 453 475 518 secundo
502 455 642 540 graviter
664 453 704 518 ab
727 475 764 518 eo
786 451 969 516 vulneratus
984 474 1081 600 quae·

123 537 235 620 fectus,
257 547 293 602 ut
312 538 396 604 vitae
411 539 585 624 periculum
600 539 743 604 aditurus
757 537 926 620 videretur,
947 560 983 602 re
996 547 1083 602 ertur

122 623 157 688 in
179 632 291 688 castra.
337 623 496 690 Commius
519 635 623 690 autem
646 627 713 690 sive
741 625 866 710 expiato
894 646 950 690 suo
973 623 1082 688 dolore

124 709 192 775 sive
214 731 329 794 magna
356 719 446 797 parte
469 713 585 776 amissa
615 733 743 777 suorum
771 710 891 795 legatos
921 709 961 774 ad
982 709 1080 774 Anto·

123 797 212 860 nium
233 797 327 859 mittit
348 819 446 882 seque
468 796 565 861 stibi
588 797 734 880 futurum,
757 796 812 860 ubi
834 797 972 881 praescri
996 796 1080 877 serit,

123 889 157 944 et
185 903 223 946 ea
251 881 419 966 facturum,
451 905 531 969 quae
557 884 736 969 imperarit,
767 881 929 948 obsidibus
960 817 1081 962 lllmat3

122 988 220 1030 unum
248 965 328 1031 illud
357 978 440 1051 orat,
471 978 505 1033 ut
530 970 634 1034 timori
663 992 719 1034 suo
747 967 946 1051 concedatur,
980 989 1021 1030 ne
1050 967 1081 1028 in

123 1061 326 1138 conspectum
348 1056 455 1120 veniet
477 1057 660 1142 cuiusquam
677 1055 820 1119 Romani.
858 1051 955 1117 Cuius
978 1061 1081 1137 postu-

123 1137 272 1203 lationem
304 1139 459 1206 Antonius
489 1163 587 1226 quum
619 1141 774 1206 iudicaret
802 1139 842 1204 ab
878 1141 960 1203 iusto
994 1138 1082 1201 nasei

123 1224 245 1306 timore,
267 1226 394 1294 veniam
414 1227 534 1312 petenti
557 1227 652 1310 dedit,
676 1226 802 1291 obsides
826 1225 956 1310 accepit.

187 1481 260 1548 Scio
276 1482 447 1548 Caesarem
463 1483 657 1570 singulorum
676 1506 829 1558 annorum
844 1483 985 1569 singulos
1000 1505 1082 1548 com-

123 1571 295 1634 mentarios
318 1571 504 1650 coniecisse3
533 1570 617 1657 quod
639 1593 699 1658 ego
720 1593 785 1636 non
808 1571 985 1635 existimavi
1006 1570 1082 1633 milri

126 1675 197 1716 esse
224 1654 418 1740 faciendum,
446 1665 614 1742 propterea
648 1656 734 1742 quod
772 1658 942 1741 insequens
971 1677 1082 1738 annue,

121 1738 159 1802 L.
175 1739 284 1823 Paulo,
302 1741 337 1804 O.
353 1740 504 1811 Marcello
520 1741 711 1826 consulibus,
727 1742 830 1806 nullas
842 1740 938 1804 habet
952 1763 1080 1825 magno-

122 1847 200 1910 pere
223 1825 346 1891 Galliae
367 1850 419 1893 res
442 1838 557 1912 gestae.
601 1828 650 1892 Ne
680 1828 749 1914 quis
777 1839 884 1893 tamen
913 1827 1081 1912 ignoraret,

124 1910 239 1996 quibus
261 1914 294 1975 in
316 1912 393 1978 locis
410 1912 529 1978 Caesar
545 1915 761 2000 exercitusque
783 1937 820 1979 eo
842 1923 984 1998 tempore
1006 1912 1081 1979 fiiis-

123 2005 211 2079 sent,
244 2020 348 2082 pauea
387 2021 458 2063 esse
492 1999 660 2066 scribenda
695 1999 978 2085 coniungendaque
1010 1998 1083 2066 huic

122 2085 347 2149 commentario
371 2086 472 2150 stetui.

186 2341 238 2406 49.
262 2341 380 2430 Caesar
401 2345 434 2407 in
456 2343 568 2429 Belgio
589 2365 684 2444 quum
699 2342 861 2424 hiemaret,
885 2364 982 2407 unum
1003 2342 1083 2408 illud

122 2449 182 2513 pro
205 2430 318 2494 ositum
344 2429 491 2513 habebat,
519 2440 679 2494 continere
705 2430 740 2492 in
769 2429 906 2492 amicitie
928 2431 1081 2512 civitates,

123 2451 203 2578 nulli
224 2535 312 2601 spem
335 2527 389 2580 aut
416 2536 544 2584 causam
573 2516 650 2581 dere
679 2535 847 2580 armorum.
890 2514 975 2579 Nihil
999 2515 1083 2579 enim

124 2600 228 2664 minus
250 2599 386 2684 volebat,
416 2623 512 2688 quam
540 2601 598 2666 sub
629 2602 762 2666 decessu
784 2623 840 2667 suo
861 2601 1083 2666 necessitatem

124 2684 186 2750 sibi
206 2685 249 2750 ali
272 2699 345 2751 ua'm
367 2689 487 2774 imponi
508 2687 585 2754 belli
606 2687 748 2772 gerendi,
770 2709 821 2768 ne,
845 2709 941 2772 quum
963 2687 1082 2751 exerci-

122 2779 188 2836 tum
211 2710 400 2838 deducturus
429 2784 521 2856 esset,
549 2773 669 2839 bellum
691 2773 819 2859 aliquod
839 2771 1082 2860 relinqueretur,

123 2857 208 2942 quod
229 2860 331 2924 omnis
359 2859 465 2926 Gallia
490 2860 627 2924 libenter
656 2861 725 2924 sine
753 2859 914 2960 praesenti
942 2858 1089 2945 periculo
1177 2875 1187 2892 ²

123 2947 305 3030 susciperet.
355 2945 466 3033 Itaque
500 2946 670 3012 honorifice
707 2948 848 3011 civltates
881 2942 1082 3094 apqellando,

122 3031 281 3117 principes
309 3033 455 3096 maximis
483 3033 630 3118 praemiis
660 3031 840 3114 afficiendo,
869 3030 959 3094 nula
986 3052 1082 3094 onera

123 3116 316 3201 iniungendo
349 3116 504 3192 defessam
532 3127 580 3184 tot
614 3117 756 3184 adversis
784 3115 913 3204 proeliis
944 3115 1082 3181 Galliam

123 3202 301 3268 conditione
322 3204 456 3290 parendi
477 3204 609 3270 meliore
630 3203 723 3269 facile
745 3205 778 3268 in
799 3224 878 3289 paee
901 3202 1062 3266 continuit.

186 3289 237 3353 50.
260 3290 335 3375 Ipse
363 3289 504 3356 hibernis
533 3292 671 3376 peractis
693 3300 802 3356 contra
823 3287 1082 3352 consuetudinem

120 3373 156 3437 in
183 3373 308 3440 Italiam
341 3399 435 3463 quam
463 3378 610 3440 maximis
638 3374 803 3440 itineribus
833 3374 1081 3526 estMproAqlectus,

984 3662 994 3674 l

757 3759 768 3810 r

506 3921 526 3942 ..
583 3875 588 3901 ³
650 3829 768 3942 ..j
