2562 3970
198 253 335 322 LXVlIl
542 239 801 316 PRAEFATIO.

198 433 384 507 mipitumce
414 432 574 488 traducere
590 430 813 504 ‘pronuntiavit
839 431 915 496 teiuc
950 430 1027 486 enim
1054 441 1153 502 opero

199 518 354 576 castellum
374 532 483 588 mooun
506 533 545 574 ec
562 505 652 589 porle
667 521 877 574 conservatum
892 529 958 573 esse
977 514 1150 579 constabat)

200 604 411 675 cohortemque
428 608 537 675 posteo
560 601 676 673 duplici
699 601 864 674 stipendio,
885 601 1034 672 frumento
1058 596 1079 670 †
1100 614 1152 656 ue·

199 688 360 762 coicior-iic
371 687 607 758 militaribusque
619 687 709 744 (ionic
721 687 902 761 amplissime
913 687 1043 743 donauit.
1060 677 1154 740 Haec

200 767 246 830 ito
267 765 463 831 emendanda
478 787 547 828 esee
564 766 759 830 existimavi:
786 772 874 840 Quem
889 771 1010 838 Cneccr,
1033 777 1066 826 ut
1085 776 1154 826 erut

201 859 239 917 dc
261 875 295 916 ce
316 859 438 916 meritus
460 863 488 914 et
508 857 545 915 de
560 858 731 931 republica,
755 857 916 916 donauit
935 872 1075 913 numum
1096 855 1153 910 mi-

202 945 281 1003 libus
317 943 364 1000 OG
396 949 484 1014 utque
513 943 550 1000 ub
586 945 701 1001 octavis
735 941 893 999 ordinibus
920 948 997 1010 cett,
1035 931 1153 997 deinde

203 1029 412 1099 cohortemque
444 1036 553 1102 posteo
583 1029 699 1102 duplici
726 1028 875 1100 stipendio
902 1027 1150 1100 frumentoque,

203 1117 352 1172 uirtute
380 1115 648 1187 spectationes
677 1113 859 1170 militaribus
889 1125 1030 1184 quemque
1060 1110 1152 1167 donis

203 1199 384 1274 amplissime
406 1199 534 1258 detinuit.

268 1277 304 1342 O.
327 1276 368 1340 59
392 1299 433 1340 ex
454 1277 547 1342 Vind.
570 1299 617 1362 pr.
642 1277 868 1340 edidit-Erunt
890 1283 973 1356 opud
995 1282 1153 1338 Coescrem

203 1371 241 1429 in
271 1371 398 1442 equitum
426 1385 547 1427 numero
579 1369 758 1438 Ailou-ones
788 1369 846 1425 dno
872 1368 1005 1439 fratrer
1022 1381 1045 1422 e.
1075 1381 1102 1438 q.
1125 1382 1150 1422 s.

186 1443 269 1514 'vul
292 1471 310 1512 o
333 1471 371 1512 en
394 1457 520 1527 equitum
538 1469 660 1512 numero
677 1447 808 1530 legitur3
831 1445 869 1509 N.
886 1469 927 1508 ex
942 1445 1032 1508 codd.
1049 1444 1151 1508 Paris.

203 1471 294 1599 Leid.
325 1533 440 1618 Scalig.
471 1543 602 1610 equitum
631 1555 754 1614 numero
784 1533 917 1616 recepit,
949 1531 1033 1616 quod
1055 1549 1152 1615 quum

205 1620 405 1706 significaret,
429 1618 617 1702 Allobroges
639 1615 711 1680 illos
726 1629 868 1681 nontam
885 1639 965 1702 equo
987 1618 1152 1692 meruisse,

227 1727 301 1768 uam
318 1725 380 1784 pro
404 1711 553 1782 inuititur
576 1702 661 1787 apud
677 1701 847 1766 Caesarem
861 1703 967 1782 fuisse,
992 1703 1084 1764 etiam
1101 1699 1153 1762 hio

205 1727 282 1856 luri
303 1790 420 1874 nequit.
453 1789 649 1874 Praepositio
672 1789 706 1850 in
727 1787 816 1850 libris
839 1787 901 1849 illis
917 1787 1065 1850 omissam
1077 1807 1152 1870 esse

205 1884 281 1962 puto
297 1873 465 1960 quodcum
482 1873 687 1937 antecedente
708 1895 787 1938 voce
810 1873 939 1953 coaluit,
964 1894 1059 1955 quum
1078 1891 1151 1932 exe

205 1970 310 2025 ratum
325 1969 409 2023 esset
422 1962 454 2021 in
470 1958 587 2040 codice,
615 1981 656 2022 ex
671 1980 732 2043 quo
749 1959 899 2042 descripti
914 1969 987 2020 eunt
1008 1956 1055 2019 illi
1070 1955 1153 2035 libri,

207 2047 380 2111 Caesarii
395 2045 447 2108 vel
470 2046 675 2108 Cacsart'iin.

272 2129 308 2194 Ο.
331 2131 371 2194 63
394 2130 475 2194 med.
498 2130 557 2194 hac
572 2131 604 2191 in
619 2151 740 2200 recum
755 2127 947 2212 Nipperdeio
963 2129 1053 2206 facio,
1070 2126 1154 2210 quod

206 2217 241 2279 in
262 2215 377 2296 verbio,
402 2215 506 2300 qualia
528 2214 615 2278 libris
637 2216 761 2277 insunt:
789 2221 863 2277 Nom
885 2227 917 2276 ut
938 2221 980 2277 cd
993 2233 1075 2276 more
1097 2233 1153 2275 no-

206 2313 291 2364 stroe
307 2309 444 2366 cohortes
455 2323 553 2365 nonoe
568 2307 698 2378 teutonis
710 2307 924 2372 exciihueront,
942 2319 1154 2362 accessere

207 2393 306 2450 cubito
324 2395 427 2466 primo
448 2393 513 2449 tuce
528 2391 707 2466 Pompeiani
728 2391 935 2449 exercitus
958 2390 1153 2447 aduentus

209 2478 359 2552 extitit,
390 2471 589 2533 commixtam
625 2492 695 2533 esse
726 2491 839 2532 censeo
869 2470 1041 2552 genuinum
1075 2465 1153 2530 Oce·

208 2557 289 2618 saris
312 2559 497 2640 scripturam
521 2577 590 2618 cum
613 2555 754 2639 magistri
777 2561 953 2617 commento
970 2575 1065 2637 supra
1083 2575 1154 2615 ver-

209 2663 279 2704 sum
308 2641 429 2722 cddit03
463 2640 589 2703 discedo
619 2650 723 2702 autem
750 2640 783 2701 in
812 2661 858 2719 eo,
889 2637 975 2722 quod
997 2659 1155 2702 occeccem·

209 2729 381 2810 suspicioni
415 2726 584 2790 obnoxium
613 2746 682 2786 esse
711 2724 831 2804 iudico,
861 2745 924 2785 non
956 2724 1032 2786 item
1054 2719 1156 2785 verba

210 2823 363 2876 exercitus
393 2819 537 2875 adventur
569 2816 671 2872 eutitii.
722 2807 826 2886 Quum
855 2811 936 2872 enim
966 2806 1154 2871 insolentius

209 2896 290 2962 haee
312 2899 396 2961 dicta
416 2895 606 2974 viderentur,
630 2895 705 2957 satis
720 2893 891 2958 verrsrmile
914 2903 971 2975 est,
996 2893 1154 2978 explicata

212 3006 251 3047 ea
266 3005 336 3046 esse
351 2983 423 3044 trito
432 2979 486 3044 illo
502 3001 672 3051 occesserm
689 2989 879 3042 contranum
893 3002 980 3060 vero,
997 2978 1156 3062 adscripta

211 3091 282 3132 esse
309 3065 407 3132 verba
434 3073 596 3147 exercitus·
612 3072 757 3129 aduentus
792 3073 904 3128 exstitit
936 3066 976 3128 ad
1003 3067 1155 3147 interpre-

210 3153 338 3216 tandam
366 3174 474 3214 vocem
497 3172 667 3231 recessere,
696 3172 808 3234 parum
828 3149 999 3214 verisimile
1021 3150 1154 3213 videtur.

209 3238 322 3323 Itaque
344 3237 448 3302 delevi
469 3258 635 3301 occeccere.

276 3323 341 3388 Sub
363 3323 457 3386 finem
473 3344 499 3386 o.
517 3323 557 3384 65
571 3321 608 3384 N.
625 3322 707 3384 hanc
727 3321 898 3384 verborum
920 3322 1156 3386 collocationem

212 3407 357 3492 protulit:
384 3414 440 3482 Qui
461 3416 581 3486 counito
605 3415 776 3471 detrimento
805 3429 872 3471 cum
899 3414 1157 3472 animaduertisset

214 3497 388 3570 Pompeium
409 3505 497 3556 extro
519 3501 697 3558 munitiones
724 3515 893 3575 coresium,
922 3504 957 3557 ut
982 3499 1076 3556 iibere
1102 3513 1156 3572 po-
