2562 3970
191 222 330 288 XCVIII
547 223 802 289 PRAEFATIO.

190 395 289 460 Petis.
307 417 369 460 see.
385 395 514 477 habent,
534 417 575 459 ex
591 416 652 481 quo
667 395 704 458 N.
722 394 823 459 dedit:
847 403 934 474 inse
955 418 994 460 se
1009 404 1146 479 insuper.

190 479 405 545 -Extremo
428 483 531 566 eapite
545 482 624 544 haee
647 480 777 566 vulgata
797 490 883 545 sunt:
907 487 945 546 ab
970 487 1061 546 Zama
1083 490 1147 547 dis-

192 574 272 633 cedit
292 581 382 646 ataue
404 574 446 631 ud
466 573 565 631 uillam
587 589 672 629 suram
688 589 754 630 cum
776 571 817 630 M.
840 573 961 632 Petreio
971 575 1147 647 paucisque

191 660 341 731 equitibus
369 674 403 716 se
432 659 560 729 confert.
601 651 644 714 At
673 651 763 716 deest
790 674 823 716 se
852 651 894 716 ob
921 650 1011 716 libris
1040 653 1143 716 Paris.

191 759 264 818 see,
287 738 414 819 Petev.;
436 737 470 800 in
491 736 581 802 Leid.
605 759 651 822 pr.
675 737 771 802 etiam
793 746 849 801 iter
878 745 1010 817 confecit
1031 760 1089 822 pro
1111 759 1146 803 se

191 830 310 903 confert
330 832 493 888 exoratum
517 832 572 886 est.
607 821 698 901 Quae
728 845 822 908 quam
850 824 1037 888 documento
1071 823 1145 905 sint,

190 931 362 996 pronomen
386 907 464 972 iliud
485 910 541 971 vix
562 908 622 970 hoe
643 906 712 971 loeo
735 907 774 970 ab
798 911 950 993 scriptore
972 910 1068 972 fnisse
1090 930 1144 993 po·

191 997 295 1074 sitnm,
319 1015 390 1057 eum
411 992 493 1056 libro
516 991 755 1057 Vindobonensi
775 993 955 1058 faciendum
978 1015 1048 1057 esse
1071 1015 1144 1058 een·

192 1081 256 1162 sui,
283 1081 317 1142 in
345 1101 406 1164 quo
436 1102 468 1143 sc
496 1089 567 1163 post
589 1100 673 1142 suurn
701 1085 757 1152 (ad
778 1087 877 1143 vittam
903 1102 989 1145 suurn
1011 1101 1050 1144 se
1075 1101 1144 1144 cum

192 1171 234 1229 M.
250 1171 369 1230 Petreio
382 1171 554 1244 paucisque
569 1170 720 1242 equitibus
735 1170 864 1243 conserti
881 1164 1068 1229 collocatum
1084 1174 1143 1230 est.

255 1249 289 1314 C.
312 1249 352 1312 98
376 1271 417 1313 ex
439 1248 529 1313 codd.
554 1247 646 1312 Vind.
675 1270 723 1333 pr.
744 1249 834 1314 Leid.
856 1273 903 1335 pr.
935 1273 972 1314 ac
1002 1249 1144 1335 (classem

191 1342 368 1402 conscendit
390 1357 433 1400 ac
452 1348 525 1413 post
546 1341 621 1398 diem
636 1343 753 1398 tertium
768 1358 790 1400 e.
808 1358 833 1414 a.
850 1345 891 1413 s.)
908 1358 965 1421 pro
981 1351 1008 1400 et
1022 1335 1131 1421 recepi

251 1591 372 1655 BELL.
395 1589 503 1656 HISP.
535 1613 562 1654 e.
590 1590 610 1653 6
639 1589 786 1656 lacunam
819 1594 924 1656 notavi
954 1594 988 1656 in
1016 1591 1144 1657 verbis:

189 1684 228 1743 Id
251 1700 338 1756 quum
360 1683 823 1741 animaduerteretaduersarios
837 1686 954 1742 minime
975 1685 1056 1756 nette,
1081 1700 1142 1756 quo

190 1785 251 1841 eos,
277 1770 422 1842 quomodo
447 1768 484 1826 ab
510 1766 578 1826 Ulia
600 1775 781 1838 retraxerat,
805 1771 835 1826 in
865 1785 990 1844 aequum
1013 1771 1142 1829 deduce-

189 1863 254 1931 ret,
283 1856 383 1928 copiis
409 1855 533 1926 flumine
561 1855 707 1912 traductis
730 1862 821 1912 noctu
852 1855 932 1912 iubet
959 1857 1046 1926 iones
1070 1857 1144 1925 sieri

189 1957 314 2012 mannos
335 1979 464 1998 ......
487 1941 529 1996 ito
548 1941 752 2009 firmissimum
775 1941 840 1997 eius
859 1941 1049 2010 praesidium
1071 1942 1143 1999 Ate-

190 2042 282 2098 auurn
300 2026 522 2099 proficiscitur.
547 2057 586 2065 —
610 2017 700 2096 Quae
723 2030 896 2104 sequuntur
910 2019 948 2083 N.
966 2021 1011 2083 sie
1026 2020 1142 2084 edidit:

189 2111 228 2170 Id
255 2127 321 2169 cum
351 2110 511 2183 Pompeius
538 2126 577 2167 en
607 2109 749 2183 nerfuqis
778 2113 922 2169 rescisset
946 2112 967 2182 †
1002 2128 1061 2184 qua
1091 2113 1142 2170 die

187 2197 363 2270 facultatem
385 2204 413 2254 et
433 2197 596 2267 anqustias
618 2212 712 2253 carra
734 2198 889 2268 complura
904 2198 999 2256 nruios
1015 2205 1142 2256 onustos

189 2284 321 2340 retruxit
342 2289 371 2340 et
392 2282 434 2338 ud
457 2281 624 2340 Cordubam
647 2297 680 2338 se
702 2284 825 2358 recepit.
851 2274 922 2349 (Pro
944 2284 1042 2341 mulos
1064 2299 1142 2341 onu-

190 2376 263 2436 stos,
288 2361 372 2446 quod
393 2360 431 2423 N.
463 2362 611 2439 coniecit,
641 2368 747 2426 maritos
777 2369 905 2425 icrnistns
933 2362 1034 2426 Paris,
1065 2384 1141 2444 see„

189 2455 295 2510 minitas
311 2455 439 2510 lanistas
458 2444 548 2510 Leid.
576 2469 623 2530 pr.
648 2445 774 2530 Scalig„
804 2455 971 2525 multosque
996 2455 1142 2513 lanistros

189 2532 283 2595 Vind.
305 2553 352 2616 pr.
375 2531 514 2610 habent.)
551 2531 707 2616 Equidem
730 2531 829 2595 verba
850 2533 881 2594 in
905 2533 988 2597 huno
1013 2532 1142 2598 modum

189 2617 358 2681 adornavi:
396 2623 435 2680 Ia
461 2639 549 2696 uuum
579 2623 740 2697 Pompeius
769 2640 808 2682 ea
827 2624 968 2696 persunis
997 2627 1143 2685 rescisset

189 2707 203 2734 *
226 2725 285 2782 qua
308 2711 356 2768 die
376 2709 548 2781 facultatem
570 2716 598 2766 et
619 2711 778 2780 anaustias
794 2749 925 2767 ......
942 2727 1036 2768 curra
1059 2726 1141 2769 corn-

189 2792 280 2868 uturo
303 2795 504 2864 mutasque
533 2795 733 2852 canistris
763 2802 925 2853 onustos
955 2797 1087 2854 retranit
1114 2804 1143 2856 et

190 2881 232 2938 ad
253 2879 420 2936 Cordubam
442 2896 476 2937 sa
496 2881 618 2952 recepit.
963 2927 966 2934 .

252 2957 345 3022 Initio
368 2979 394 3021 e.
419 2958 437 3020 8
461 2969 534 3021 ante
555 2958 594 3022 N.
610 2959 690 3022 haee
705 2958 897 3024 edebantur:
921 2965 1143 3026 Accedebat

189 3051 277 3126 buc,
300 3058 333 3107 ut
354 3051 475 3121 banaias
498 3049 602 3108 bellurn
625 3052 748 3108 duceret
769 3051 939 3124 Pompeius,
965 3053 1048 3124 quod
1068 3053 1138 3111 ioco

188 3141 272 3193 sunt,
290 3137 370 3194 editu
400 3143 428 3193 et
456 3137 499 3194 ad
526 3143 695 3193 castrorum
720 3139 903 3195 munitiones
936 3152 996 3195 non
1025 3152 1139 3211 parum

189 3222 308 3279 idonea.
323 3213 532 3278 Consentiunt
547 3213 618 3277 libri
629 3237 704 3278 mss.
719 3216 753 3277 in
767 3215 874 3278 verbis
887 3222 1058 3280 Accedebat
1070 3223 1140 3298 bue,

189 3300 251 3362 nisi
275 3299 361 3383 quod
381 3299 481 3362 Paris.
506 3322 569 3362 see.
592 3307 650 3364 boc
672 3300 724 3364 vel
739 3302 841 3385 potius
862 3308 883 3365 b
906 3312 1022 3387 puncto
1045 3323 1142 3386 supra

189 3385 329 3468 ascripto
351 3383 456 3446 hebet.
479 3384 671 3468 Nipperdeio
686 3387 798 3450 tamen
809 3388 889 3450 haee
904 3385 1055 3449 mutanda
1070 3410 1141 3452 esse

187 3467 378 3532 videbanttu·
400 3470 432 3531 in
456 3475 619 3534 Accidebat
647 3477 714 3556 boc,
739 3495 834 3557 quum
863 3471 941 3536 nihil
969 3482 1063 3535 antea
1079 3493 1141 3536 ne
