2562 3966
390 234 525 300 COMM.
548 236 578 299 V
602 235 695 300 OAP.
719 236 855 300 48-52.
1044 238 1102 302 113

138 405 283 470 hostibus
312 407 430 470 veniat.
486 405 618 478 Interim
649 407 898 492 speculatoribus
928 409 961 472 in
993 431 1104 474 omnes
1180 401 1182 408 '

137 502 243 577 partes
267 491 403 555 dimissis
427 491 589 576 explorat,
619 514 679 577 quo
714 493 968 557 commodissime
989 495 1103 568 itinere

137 577 254 640 vallem
276 579 410 642 transire
431 578 540 662 possit.
1055 640 1058 655 ‚

202 663 253 725 50.
276 663 324 726 Eo
348 663 399 726 die
414 662 554 748 parvulis
571 665 770 748 equestribus
785 665 913 750 proeliis
930 665 971 729 ad
986 687 1102 751 aquam

138 749 228 811 factis
251 749 376 834 utrique
407 771 477 812 sese
506 770 562 813 suo
592 748 663 813 loco
694 752 872 815 continent:
897 749 992 832 Galli,
1017 751 1102 836 quod

139 833 309 918 ampliores
332 835 448 918 copias,
472 856 552 918 quae
574 835 715 900 nondum
741 845 966 918 convenerant,
991 859 1101 921 exspe-

140 919 283 998 ctabant3
316 917 444 1002 Caesar,
475 920 502 982 si
523 919 603 983 forte
626 922 747 984 timoris
770 921 968 985 simulatione
994 921 1102 985 hostes

137 1005 172 1068 in
195 1027 285 1067 suum
307 1005 411 1070 locum
442 1004 557 1068 elicere
586 1016 703 1090 posset,
734 1015 769 1070 ut
798 1009 878 1070 citra
903 1006 1021 1070 vallem
1042 1029 1101 1091 pro

139 1091 250 1154 castris
272 1090 391 1174 proelio
414 1089 629 1171 contenderet,
653 1094 680 1154 si
702 1091 736 1155 id
758 1091 883 1156 efficere
904 1115 968 1156 non
982 1101 1101 1177 posset,

138 1185 173 1239 ut
195 1173 365 1260 exploratis
392 1175 562 1246 itineribus
581 1179 703 1241 minore
726 1199 798 1242 cum
820 1177 961 1262 periculo
983 1177 1101 1241 vallem

137 1263 303 1345 rivumque
332 1262 492 1324 transiret.
541 1261 648 1325 Prima
678 1262 750 1326 luce
776 1263 914 1326 hostium
943 1265 1101 1349 equitatus

138 1346 181 1410 ad
203 1355 305 1408 castra
328 1345 450 1409 accedit
464 1346 685 1433 proeliumque
708 1370 780 1411 cum
803 1349 919 1411 nostris
943 1348 1101 1434 equitibus

139 1432 313 1496 committit.
359 1431 478 1495 Caesar
501 1431 643 1496 consulto
667 1435 790 1518 equites
813 1433 926 1497 cedere
948 1455 1046 1518 seque
1067 1434 1101 1496 in

139 1527 243 1582 castra
270 1518 413 1601 recipere
443 1516 545 1598 iubet,
576 1517 670 1581 simul
705 1541 746 1582 ex
781 1518 927 1582 omnibus
956 1518 1101 1603 partibus

138 1613 242 1666 castra
264 1601 373 1666 altiore
402 1601 486 1666 vallo
513 1604 630 1666 muniri
656 1612 828 1688 portasque
857 1604 977 1668 obstrui
1006 1611 1101 1689 atque

136 1690 170 1751 in
192 1688 241 1750 his
264 1687 520 1751 administrandis
535 1688 631 1751 rebus
655 1711 749 1774 quam
764 1690 901 1752 maxime
918 1691 1101 1754 concursari

138 1783 169 1837 et
192 1795 263 1837 cum
286 1773 484 1838 simulatione
507 1775 559 1858 agi
580 1775 701 1838 timoris
723 1774 820 1837 iubet.

202 1859 254 1923 51.
285 1857 409 1936 Quibus
432 1859 578 1922 omnibus
601 1859 697 1922 rebus
720 1860 828 1923 hostes
851 1860 978 1923 invitati
992 1860 1099 1943 copias

138 1944 307 2008 traducunt
329 1945 492 2030 aciemque
514 1945 623 2030 iniquo
645 1944 715 2009 loco
743 1946 953 2026 constituunt,
982 1945 1100 2009 nostris

136 2052 215 2095 vero
239 2031 333 2092 etiam
359 2030 399 2094 de
429 2029 515 2092 vallo
543 2029 687 2093 deductis
716 2032 846 2116 propius
880 2029 1035 2093 accedunt
1069 2039 1100 2093 et

136 2115 203 2180 tela
223 2116 307 2178 intra
320 2116 527 2178 munitionem
543 2137 584 2178 ex
607 2115 752 2179 omnibus
766 2115 909 2200 partibus
928 2117 1100 2179 coniiciunt

136 2201 409 2288 praeconibusque
431 2201 656 2264 circummissis
678 2203 876 2286 pronuntiari
898 2201 1017 2282 iubent,
1042 2223 1099 2266 seu

138 2289 208 2374 quis
234 2285 346 2350 Gallus
369 2308 426 2350 seu
447 2285 608 2350 Romanus
630 2286 709 2352 velit
737 2295 810 2350 ante
839 2286 951 2350 horam
972 2289 1099 2350 tertiam

137 2372 179 2436 ad
202 2395 236 2436 se
258 2373 402 2452 transire,
426 2373 495 2434 sine
516 2371 659 2456 periculo
682 2371 795 2453 licere3
825 2381 898 2457 post
919 2373 953 2436 id
973 2381 1098 2456 tempus

136 2480 202 2521 non
222 2457 289 2521 fore
311 2457 515 2542 potestatem:
550 2479 587 2520 ac
610 2459 656 2520 sic
678 2467 803 2522 nostros
832 2466 1098 2542 contempserunt,

137 2554 173 2607 ut
200 2543 368 2608 obstructis
402 2545 435 2608 in
465 2543 605 2628 speciem
632 2544 731 2627 portis
766 2542 899 2628 singulis
934 2541 1099 2607 ordinibus

138 2630 303 2714 cespitum,
348 2628 412 2692 uod
435 2651 472 2692 ea
494 2651 558 2692 non
579 2650 674 2712 posse
694 2629 925 2713 introrumpere
946 2627 1098 2691 videban-

137 2723 199 2796 tur,
222 2713 277 2778 alii
297 2653 418 2777 villum
438 2736 536 2776 manu
559 2713 713 2791 scindere,
738 2713 791 2776 alii
813 2714 914 2776 fossas
938 2712 1099 2798 complere

136 2801 323 2886 inciperent.
367 2799 449 2864 Turn
479 2797 599 2862 Caesar
626 2797 771 2862 omnibus
804 2801 904 2884 portis
934 2801 1099 2883 eruptione

136 2885 222 2950 facta
244 2887 448 2971 equitatuque
478 2886 592 2949 emisso
621 2885 767 2948 celeriter
795 2885 902 2948 hostes
931 2885 965 2947 in
993 2883 1100 2968 fugam

138 2971 209 3053 det,
234 2971 347 3034 sicuti
370 2970 495 3034 omnino
517 2971 682 3054 pugnandi
705 2992 802 3033 causa
816 2971 978 3033 resisteret
995 2991 1099 3051 nemo,

136 3077 352 3142 magnumque
386 3077 427 3119 ex
457 3056 502 3118 eis
528 3077 696 3119 numerum
725 3056 839 3125 occidit
866 3065 961 3140 atque
990 3077 1099 3118 omnes

137 3143 233 3207 armis
257 3143 353 3204 exuit.

202 3228 254 3290 52.
277 3227 420 3311 Longius
464 3227 592 3312 rosequi
614 3227 750 3308 veritus,
781 3226 865 3313 quod
889 3225 988 3289 silvae
1008 3223 1099 3310 palu-

138 3313 259 3400 desque
281 3250 520 3378 intercedebant
534 3333 637 3397 neque
653 3313 749 3377 etiam
763 3311 896 3396 parvulo
913 3311 1100 3376 detrimento

136 3398 265 3462 illorum
287 3397 392 3462 locum
412 3397 550 3484 relinqui
571 3395 716 3478 videbat,
744 3397 889 3460 omnibus
920 3397 984 3460 suis
1013 3398 1099 3460 inco-

137 3481 278 3550 lumibus
302 3484 401 3568 copiis
432 3483 543 3548 eodem
573 3482 625 3546 die
652 3482 694 3545 ad
724 3481 911 3629 (11001011οἑ1
943 3483 1095 3567 pervenit.

187 3587 265 3626 Caesar
402 3584 404 3592 ’
