2538 3978
347 176 552 294 corint-111
575 227 668 295 OAP.
693 229 868 294 loa-105.
1026 229 1087 297 133

197 401 266 464 104.
290 401 349 464 His
382 412 456 467 tunc
490 402 623 486 cognitis
655 399 750 464 rebus
783 401 875 466 amici
908 403 1001 485 regis,
1035 402 1090 487 qui

132 496 260 572 propter
282 497 416 550 aetatem
431 491 498 552 eius
513 489 546 551 iu
562 490 780 572 procuratione
795 497 885 550 erant
898 489 998 570 regni,
1021 489 1089 552 sive

130 575 244 636 timore
277 572 414 654 adducti,
447 585 482 637 ut
514 584 625 658 postea
656 571 892 655 praedicabant,
923 570 1089 636 sollicitato

132 659 273 722 exercitu
295 660 382 742 regio
404 682 444 722 ne
464 659 631 743 Pompeius
647 656 873 721 Alexandriam
895 657 1089 742 Aegyptum·

131 765 192 826 que
215 753 391 827 occuparet,
415 746 482 808 sive
505 745 653 828 despecta
669 744 734 806 eius
749 744 881 824 fortuna,
905 754 938 806 ut
953 743 1089 828 plerum·

132 851 192 915 que
219 829 252 891 in
282 829 459 893 calamitate
489 851 529 892 ex
556 829 665 891 amicis
694 829 814 892 inimici
844 830 1006 908 exsistunt,
1029 828 1088 910 his,

132 915 186 999 qui
209 925 298 978 erant
321 913 361 976 ab
377 937 415 978 eo
434 916 531 994 missi,
547 912 653 999 palam
668 912 843 978 liberaliter
857 913 1089 998 responderunt

131 1021 266 1084 eumque
288 999 329 1062 ad
350 1023 458 1084 regem
471 1003 580 1064 venire
601 1000 774 1082 iusserunt3
789 1001 850 1084 ipsi
866 998 947 1063 clam
958 999 1090 1064 consilio

130 1086 207 1148 inito
229 1083 398 1166 Achillam,
433 1085 628 1171 praefectum
657 1085 789 1168 regium,
820 1085 970 1168 singulari
991 1085 1089 1150 homi-

130 1193 200 1232 nem
226 1169 368 1252 audacia,
391 1180 422 1234 et
444 1171 480 1234 L.
504 1170 699 1255 Septimium,
715 1169 876 1234 tribunum
890 1170 1032 1250 militum,
1049 1169 1090 1234 ad

13 1305 14 1308 η
130 1255 381 1322 interficiendum
396 1257 581 1340 Pompeium
595 1256 755 1319 miserunt.
778 1255 830 1318 Ab
853 1255 901 1318 his
917 1255 1090 1320 liberaliter

130 1343 198 1424 ipse
221 1363 240 1403 a
263 1340 397 1424 pellatus
419 1350 450 1405 et
465 1340 600 1426 quadam
615 1341 726 1404 notitia
741 1339 884 1426 Septimii
905 1341 1088 1426 productus,

132 1425 215 1511 quod
240 1364 328 1489 bello
355 1426 550 1512 praedonum
580 1425 664 1509 apud
687 1448 759 1489 eum
781 1426 924 1491 ordinem
946 1426 1088 1508 duxerat,

130 1510 309 1574 naviculam
331 1511 497 1596 parvulam
519 1510 704 1574 conscendit
718 1533 791 1574 cum
811 1514 922 1596 paucis
945 1513 1027 1578 suis:
1044 1511 1088 1574 ibi

130 1595 171 1658 ab
195 1595 320 1660 Achilla
342 1606 374 1660 et
396 1595 548 1681 Septimio
564 1595 757 1660 interficitur.
773 1597 854 1662 Item
875 1596 912 1659 L.
935 1596 1088 1660 Lentulus

130 1681 407 1766 comprehenditur
428 1681 467 1744 ab
490 1704 565 1766 rege
588 1691 619 1744 et
640 1683 673 1745 in
696 1683 837 1746 custodia
863 1692 1003 1746 necatur.

198 1767 267 1830 105.
292 1767 419 1848 Caesar,
444 1790 540 1852 quum
561 1769 594 1830 in
615 1766 725 1830 Asiam
739 1769 896 1848 venisset,
911 1766 1089 1853 reperiebat

129 1851 167 1914 Τ.
195 1852 345 1937 Ampium
373 1863 518 1916 conatum
546 1875 615 1918 esse
641 1854 793 1938 pecunias
822 1852 934 1916 tollere
961 1852 1088 1937 Epheso

130 1959 172 2000 ex
193 1937 266 2000 fano
287 1937 411 2002 Dianae
441 1940 570 2022 eiusque
598 1939 645 2002 rei
672 1959 768 2002 causa
795 1948 956 2003 senatores
979 1960 1100 2010 omnes,

129 2044 171 2086 ex
202 2023 366 2106 provincia
398 2045 558 2104 evocasse,
591 2033 626 2087 ut
658 2023 707 2086 his
739 2024 872 2089 testibus
905 2025 938 2086 in
967 2045 1089 2086 summa

131 2110 283 2192 pecuniae
312 2119 461 2191 uteretur,
492 2109 549 2172 sed
575 2109 810 2193 interpellatum
843 2109 980 2173 adventu
1009 2108 1087 2173 an-

132 2194 211 2256 saris
245 2194 432 2279 profugisse.
466 2193 515 2257 Ita
548 2193 670 2259 duobus
703 2195 897 2280 temporibus
930 2193 1088 2279 Ephesiae

129 2281 283 2363 pecuniae
306 2278 424 2364 Caesar
447 2279 598 2342 auxilium
613 2278 692 2343 tulit.
715 2281 795 2344 Item
818 2279 981 2346 constabat
995 2279 1088 2344 Elide

129 2366 162 2426 in
184 2364 301 2450 templo
317 2365 479 2428 Minervae
494 2367 634 2451 repetitis
651 2375 683 2428 at
705 2389 745 2429 ue
761 2369 949 2430 enumeratis
966 2364 1087 2445 diebus,

130 2472 191 2535 quo
214 2449 266 2514 die
288 2449 445 2535 proelium
474 2450 648 2515 secundum
677 2389 797 2516 (laesar
825 2451 958 2532 fecisset,
994 2453 1087 2515 simu-

129 2534 249 2598 lacrum
270 2536 439 2615 Victoriae,
463 2536 548 2621 quod
570 2546 643 2600 ante
670 2538 681 2600 i
705 2560 772 2600 sam
793 2537 971 2600 Minervam
993 2535 1088 2600 collo-

129 2629 233 2684 catum
263 2631 348 2696 esset
377 2634 408 2685 et
436 2633 509 2688 ante
532 2621 572 2685 ad
602 2561 803 2686 simulacrum
829 2623 991 2686 Minervae
1019 2628 1091 2706 spe'

128 2709 287 2786 ctavisset,
316 2706 357 2769 ad
382 2707 492 2771 valvas
516 2729 550 2770 se
571 2708 681 2793 templi
702 2707 861 2794 limenque
883 2709 1086 2772 convertisse.

129 2789 312 2876 Eodemque
335 2792 385 2855 die
407 2793 595 2857 Antiochiae
624 2796 657 2858 in
684 2793 778 2880 Syria
799 2793 848 2858 bis
870 2802 975 2857 tantus
999 2813 1089 2856 exer·

128 2878 217 2938 citus
233 2877 351 2942 clamor
373 2887 404 2940 et
426 2880 586 2963 signorum
614 2902 709 2944 sonus
732 2879 897 2944 exauditus
920 2887 977 2959 est,
999 2887 1033 2940 ut
1055 2877 1088 2940 in

130 2965 227 3024 muris
251 2973 372 3026 murata
399 2966 509 3027 civitas
540 2964 739 3030 discurreret·
769 2965 840 3028 Hoc
868 2964 952 3030 idem
984 2962 1087 3026 Ptole-

129 3046 232 3110 maide
269 3048 392 3111 accidit.
428 3049 577 3134 Pergami
612 3051 646 3113 in
678 3050 807 3116 occultis
845 3071 882 3114 ac
917 3047 1088 3112 reconditis

128 3131 248 3217 templi,
282 3155 344 3218 quo
376 3144 502 3218 praeter
534 3136 714 3200 sacerdotes
744 3137 832 3199 adire
860 3136 908 3198 fas
937 3157 1000 3198 non
1030 3142 1087 3214 est,

128 3241 209 3302 quae
221 3219 337 3282 Graeci
350 3213 445 3282 ἄδυτα
457 3217 626 3304 appellant,
642 3231 794 3306 tympana
805 3230 985 3286 sonuerunt.
1008 3218 1088 3283 Item

128 3302 287 3366 Trallibus
310 3304 482 3390 intemplo
507 3305 672 3387 Victoriae,
705 3307 761 3371 ubi
784 3306 930 3371 Caesaris
954 3315 1088 3368 statuam

130 3400 404 3468 consecraverant,
426 3389 532 3475 palma
549 3414 608 3475 per
628 3415 682 3458 eos
701 3393 768 3456 dies
786 3394 904 3466 intacta
918 3392 1000 3453 inter
1018 3411 1088 3453 coa-

128 3489 257 3558 grneuta
268 3471 408 3559 lapidum
424 3497 465 3538 ex
481 3478 659 3560 pavimento
676 3479 834 3544 exstitisse
853 3475 1087 3548 ostendebatur,
