2562 3970
309 185 314 188 ’
393 235 528 302 comu
550 236 567 300 1
589 233 682 301 cnr.
704 235 842 300 44-4a
1038 236 1095 306 ar

140 409 257 496 oppido
289 416 395 472 sutem
423 406 555 472 declivis
577 406 665 472 locus
688 409 776 471 tenui
797 407 922 490 fastigio
944 407 1097 492 vergebat
1183 429 1186 438 ¹

139 497 182 559 in¹
195 493 423 580 longitudinem
444 515 597 578 passuum
619 494 744 558 circiter
769 498 866 556 CCCC.
888 491 959 556 Hac
981 495 1096 557 nostris

140 590 209 646 crat
235 587 391 664 receptus,
427 577 513 664 quod
546 601 583 642 eo
610 579 732 646 incitati
760 578 862 642 studio
875 659 876 663 Ἰ
889 578 1096 642 inconsultlus

138 673 384 751 processerant3·
400 663 461 728 hoc
482 663 682 812 pugnabatur
703 662 784 744 loco,
808 673 839 726 et
856 673 984 748 propter
999 687 1095 748 angu-

141 751 217 814 stias
238 750 344 835 iniquo
367 757 399 814 et
441 771 481 813 uo
976 749 983 764 '

526 748 585 812 sub
606 750 683 835 ipsis
704 748 865 813 radicibus
887 757 1001 812 montis
1023 771 1095 814 con·
1166 785 1169 790 -
1271 753 1272 756 ’

143 837 297 914 stiterunt,
319 843 397 898 utu
443 856 497 898 um
518 833 636 898 frustra
658 833 756 898 telum
777 835 887 899 ineos
909 835 1094 900 mitteretur.
1204 881 1207 886 -

139 915 261 984 Tamen
282 921 396 985 virtute
419 929 451 982 et
471 920 624 1004 patientia
653 919 835 985 nitebantur
868 928 964 1004 atque
990 922 1096 984 omnia
1182 927 1185 934 ’

138 1004 273 1069 vulnera
295 1003 500 1068 sustinebant.
523 1004 711 1090 Augebatur
732 1004 795 1068 illis
818 1027 855 1068 co
877 1006 917 1085 ia,
941 1015 1035 1091 atque
1055 1027 1096 1068 ex

139 1092 254 1156 castris
277 1089 420 1154 cohortes
442 1112 499 1174 per
521 1089 671 1175 oppidum
689 1089 801 1154 crebro
823 1027 1095 1172 submittebantur,

137 1185 174 1240 ut
193 1177 308 1260 integri
339 1174 472 1240 defessis
502 1175 717 1239 succederent.
755 1175 827 1239 Hoc
858 1175 942 1238 idem
976 1175 1096 1240 Caesar

137 1260 243 1326 lacere
265 1259 446 1344 cogebatur,
469 1270 504 1324 ut
526 1259 690 1324 submissis
712 1261 745 1324 in
768 1260 904 1325 eundem
926 1261 1030 1326 locum
1045 1285 1094 1324 eo·

136 1344 283 1411 hortibus
305 1345 446 1410 defessos
467 1347 632 1430 reciperet

100 1492 102 1496 ⁴
201 1431 254 1494 46.
276 1431 348 1496 Hoc
363 1452 459 1516 quum
481 1440 566 1494 esset
586 1431 679 1495 modo
701 1440 877 1517 pugnatum
899 1433 1096 1508 continenter

137 1515 224 1582 horis
257 1517 394 1602 quinque
420 1517 584 1601 nostrique
605 1519 733 1601 gravius
756 1539 776 1580 a
796 1516 995 1580 multitudine
1024 1540 1094 1603 pre-

137 1611 308 1678 merentur,
332 1603 526 1686 consumptis
538 1601 682 1666 omnibus
704 1601 777 1666 telis
799 1601 914 1687 gladiis
937 1602 1095 1667 destrictis

137 1689 290 1772 impetum
311 1686 464 1752 adversus
486 1696 625 1752 montem
646 1687 679 1750 in
702 1687 847 1750 cohortes
879 1687 999 1752 faciunt
1020 1710 1095 1773 pau·
1124 1705 1135 1750 I

139 1773 248 1856 cisque
284 1772 413 1836 deiectis
449 1770 588 1857 reliquos
629 1795 699 1838 sese
741 1783 926 1838 convertere
969 1785 1094 1858 cogunt

139 1855 300 1922 Submotis
330 1857 388 1921 sub
402 1873 535 1922 'murum
558 1856 741 1922 cohortibus
772 1880 809 1920 ac
830 1857 984 1922 nonnulla
1004 1870 1095 1944 parte

137 1951 268 2027 propter
288 1952 442 2006 terrorem
462 1945 495 2006 in
528 1942 678 2029 oppidum
711 1943 881 2028 compulsis
914 1944 1015 2008 facilis
1048 1954 1096 2010 est

138 2029 255 2093 nostris
281 2037 427 2112 receptus
450 2027 552 2092 datus.
585 2028 754 2115 Equitatus
787 2038 890 2093 autem
923 2039 1032 2094 noster
1054 2029 1094 2093 ab

138 2123 272 2198 utroque
294 2112 400 2194 latere,
437 2115 498 2178 etsi
524 2112 655 2178 deiectis
678 2125 772 2216 atque
792 2113 994 2179 inferioribus
1017 2114 1095 2181 locis

139 2199 333 2280 constiterat,
356 2207 463 2262 tamen
483 2199 517 2262 iu
540 2221 697 2264 summum
719 2222 827 2284 rugum
849 2202 966 2264 virtrte
989 2204 1095 2265 conni-

138 2285 216 2348 titur
237 2293 332 2370 atque
354 2285 436 2348 inter
456 2283 536 2347 duas
558 2286 644 2350 acies
671 2287 873 2370 perequitans
906 2287 1095 2352 commodio-

138 2391 206 2435 rem
229 2391 266 2435 ac
287 2371 432 2434 tutiorem
454 2371 571 2439 nostris
592 2381 755 2456 receptum
777 2370 840 2434 dat.
862 2370 911 2435 Ita
925 2375 1015 2436 vario
1030 2395 1095 2438 cer·

138 2456 257 2518 tamine
278 2465 452 2540 pugnatum
475 2464 531 2518 est.
554 2455 662 2520 Nostri
683 2457 716 2519 in
730 2458 832 2542 primo
847 2478 1021 2542 congressu
1036 2461 1095 2523 cir·

139 2540 219 2604 citer
240 2547 312 2602 LXX
335 2540 527 2620 ceciderunt,
554 2543 588 2604 in
610 2541 658 2604 his
682 2541 721 2622 Q.
744 2541 910 2626 Fulginius
931 2565 972 2607 ex
993 2545 1094 2629 primo

139 2624 265 2689 hastato
293 2625 427 2710 legionis
463 2633 547 2707 XIIII,
582 2629 636 2712 qui
667 2637 797 2712 propter
829 2622 978 2692 eximiam
998 2631 1095 2693 uirtu-

139 2719 203 2774 tem
226 2733 266 2774 ex
286 2711 487 2796 inferioribus
510 2711 674 2776 ordinibus
697 2714 731 2775 in
753 2735 826 2778 eum
847 2713 952 2778 locum
984 2735 1094 2799 perve-

140 2806 248 2878 nerat,
277 2795 485 2860 vulneranurr
507 2797 641 2882 amplius
672 2803 727 2860 DC.
763 2797 817 2860 Ex
844 2798 1025 2862 Afranianis
1047 2801 1093 2862 in·

139 2880 337 2946 terficiuntur
370 2881 407 2944 T.
442 2881 616 2964 Caecilius,
653 2885 747 2968 primi
782 2883 839 2969 pili
875 2886 1026 2965 centurio,
1064 2886 1107 2949 et

139 2975 268 3052 praeter
297 2989 369 3031 eum
399 2969 598 3033 centuriones
635 2976 692 3050 IIII,
726 2969 840 3034 milites
870 2968 1004 3068 amplius
1043 2975 1094 3032 00.

204 3051 255 3115 47.
279 3051 344 3116 Sed
364 3051 443 3116 haec
465 3055 532 3116 eius
555 3051 618 3115 diei
645 3055 822 3138 praefertur
853 3055 967 3138 opimo,
1005 3064 1039 3116 ut
1060 3077 1095 3118 sc

139 3139 204 3200 utri
226 3160 266 3201 ue
278 3139 455 3223 superiores
468 3137 651 3202 discessisse
663 3140 895 3204 existimarent:
919 3139 1093 3222 Afraniani,

141 3159 234 3307 quod,
258 3244 354 3308 quum
376 3245 446 3287 esse
469 3224 607 3286 omnium
628 3224 743 3288 iudicio
764 3225 928 3290 inferiores
950 3225 1094 3288 videren-

141 3315 201 3388 tur,
225 3309 399 3373 comminus
420 3317 486 3371 tam
507 3307 562 3371 diu
584 3310 744 3374 stetissent
766 3319 798 3374 et
825 3320 1005 3374 nostrorum
1037 3311 1093 3373 im·

143 3401 248 3476 petum
270 3393 491 3457 sustinuissent
513 3403 544 3458 et
565 3395 654 3459 initio
676 3394 781 3460 locum
812 3393 1028 3482 tumulumque
1050 3406 1094 3458 te·

143 3478 291 3560 nuissent,
329 3501 417 3564 quae
443 3501 539 3543 causa
570 3479 733 3564 pugnandi
764 3481 874 3562 firerat,
908 3489 940 3544 et
970 3490 1094 3555 nostros
