<?xml version="1.0" encoding="UTF-8"?>
<!DOCTYPE html PUBLIC "-//W3C//DTD XHTML 1.0 Transitional//EN"
    "http://www.w3.org/TR/xhtml1/DTD/xhtml1-transitional.dtd">
<html xmlns="http://www.w3.org/1999/xhtml" xml:lang="en" lang="en">
 <head>
  <title>
</title>
<meta http-equiv="Content-Type" content="text/html;charset=utf-8" />
  <meta name='ocr-system' content='tesseract 3.04.00' />
  <meta name='ocr-capabilities' content='ocr_page ocr_carea ocr_par ocr_line ocrx_word'/>
</head>
<body>
  <div class='ocr_page' id='page_1' title='image "./ciuliicaesarisc01hirtgoog_0409.png"; bbox 0 0 2562 3970; ppageno 0'>
   <div class='ocr_carea' id='block_1_1' title="bbox 168 139 879 263">
    <p class='ocr_par' dir='ltr' id='par_1_1' title="bbox 168 139 879 263">
     <span class='ocr_line' id='line_1_1' title="bbox 168 139 879 263; baseline 0.01 -20"><span class='ocrx_word' id='word_1_1' title='bbox 168 139 172 144; x_wconf 66' lang='grc'><strong>’</strong></span> <span class='ocrx_word' id='word_1_2' title='bbox 212 181 254 244; x_wconf 76' lang='lat' dir='ltr'><strong>cr</strong></span> <span class='ocrx_word' id='word_1_3' title='bbox 499 186 560 250; x_wconf 83' lang='lat' dir='ltr'><strong>on</strong></span> <span class='ocrx_word' id='word_1_4' title='bbox 580 185 724 263; x_wconf 78' lang='lat' dir='ltr'><strong>annno</strong></span> <span class='ocrx_word' id='word_1_5' title='bbox 747 184 879 250; x_wconf 81' lang='lat' dir='ltr'><strong>onum</strong></span> 
     </span>
    </p>
   </div>
   <div class='ocr_carea' id='block_1_2' title="bbox 214 354 1261 783">
    <p class='ocr_par' dir='ltr' id='par_1_2' title="bbox 214 354 1261 783">
     <span class='ocr_line' id='line_1_2' title="bbox 214 354 1168 438; baseline -0.001 -16"><span class='ocrx_word' id='word_1_6' title='bbox 214 361 277 422; x_wconf 81' lang='lat' dir='ltr'><strong>tius</strong></span> <span class='ocrx_word' id='word_1_7' title='bbox 297 358 483 423; x_wconf 87' lang='lat' dir='ltr'><strong>reficiendas</strong></span> <span class='ocrx_word' id='word_1_8' title='bbox 505 356 597 420; x_wconf 87' lang='lat' dir='ltr'><strong>huius</strong></span> <span class='ocrx_word' id='word_1_9' title='bbox 626 354 704 420; x_wconf 90' lang='lat' dir='ltr'><strong>belli</strong></span> <span class='ocrx_word' id='word_1_10' title='bbox 732 378 828 421; x_wconf 86' lang='lat' dir='ltr'><strong>causa</strong></span> <span class='ocrx_word' id='word_1_11' title='bbox 850 367 1023 438; x_wconf 76' lang='lat' dir='ltr'><strong>curaverat,</strong></span> <span class='ocrx_word' id='word_1_12' title='bbox 1044 358 1168 421; x_wconf 86' lang='lat' dir='ltr'><strong>veritus</strong></span> 
     </span>
     <span class='ocr_line' id='line_1_3' title="bbox 215 439 1259 528; baseline -0.002 -20"><span class='ocrx_word' id='word_1_13' title='bbox 215 445 342 508; x_wconf 86' lang='lat' dir='ltr'><strong>navium</strong></span> <span class='ocrx_word' id='word_1_14' title='bbox 356 442 587 508; x_wconf 81' lang='lat' dir='ltr'><strong>multitudinem</strong></span> <span class='ocrx_word' id='word_1_15' title='bbox 601 463 643 504; x_wconf 88' lang='lat' dir='ltr'><strong>ex</strong></span> <span class='ocrx_word' id='word_1_16' title='bbox 660 439 723 506; x_wconf 83' lang='lat' dir='ltr'><strong>alto</strong></span> <span class='ocrx_word' id='word_1_17' title='bbox 738 441 898 525; x_wconf 81' lang='lat' dir='ltr'><strong>refugerat</strong></span> <span class='ocrx_word' id='word_1_18' title='bbox 916 463 935 504; x_wconf 87' lang='lat' dir='ltr'><strong>a</strong></span> <span class='ocrx_word' id='word_1_19' title='bbox 957 442 1109 528; x_wconf 87' lang='lat' dir='ltr'><strong>pulsaque</strong></span> <span class='ocrx_word' id='word_1_20' title='bbox 1126 441 1169 506; x_wconf 85' lang='lat' dir='ltr'><strong>ad</strong></span> <span class='ocrx_word' id='word_1_21' title='bbox 1258 447 1259 478; x_wconf 59' lang='lat' dir='ltr'><strong>l</strong></span> 
     </span>
     <span class='ocr_line' id='line_1_4' title="bbox 214 465 1169 614; baseline -0.002 -22"><span class='ocrx_word' id='word_1_22' title='bbox 214 530 391 614; x_wconf 84' lang='lat' dir='ltr'><strong>proximum</strong></span> <span class='ocrx_word' id='word_1_23' title='bbox 410 528 483 591; x_wconf 89' lang='lat' dir='ltr'><strong>litus</strong></span> <span class='ocrx_word' id='word_1_24' title='bbox 500 528 629 591; x_wconf 82' lang='lat' dir='ltr'><strong>trireme</strong></span> <span class='ocrx_word' id='word_1_25' title='bbox 651 534 810 590; x_wconf 85' lang='lat' dir='ltr'><strong>constrata</strong></span> <span class='ocrx_word' id='word_1_26' title='bbox 832 535 864 589; x_wconf 91' lang='lat' dir='ltr'><strong>et</strong></span> <span class='ocrx_word' id='word_1_27' title='bbox 886 528 918 590; x_wconf 90' lang='lat' dir='ltr'><strong>in</strong></span> <span class='ocrx_word' id='word_1_28' title='bbox 935 465 1032 590; x_wconf 75' lang='lat' dir='ltr'><strong>litore</strong></span> <span class='ocrx_word' id='word_1_29' title='bbox 1054 526 1169 590; x_wconf 85' lang='lat' dir='ltr'><strong>relicta</strong></span> 
     </span>
     <span class='ocr_line' id='line_1_5' title="bbox 214 610 1261 699; baseline -0.003 -22"><span class='ocrx_word' id='word_1_30' title='bbox 214 613 348 699; x_wconf 89' lang='lat' dir='ltr'><strong>podibus</strong></span> <span class='ocrx_word' id='word_1_31' title='bbox 370 613 578 676; x_wconf 87' lang='lat' dir='ltr'><strong>Adrumetum</strong></span> <span class='ocrx_word' id='word_1_32' title='bbox 597 611 789 696; x_wconf 79' lang='lat' dir='ltr'><strong>perfugerat</strong></span> <span class='ocrx_word' id='word_1_33' title='bbox 811 611 850 675; x_wconf 94' lang='lat' dir='ltr'><strong>Id</strong></span> <span class='ocrx_word' id='word_1_34' title='bbox 864 611 1012 697; x_wconf 89' lang='lat' dir='ltr'><strong>oppidum</strong></span> <span class='ocrx_word' id='word_1_35' title='bbox 1026 610 1061 675; x_wconf 75' lang='lat' dir='ltr'><strong>(l.</strong></span> <span class='ocrx_word' id='word_1_36' title='bbox 1084 610 1167 676; x_wconf 76' lang='lat' dir='ltr'><strong>Gon·</strong></span> <span class='ocrx_word' id='word_1_37' title='bbox 1260 687 1261 696; x_wconf 9' lang='grc' dir='ltr'>χ</span> 
     </span>
     <span class='ocr_line' id='line_1_6' title="bbox 217 695 1261 783; baseline -0.001 -20"><span class='ocrx_word' id='word_1_38' title='bbox 217 698 315 764; x_wconf 84' lang='lat' dir='ltr'><strong>sidius</strong></span> <span class='ocrx_word' id='word_1_39' title='bbox 329 698 459 783; x_wconf 90' lang='lat' dir='ltr'><strong>Longus</strong></span> <span class='ocrx_word' id='word_1_40' title='bbox 474 699 566 760; x_wconf 90' lang='lat' dir='ltr'><strong>unius</strong></span> <span class='ocrx_word' id='word_1_41' title='bbox 588 697 719 780; x_wconf 80' lang='lat' dir='ltr'><strong>legionis</strong></span> <span class='ocrx_word' id='word_1_42' title='bbox 739 696 898 781; x_wconf 86' lang='lat' dir='ltr'><strong>praesidio</strong></span> <span class='ocrx_word' id='word_1_43' title='bbox 914 695 1070 760; x_wconf 87' lang='lat' dir='ltr'><strong>tuebatur.</strong></span> <span class='ocrx_word' id='word_1_44' title='bbox 1082 695 1168 761; x_wconf 88' lang='lat' dir='ltr'><strong>Reli·</strong></span> <span class='ocrx_word' id='word_1_45' title='bbox 1260 699 1261 762; x_wconf 76' lang='lat' dir='ltr'>J</span> 
     </span>
    </p>
   </div>
   <div class='ocr_carea' id='block_1_3' title="bbox 215 781 1257 1015">
    <p class='ocr_par' dir='ltr' id='par_1_3' title="bbox 215 781 1257 1015">
     <span class='ocr_line' id='line_1_7' title="bbox 216 781 1257 930; baseline -0.004 -82"><span class='ocrx_word' id='word_1_46' title='bbox 216 806 295 870; x_wconf 84' lang='lat' dir='ltr'><strong>quae</strong></span> <span class='ocrx_word' id='word_1_47' title='bbox 311 782 456 848; x_wconf 80' lang='lat' dir='ltr'><strong>Caesaris</strong></span> <span class='ocrx_word' id='word_1_48' title='bbox 471 804 569 846; x_wconf 88' lang='lat' dir='ltr'><strong>naves</strong></span> <span class='ocrx_word' id='word_1_49' title='bbox 584 783 652 845; x_wconf 90' lang='lat' dir='ltr'><strong>eius</strong></span> <span class='ocrx_word' id='word_1_50' title='bbox 667 781 742 930; x_wconf 55' lang='lat' dir='ltr'><strong>fulge</strong></span> <span class='ocrx_word' id='word_1_51' title='bbox 764 803 798 844; x_wconf 90' lang='lat' dir='ltr'><strong>se</strong></span> <span class='ocrx_word' id='word_1_52' title='bbox 813 781 1020 845; x_wconf 86' lang='lat' dir='ltr'><strong>Adrumetum</strong></span> <span class='ocrx_word' id='word_1_53' title='bbox 1039 803 1168 866; x_wconf 86' lang='lat' dir='ltr'><strong>recepe·</strong></span> <span class='ocrx_word' id='word_1_54' title='bbox 1253 850 1257 874; x_wconf 34' lang='lat'><em>0</em></span> 
     </span>
     <span class='ocr_line' id='line_1_8' title="bbox 215 865 1168 1015; baseline -0.004 -83"><span class='ocrx_word' id='word_1_55' title='bbox 215 877 296 932; x_wconf 91' lang='lat' dir='ltr'><strong>runt.</strong></span> <span class='ocrx_word' id='word_1_56' title='bbox 315 869 409 932; x_wconf 87' lang='lat' dir='ltr'><strong>Hunc</strong></span> <span class='ocrx_word' id='word_1_57' title='bbox 420 867 688 932; x_wconf 87' lang='lat' dir='ltr'><strong>secutusMarcius</strong></span> <span class='ocrx_word' id='word_1_58' title='bbox 725 865 794 930; x_wconf 80' lang='lat' dir='ltr'><strong>usus</strong></span> <span class='ocrx_word' id='word_1_59' title='bbox 807 875 954 1015; x_wconf 43' lang='lat' dir='ltr'><strong>Quaestor</strong></span> <span class='ocrx_word' id='word_1_60' title='bbox 965 865 1099 929; x_wconf 85' lang='lat' dir='ltr'><strong>navibus</strong></span> <span class='ocrx_word' id='word_1_61' title='bbox 1106 873 1168 949; x_wconf 83' lang='lat' dir='ltr'>XII,</span> 
     </span>
    </p>
   </div>
   <div class='ocr_carea' id='block_1_4' title="bbox 212 950 1172 2148">
    <p class='ocr_par' dir='ltr' id='par_1_4' title="bbox 215 950 1171 1208">
     <span class='ocr_line' id='line_1_9' title="bbox 216 950 1169 1040; baseline -0.002 -23"><span class='ocrx_word' id='word_1_62' title='bbox 216 975 293 1038; x_wconf 86' lang='lat' dir='ltr'><strong>quas</strong></span> <span class='ocrx_word' id='word_1_63' title='bbox 313 953 470 1040; x_wconf 88' lang='lat' dir='ltr'><strong>praesidio</strong></span> <span class='ocrx_word' id='word_1_64' title='bbox 492 953 643 1016; x_wconf 87' lang='lat' dir='ltr'><strong>onerariis</strong></span> <span class='ocrx_word' id='word_1_65' title='bbox 658 951 791 1016; x_wconf 80' lang='lat' dir='ltr'><strong>navibus</strong></span> <span class='ocrx_word' id='word_1_66' title='bbox 835 952 904 1016; x_wconf 91' lang='lat' dir='ltr'><strong>urio</strong></span> <span class='ocrx_word' id='word_1_67' title='bbox 920 973 960 1014; x_wconf 84' lang='lat' dir='ltr'><strong>ex</strong></span> <span class='ocrx_word' id='word_1_68' title='bbox 971 950 1079 1015; x_wconf 87' lang='lat' dir='ltr'><strong>Sicilia</strong></span> <span class='ocrx_word' id='word_1_69' title='bbox 1093 951 1169 1017; x_wconf 89' lang='lat' dir='ltr'><strong>edu·</strong></span> 
     </span>
     <span class='ocr_line' id='line_1_10' title="bbox 215 1036 1171 1125; baseline -0.001 -23"><span class='ocrx_word' id='word_1_70' title='bbox 215 1047 313 1118; x_wconf 85' lang='lat' dir='ltr'><strong>xerat,</strong></span> <span class='ocrx_word' id='word_1_71' title='bbox 322 1036 894 1125; x_wconf 80' lang='lat' dir='ltr'><strong>postquaminlitorerelictamnavem</strong></span> <span class='ocrx_word' id='word_1_72' title='bbox 902 1059 977 1101; x_wconf 90' lang='lat' dir='ltr'><strong>cons</strong></span> <span class='ocrx_word' id='word_1_73' title='bbox 1001 1038 1075 1118; x_wconf 85' lang='lat' dir='ltr'><strong>exit,</strong></span> <span class='ocrx_word' id='word_1_74' title='bbox 1086 1036 1171 1101; x_wconf 91' lang='lat' dir='ltr'><strong>hanc</strong></span> 
     </span>
     <span class='ocr_line' id='line_1_11' title="bbox 215 1059 1170 1208; baseline -0.002 -21"><span class='ocrx_word' id='word_1_75' title='bbox 215 1123 354 1188; x_wconf 89' lang='lat' dir='ltr'><strong>remulco</strong></span> <span class='ocrx_word' id='word_1_76' title='bbox 376 1123 543 1204; x_wconf 84' lang='lat' dir='ltr'><strong>abstraxit3</strong></span> <span class='ocrx_word' id='word_1_77' title='bbox 563 1124 630 1208; x_wconf 89' lang='lat' dir='ltr'><strong>ipse</strong></span> <span class='ocrx_word' id='word_1_78' title='bbox 642 1121 683 1186; x_wconf 83' lang='lat' dir='ltr'><strong>ad</strong></span> <span class='ocrx_word' id='word_1_79' title='bbox 695 1121 863 1188; x_wconf 74' lang='lat' dir='ltr'><strong>Curionem</strong></span> <span class='ocrx_word' id='word_1_80' title='bbox 875 1143 947 1186; x_wconf 89' lang='lat' dir='ltr'><strong>cum</strong></span> <span class='ocrx_word' id='word_1_81' title='bbox 958 1059 1059 1186; x_wconf 74' lang='lat' dir='ltr'><strong>clbsse</strong></span> <span class='ocrx_word' id='word_1_82' title='bbox 1076 1121 1170 1186; x_wconf 85' lang='lat' dir='ltr'><strong>redit</strong></span> 
     </span>
    </p>

    <p class='ocr_par' dir='ltr' id='par_1_5' title="bbox 212 1205 1172 2148">
     <span class='ocr_line' id='line_1_12' title="bbox 277 1205 1170 1288; baseline -0.004 -14"><span class='ocrx_word' id='word_1_83' title='bbox 277 1208 327 1274; x_wconf 79' lang='lat'><strong>24.</strong></span> <span class='ocrx_word' id='word_1_84' title='bbox 352 1207 447 1272; x_wconf 83' lang='lat' dir='ltr'><strong>Curio</strong></span> <span class='ocrx_word' id='word_1_85' title='bbox 475 1207 628 1272; x_wconf 87' lang='lat' dir='ltr'><strong>Marcium</strong></span> <span class='ocrx_word' id='word_1_86' title='bbox 660 1207 785 1274; x_wconf 83' lang='lat' dir='ltr'><strong>Uticam</strong></span> <span class='ocrx_word' id='word_1_87' title='bbox 815 1207 950 1271; x_wconf 87' lang='lat' dir='ltr'><strong>navibus</strong></span> <span class='ocrx_word' id='word_1_88' title='bbox 1003 1205 1170 1288; x_wconf 82' lang='lat' dir='ltr'><strong>raemittit3</strong></span> 
     </span>
     <span class='ocr_line' id='line_1_13' title="bbox 214 1230 1171 1379; baseline -0.001 -24"><span class='ocrx_word' id='word_1_89' title='bbox 214 1295 283 1379; x_wconf 91' lang='lat' dir='ltr'><strong>ipse</strong></span> <span class='ocrx_word' id='word_1_90' title='bbox 305 1293 423 1358; x_wconf 89' lang='lat' dir='ltr'><strong>eodem·</strong></span> <span class='ocrx_word' id='word_1_91' title='bbox 439 1315 511 1356; x_wconf 89' lang='lat' dir='ltr'><strong>oum</strong></span> <span class='ocrx_word' id='word_1_92' title='bbox 538 1294 678 1357; x_wconf 85' lang='lat' dir='ltr'><strong>exercitu</strong></span> <span class='ocrx_word' id='word_1_93' title='bbox 706 1293 913 1377; x_wconf 83' lang='lat' dir='ltr'><strong>proficiscitur</strong></span> <span class='ocrx_word' id='word_1_94' title='bbox 938 1230 1088 1379; x_wconf 70' lang='lat' dir='ltr'><strong>biduique</strong></span> <span class='ocrx_word' id='word_1_95' title='bbox 1108 1294 1171 1356; x_wconf 86' lang='lat' dir='ltr'><strong>iter</strong></span> 
     </span>
     <span class='ocr_line' id='line_1_14' title="bbox 236 1375 1170 1464; baseline -0.003 -22"><span class='ocrx_word' id='word_1_96' title='bbox 236 1400 400 1464; x_wconf 79' lang='lat' dir='ltr'><strong>regressus</strong></span> <span class='ocrx_word' id='word_1_97' title='bbox 433 1379 474 1442; x_wconf 89' lang='lat' dir='ltr'><strong>ad</strong></span> <span class='ocrx_word' id='word_1_98' title='bbox 505 1377 622 1442; x_wconf 86' lang='lat' dir='ltr'><strong>flumen</strong></span> <span class='ocrx_word' id='word_1_99' title='bbox 656 1378 838 1464; x_wconf 79' lang='lat' dir='ltr'><strong>Bagradam</strong></span> <span class='ocrx_word' id='word_1_100' title='bbox 858 1379 1011 1464; x_wconf 86' lang='lat' dir='ltr'><strong>pervenit.</strong></span> <span class='ocrx_word' id='word_1_101' title='bbox 1055 1377 1106 1440; x_wconf 91' lang='lat' dir='ltr'><strong>Ibi</strong></span> <span class='ocrx_word' id='word_1_102' title='bbox 1132 1375 1170 1440; x_wconf 79' lang='lat' dir='ltr'><strong>O.</strong></span> 
     </span>
     <span class='ocr_line' id='line_1_15' title="bbox 214 1401 1170 1548; baseline -0.004 -20"><span class='ocrx_word' id='word_1_103' title='bbox 214 1401 383 1528; x_wconf 63' lang='lat' dir='ltr'><strong>denisium</strong></span> <span class='ocrx_word' id='word_1_104' title='bbox 404 1463 550 1528; x_wconf 86' lang='lat' dir='ltr'><strong>Rebilum</strong></span> <span class='ocrx_word' id='word_1_105' title='bbox 571 1463 710 1548; x_wconf 84' lang='lat' dir='ltr'><strong>legatum</strong></span> <span class='ocrx_word' id='word_1_106' title='bbox 730 1485 804 1526; x_wconf 91' lang='lat' dir='ltr'><strong>cum</strong></span> <span class='ocrx_word' id='word_1_107' title='bbox 824 1463 1001 1548; x_wconf 85' lang='lat' dir='ltr'><strong>legionibus</strong></span> <span class='ocrx_word' id='word_1_108' title='bbox 1023 1461 1170 1548; x_wconf 80' lang='lat' dir='ltr'><strong>reliquit3</strong></span> 
     </span>
     <span class='ocr_line' id='line_1_16' title="bbox 214 1546 1168 1634; baseline 0.001 -23"><span class='ocrx_word' id='word_1_109' title='bbox 214 1550 283 1614; x_wconf 90' lang='lat' dir='ltr'><strong>ise</strong></span> <span class='ocrx_word' id='word_1_110' title='bbox 311 1571 384 1613; x_wconf 89' lang='lat' dir='ltr'><strong>eum</strong></span> <span class='ocrx_word' id='word_1_111' title='bbox 412 1551 552 1634; x_wconf 85' lang='lat' dir='ltr'><strong>equitatu</strong></span> <span class='ocrx_word' id='word_1_112' title='bbox 581 1549 737 1614; x_wconf 80' lang='lat' dir='ltr'><strong>antecedit</strong></span> <span class='ocrx_word' id='word_1_113' title='bbox 765 1549 806 1612; x_wconf 88' lang='lat' dir='ltr'><strong>ad</strong></span> <span class='ocrx_word' id='word_1_114' title='bbox 835 1557 939 1612; x_wconf 86' lang='lat' dir='ltr'><strong>castra</strong></span> <span class='ocrx_word' id='word_1_115' title='bbox 970 1546 1168 1634; x_wconf 85' lang='lat' dir='ltr'><strong>exploranda</strong></span> 
     </span>
     <span class='ocr_line' id='line_1_17' title="bbox 215 1571 1170 1722; baseline -0.003 -23"><span class='ocrx_word' id='word_1_116' title='bbox 215 1571 414 1716; x_wconf 62' lang='lat' dir='ltr'><strong>demetiam,</strong></span> <span class='ocrx_word' id='word_1_117' title='bbox 446 1635 531 1720; x_wconf 91' lang='lat' dir='ltr'><strong>quod</strong></span> <span class='ocrx_word' id='word_1_118' title='bbox 551 1635 579 1722; x_wconf 84' lang='lat' dir='ltr'><strong>is</strong></span> <span class='ocrx_word' id='word_1_119' title='bbox 601 1633 689 1699; x_wconf 89' lang='lat' dir='ltr'><strong>locus</strong></span> <span class='ocrx_word' id='word_1_120' title='bbox 715 1634 905 1719; x_wconf 87' lang='lat' dir='ltr'><strong>peridoneus</strong></span> <span class='ocrx_word' id='word_1_121' title='bbox 934 1636 1046 1698; x_wconf 86' lang='lat' dir='ltr'><strong>castris</strong></span> <span class='ocrx_word' id='word_1_122' title='bbox 1073 1631 1170 1696; x_wconf 84' lang='lat' dir='ltr'><strong>habe·</strong></span> 
     </span>
     <span class='ocr_line' id='line_1_18' title="bbox 214 1712 1170 1803; baseline 0 -19"><span class='ocrx_word' id='word_1_123' title='bbox 214 1719 316 1784; x_wconf 78' lang='lat' dir='ltr'><strong>batim.</strong></span> <span class='ocrx_word' id='word_1_124' title='bbox 331 1719 370 1784; x_wconf 94' lang='lat' dir='ltr'><strong>Id</strong></span> <span class='ocrx_word' id='word_1_125' title='bbox 391 1728 496 1784; x_wconf 87' lang='lat' dir='ltr'><strong>autem</strong></span> <span class='ocrx_word' id='word_1_126' title='bbox 510 1729 559 1784; x_wconf 84' lang='lat' dir='ltr'><strong>est</strong></span> <span class='ocrx_word' id='word_1_127' title='bbox 577 1721 686 1803; x_wconf 87' lang='lat' dir='ltr'><strong>iugum</strong></span> <span class='ocrx_word' id='word_1_128' title='bbox 700 1719 854 1784; x_wconf 74' lang='lat' dir='ltr'><strong>directim]</strong></span> <span class='ocrx_word' id='word_1_129' title='bbox 869 1721 1009 1783; x_wconf 87' lang='lat' dir='ltr'><strong>eminens</strong></span> <span class='ocrx_word' id='word_1_130' title='bbox 1023 1719 1058 1782; x_wconf 92' lang='lat' dir='ltr'><strong>in</strong></span> <span class='ocrx_word' id='word_1_131' title='bbox 1072 1712 1170 1799; x_wconf 66' lang='lat' dir='ltr'><strong>made,</strong></span> 
     </span>
     <span class='ocr_line' id='line_1_19' title="bbox 212 1803 1172 1892; baseline -0.004 -22"><span class='ocrx_word' id='word_1_132' title='bbox 212 1814 347 1892; x_wconf 85' lang='lat' dir='ltr'><strong>utraque</strong></span> <span class='ocrx_word' id='word_1_133' title='bbox 377 1827 418 1870; x_wconf 84' lang='lat' dir='ltr'><strong>ex</strong></span> <span class='ocrx_word' id='word_1_134' title='bbox 444 1814 533 1891; x_wconf 83' lang='lat' dir='ltr'><strong>parto</strong></span> <span class='ocrx_word' id='word_1_135' title='bbox 561 1813 764 1890; x_wconf 86' lang='lat' dir='ltr'><strong>praeruptum</strong></span> <span class='ocrx_word' id='word_1_136' title='bbox 796 1813 890 1890; x_wconf 85' lang='lat' dir='ltr'><strong>atque</strong></span> <span class='ocrx_word' id='word_1_137' title='bbox 923 1825 1079 1888; x_wconf 86' lang='lat' dir='ltr'><strong>asperum,</strong></span> <span class='ocrx_word' id='word_1_138' title='bbox 1114 1803 1172 1867; x_wconf 90' lang='lat' dir='ltr'><strong>scd</strong></span> 
     </span>
     <span class='ocr_line' id='line_1_20' title="bbox 214 1889 1171 1977; baseline -0.004 -21"><span class='ocrx_word' id='word_1_139' title='bbox 214 1900 320 1956; x_wconf 88' lang='lat' dir='ltr'><strong>tamen</strong></span> <span class='ocrx_word' id='word_1_140' title='bbox 347 1891 442 1977; x_wconf 88' lang='lat' dir='ltr'><strong>paulo</strong></span> <span class='ocrx_word' id='word_1_141' title='bbox 472 1891 591 1954; x_wconf 90' lang='lat' dir='ltr'><strong>leniore</strong></span> <span class='ocrx_word' id='word_1_142' title='bbox 617 1891 742 1974; x_wconf 87' lang='lat' dir='ltr'><strong>fastigio</strong></span> <span class='ocrx_word' id='word_1_143' title='bbox 770 1889 810 1954; x_wconf 91' lang='lat' dir='ltr'><strong>ab</strong></span> <span class='ocrx_word' id='word_1_144' title='bbox 840 1911 879 1954; x_wconf 86' lang='lat' dir='ltr'><strong>ea</strong></span> <span class='ocrx_word' id='word_1_145' title='bbox 904 1898 1002 1975; x_wconf 84' lang='lat' dir='ltr'><strong>parte,</strong></span> <span class='ocrx_word' id='word_1_146' title='bbox 1025 1909 1107 1975; x_wconf 90' lang='lat' dir='ltr'><strong>quae</strong></span> <span class='ocrx_word' id='word_1_147' title='bbox 1128 1889 1171 1952; x_wconf 87' lang='lat' dir='ltr'><strong>ad</strong></span> 
     </span>
     <span class='ocr_line' id='line_1_21' title="bbox 214 1973 1170 2060; baseline -0.005 -19"><span class='ocrx_word' id='word_1_148' title='bbox 214 1976 340 2041; x_wconf 90' lang='lat' dir='ltr'><strong>Uticam</strong></span> <span class='ocrx_word' id='word_1_149' title='bbox 361 1977 472 2060; x_wconf 86' lang='lat' dir='ltr'><strong>vergit.</strong></span> <span class='ocrx_word' id='word_1_150' title='bbox 494 1975 597 2040; x_wconf 86' lang='lat' dir='ltr'><strong>Abest</strong></span> <span class='ocrx_word' id='word_1_151' title='bbox 625 1975 742 2040; x_wconf 89' lang='lat' dir='ltr'><strong>directo</strong></span> <span class='ocrx_word' id='word_1_152' title='bbox 764 1976 877 2039; x_wconf 89' lang='lat' dir='ltr'><strong>itinere</strong></span> <span class='ocrx_word' id='word_1_153' title='bbox 900 1974 940 2038; x_wconf 91' lang='lat' dir='ltr'><strong>ab</strong></span> <span class='ocrx_word' id='word_1_154' title='bbox 961 1975 1055 2042; x_wconf 85' lang='lat' dir='ltr'><strong>&#39;Utica</strong></span> <span class='ocrx_word' id='word_1_155' title='bbox 1075 1973 1170 2059; x_wconf 88' lang='lat' dir='ltr'><strong>paulo</strong></span> 
     </span>
     <span class='ocr_line' id='line_1_22' title="bbox 214 2060 1170 2148; baseline -0.003 -22"><span class='ocrx_word' id='word_1_156' title='bbox 214 2062 348 2148; x_wconf 89' lang='lat' dir='ltr'><strong>amplius</strong></span> <span class='ocrx_word' id='word_1_157' title='bbox 370 2067 482 2147; x_wconf 88' lang='lat' dir='ltr'><strong>pas&#39;sus</strong></span> <span class='ocrx_word' id='word_1_158' title='bbox 509 2061 603 2125; x_wconf 89' lang='lat' dir='ltr'><strong>millo.</strong></span> <span class='ocrx_word' id='word_1_159' title='bbox 632 2061 697 2126; x_wconf 85' lang='lat' dir='ltr'><strong>Sed</strong></span> <span class='ocrx_word' id='word_1_160' title='bbox 711 2060 770 2126; x_wconf 89' lang='lat' dir='ltr'><strong>hoc</strong></span> <span class='ocrx_word' id='word_1_161' title='bbox 797 2062 908 2124; x_wconf 87' lang='lat' dir='ltr'><strong>itinere</strong></span> <span class='ocrx_word' id='word_1_162' title='bbox 935 2068 984 2123; x_wconf 90' lang='lat' dir='ltr'><strong>est</strong></span> <span class='ocrx_word' id='word_1_163' title='bbox 1004 2060 1084 2142; x_wconf 84' lang='lat' dir='ltr'><strong>fons,</strong></span> <span class='ocrx_word' id='word_1_164' title='bbox 1108 2080 1170 2144; x_wconf 90' lang='lat' dir='ltr'><strong>quo</strong></span> 
     </span>
    </p>
   </div>
   <div class='ocr_carea' id='block_1_5' title="bbox 89 2145 1261 2245">
    <p class='ocr_par' dir='ltr' id='par_1_6' title="bbox 89 2145 1261 2245">
     <span class='ocr_line' id='line_1_23' title="bbox 89 2145 1261 2245; baseline -0.002 -34"><span class='ocrx_word' id='word_1_165' title='bbox 89 2189 90 2192; x_wconf 58' lang='lat'><em>=</em></span> <span class='ocrx_word' id='word_1_166' title='bbox 213 2169 301 2213; x_wconf 87' lang='lat' dir='ltr'><strong>mare</strong></span> <span class='ocrx_word' id='word_1_167' title='bbox 331 2147 470 2212; x_wconf 78' lang='lat' dir='ltr'><strong>succedit</strong></span> <span class='ocrx_word' id='word_1_168' title='bbox 501 2147 640 2232; x_wconf 91' lang='lat' dir='ltr'><strong>longius,</strong></span> <span class='ocrx_word' id='word_1_169' title='bbox 669 2146 795 2232; x_wconf 87' lang='lat' dir='ltr'><strong>lateque</strong></span> <span class='ocrx_word' id='word_1_170' title='bbox 820 2149 848 2210; x_wconf 90' lang='lat' dir='ltr'><strong>is</strong></span> <span class='ocrx_word' id='word_1_171' title='bbox 877 2145 965 2228; x_wconf 90' lang='lat' dir='ltr'><strong>locus</strong></span> <span class='ocrx_word' id='word_1_172' title='bbox 993 2154 1171 2245; x_wconf 76' lang='lat' dir='ltr'><strong>restagnat3</strong></span> <span class='ocrx_word' id='word_1_173' title='bbox 1256 2211 1261 2220; x_wconf 76' lang='grc'>,</span> 
     </span>
    </p>
   </div>
   <div class='ocr_carea' id='block_1_6' title="bbox 121 2230 1261 3513">
    <p class='ocr_par' dir='ltr' id='par_1_7' title="bbox 214 2230 1171 2405">
     <span class='ocr_line' id='line_1_24' title="bbox 214 2230 1171 2319; baseline -0.005 -22"><span class='ocrx_word' id='word_1_174' title='bbox 214 2255 309 2319; x_wconf 90' lang='lat' dir='ltr'><strong>quem</strong></span> <span class='ocrx_word' id='word_1_175' title='bbox 331 2235 359 2296; x_wconf 90' lang='lat' dir='ltr'><strong>si</strong></span> <span class='ocrx_word' id='word_1_176' title='bbox 380 2234 434 2318; x_wconf 91' lang='lat' dir='ltr'><strong>qui</strong></span> <span class='ocrx_word' id='word_1_177' title='bbox 454 2235 555 2298; x_wconf 87' lang='lat' dir='ltr'><strong>vitare</strong></span> <span class='ocrx_word' id='word_1_178' title='bbox 576 2231 727 2312; x_wconf 85' lang='lat' dir='ltr'><strong>voluerit,</strong></span> <span class='ocrx_word' id='word_1_179' title='bbox 756 2253 813 2295; x_wconf 87' lang='lat' dir='ltr'><strong>sex</strong></span> <span class='ocrx_word' id='word_1_180' title='bbox 835 2230 956 2294; x_wconf 91' lang='lat' dir='ltr'><strong>milium</strong></span> <span class='ocrx_word' id='word_1_181' title='bbox 978 2231 1110 2294; x_wconf 85' lang='lat' dir='ltr'><strong>circuitu</strong></span> <span class='ocrx_word' id='word_1_182' title='bbox 1135 2251 1171 2292; x_wconf 90' lang='lat' dir='ltr'><strong>m</strong></span> 
     </span>
     <span class='ocr_line' id='line_1_25' title="bbox 214 2318 538 2405; baseline -0.006 -21"><span class='ocrx_word' id='word_1_183' title='bbox 214 2318 364 2405; x_wconf 90' lang='lat' dir='ltr'><strong>oppidum</strong></span> <span class='ocrx_word' id='word_1_184' title='bbox 384 2320 538 2403; x_wconf 88' lang='lat' dir='ltr'><strong>pervenit.</strong></span> 
     </span>
    </p>

    <p class='ocr_par' dir='ltr' id='par_1_8' title="bbox 121 2400 1261 3319">
     <span class='ocr_line' id='line_1_26' title="bbox 121 2400 1170 2489; baseline -0.005 -21"><span class='ocrx_word' id='word_1_185' title='bbox 121 2413 124 2421; x_wconf 84' lang='grc'><em>“</em></span> <span class='ocrx_word' id='word_1_186' title='bbox 276 2403 329 2468; x_wconf 81' lang='grc'><strong>25.</strong></span> <span class='ocrx_word' id='word_1_187' title='bbox 350 2403 421 2468; x_wconf 83' lang='grc' dir='ltr'><strong>Ηοο</strong></span> <span class='ocrx_word' id='word_1_188' title='bbox 451 2404 613 2489; x_wconf 82' lang='lat' dir='ltr'><strong>explorato</strong></span> <span class='ocrx_word' id='word_1_189' title='bbox 640 2402 709 2467; x_wconf 89' lang='lat' dir='ltr'><strong>loeo</strong></span> <span class='ocrx_word' id='word_1_190' title='bbox 740 2401 836 2467; x_wconf 80' lang='lat' dir='ltr'><strong>Osuio</strong></span> <span class='ocrx_word' id='word_1_191' title='bbox 866 2409 969 2466; x_wconf 81' lang='lat' dir='ltr'><strong>castra</strong></span> <span class='ocrx_word' id='word_1_192' title='bbox 990 2400 1068 2464; x_wconf 84' lang='lat' dir='ltr'><strong>Vari</strong></span> <span class='ocrx_word' id='word_1_193' title='bbox 1097 2421 1170 2464; x_wconf 88' lang='lat' dir='ltr'><strong>cou-</strong></span> 
     </span>
     <span class='ocr_line' id='line_1_27' title="bbox 214 2486 1261 2575; baseline -0.002 -23"><span class='ocrx_word' id='word_1_194' title='bbox 214 2489 308 2574; x_wconf 86' lang='lat' dir='ltr'><strong>spieit</strong></span> <span class='ocrx_word' id='word_1_195' title='bbox 336 2511 425 2552; x_wconf 92' lang='lat' dir='ltr'><strong>muro</strong></span> <span class='ocrx_word' id='word_1_196' title='bbox 456 2489 633 2575; x_wconf 89' lang='lat' dir='ltr'><strong>oppidoque</strong></span> <span class='ocrx_word' id='word_1_197' title='bbox 662 2489 830 2553; x_wconf 89' lang='lat' dir='ltr'><strong>coniuncta</strong></span> <span class='ocrx_word' id='word_1_198' title='bbox 859 2486 899 2550; x_wconf 88' lang='lat' dir='ltr'><strong>ad</strong></span> <span class='ocrx_word' id='word_1_199' title='bbox 927 2495 1060 2571; x_wconf 85' lang='lat' dir='ltr'><strong>portam,</strong></span> <span class='ocrx_word' id='word_1_200' title='bbox 1090 2507 1170 2571; x_wconf 90' lang='lat' dir='ltr'><strong>quae</strong></span> <span class='ocrx_word' id='word_1_201' title='bbox 1260 2539 1261 2550; x_wconf 67' lang='grc'>,</span> 
     </span>
     <span class='ocr_line' id='line_1_28' title="bbox 213 2570 1171 2660; baseline -0.005 -23"><span class='ocrx_word' id='word_1_202' title='bbox 213 2573 391 2660; x_wconf 84' lang='lat' dir='ltr'><strong>appellatur</strong></span> <span class='ocrx_word' id='word_1_203' title='bbox 412 2574 537 2656; x_wconf 86' lang='lat' dir='ltr'><strong>bellica,</strong></span> <span class='ocrx_word' id='word_1_204' title='bbox 559 2573 728 2638; x_wconf 79' lang='lat' dir='ltr'><strong>admodum</strong></span> <span class='ocrx_word' id='word_1_205' title='bbox 746 2574 869 2638; x_wconf 84' lang='lat' dir='ltr'><strong>munita</strong></span> <span class='ocrx_word' id='word_1_206' title='bbox 886 2582 1000 2636; x_wconf 86' lang='lat' dir='ltr'><strong>natura</strong></span> <span class='ocrx_word' id='word_1_207' title='bbox 1020 2570 1091 2652; x_wconf 83' lang='lat' dir='ltr'><strong>loci,</strong></span> <span class='ocrx_word' id='word_1_208' title='bbox 1107 2591 1171 2632; x_wconf 89' lang='lat' dir='ltr'><strong>una</strong></span> 
     </span>
     <span class='ocr_line' id='line_1_29' title="bbox 214 2654 1171 2745; baseline -0.008 -19"><span class='ocrx_word' id='word_1_209' title='bbox 214 2682 255 2726; x_wconf 85' lang='lat' dir='ltr'><strong>ex</strong></span> <span class='ocrx_word' id='word_1_210' title='bbox 275 2669 367 2745; x_wconf 83' lang='lat' dir='ltr'><strong>parte</strong></span> <span class='ocrx_word' id='word_1_211' title='bbox 391 2662 463 2745; x_wconf 88' lang='lat' dir='ltr'><strong>ipso</strong></span> <span class='ocrx_word' id='word_1_212' title='bbox 494 2659 609 2745; x_wconf 88' lang='lat' dir='ltr'><strong>oppido</strong></span> <span class='ocrx_word' id='word_1_213' title='bbox 638 2659 741 2741; x_wconf 90' lang='lat' dir='ltr'><strong>Utica,</strong></span> <span class='ocrx_word' id='word_1_214' title='bbox 770 2659 911 2724; x_wconf 83' lang='lat' dir='ltr'><strong>alterae</strong></span> <span class='ocrx_word' id='word_1_215' title='bbox 931 2657 1062 2739; x_wconf 86' lang='lat' dir='ltr'><strong>theatro,</strong></span> <span class='ocrx_word' id='word_1_216' title='bbox 1085 2654 1171 2740; x_wconf 87' lang='lat' dir='ltr'><strong>quod</strong></span> 
     </span>
     <span class='ocr_line' id='line_1_30' title="bbox 214 2743 1170 2831; baseline -0.008 -21"><span class='ocrx_word' id='word_1_217' title='bbox 214 2753 356 2810; x_wconf 87' lang='lat' dir='ltr'><strong>estante</strong></span> <span class='ocrx_word' id='word_1_218' title='bbox 383 2745 541 2831; x_wconf 85' lang='lat' dir='ltr'><strong>oppidum,</strong></span> <span class='ocrx_word' id='word_1_219' title='bbox 572 2744 854 2809; x_wconf 83' lang='lat' dir='ltr'><strong>substructionibus</strong></span> <span class='ocrx_word' id='word_1_220' title='bbox 884 2743 951 2808; x_wconf 90' lang='lat' dir='ltr'><strong>eius</strong></span> <span class='ocrx_word' id='word_1_221' title='bbox 981 2745 1083 2829; x_wconf 89' lang='lat' dir='ltr'><strong>operis</strong></span> <span class='ocrx_word' id='word_1_222' title='bbox 1105 2761 1170 2803; x_wconf 88' lang='lat' dir='ltr'><strong>ma·</strong></span> 
     </span>
     <span class='ocr_line' id='line_1_31' title="bbox 212 2825 1170 2914; baseline -0.006 -18"><span class='ocrx_word' id='word_1_223' title='bbox 212 2831 317 2914; x_wconf 73' lang='lat' dir='ltr'><strong>xlmis,</strong></span> <span class='ocrx_word' id='word_1_224' title='bbox 346 2831 432 2896; x_wconf 89' lang='lat' dir='ltr'><strong>aditu</strong></span> <span class='ocrx_word' id='word_1_225' title='bbox 464 2829 505 2894; x_wconf 88' lang='lat' dir='ltr'><strong>ad</strong></span> <span class='ocrx_word' id='word_1_226' title='bbox 533 2840 637 2894; x_wconf 84' lang='lat' dir='ltr'><strong>castra</strong></span> <span class='ocrx_word' id='word_1_227' title='bbox 665 2829 785 2894; x_wconf 88' lang='lat' dir='ltr'><strong>difficili</strong></span> <span class='ocrx_word' id='word_1_228' title='bbox 818 2837 849 2893; x_wconf 87' lang='lat' dir='ltr'><strong>et</strong></span> <span class='ocrx_word' id='word_1_229' title='bbox 881 2837 1026 2912; x_wconf 87' lang='lat' dir='ltr'><strong>angusto.</strong></span> <span class='ocrx_word' id='word_1_230' title='bbox 1069 2825 1170 2890; x_wconf 85' lang='lat' dir='ltr'><strong>Simul</strong></span> 
     </span>
     <span class='ocr_line' id='line_1_32' title="bbox 214 2911 1170 3002; baseline -0.004 -22"><span class='ocrx_word' id='word_1_231' title='bbox 214 2916 436 2981; x_wconf 87' lang='lat' dir='ltr'><strong>animadvertit</strong></span> <span class='ocrx_word' id='word_1_232' title='bbox 461 2915 560 2980; x_wconf 89' lang='lat' dir='ltr'><strong>multa</strong></span> <span class='ocrx_word' id='word_1_233' title='bbox 587 2916 727 3001; x_wconf 90' lang='lat' dir='ltr'><strong>undique</strong></span> <span class='ocrx_word' id='word_1_234' title='bbox 755 2915 876 3002; x_wconf 85' lang='lat' dir='ltr'><strong>portari</strong></span> <span class='ocrx_word' id='word_1_235' title='bbox 901 2923 996 2998; x_wconf 85' lang='lat' dir='ltr'><strong>atque</strong></span> <span class='ocrx_word' id='word_1_236' title='bbox 1024 2913 1076 2998; x_wconf 87' lang='lat' dir='ltr'><strong>agi</strong></span> <span class='ocrx_word' id='word_1_237' title='bbox 1103 2911 1170 2996; x_wconf 90' lang='lat' dir='ltr'><strong>ple-</strong></span> 
     </span>
     <span class='ocr_line' id='line_1_33' title="bbox 213 2999 1170 3087; baseline -0.005 -22"><span class='ocrx_word' id='word_1_238' title='bbox 213 3002 352 3066; x_wconf 88' lang='lat' dir='ltr'><strong>nissimis</strong></span> <span class='ocrx_word' id='word_1_239' title='bbox 374 3002 445 3082; x_wconf 87' lang='lat' dir='ltr'><strong>viis,</strong></span> <span class='ocrx_word' id='word_1_240' title='bbox 469 3023 549 3086; x_wconf 85' lang='lat' dir='ltr'><strong>quae</strong></span> <span class='ocrx_word' id='word_1_241' title='bbox 563 3004 722 3087; x_wconf 88' lang='lat' dir='ltr'><strong>repentini</strong></span> <span class='ocrx_word' id='word_1_242' title='bbox 735 3000 888 3066; x_wconf 87' lang='lat' dir='ltr'><strong>tumultus</strong></span> <span class='ocrx_word' id='word_1_243' title='bbox 902 3000 1014 3064; x_wconf 88' lang='lat' dir='ltr'><strong>timore</strong></span> <span class='ocrx_word' id='word_1_244' title='bbox 1029 3020 1070 3062; x_wconf 86' lang='lat' dir='ltr'><strong>ex</strong></span> <span class='ocrx_word' id='word_1_245' title='bbox 1144 2999 1170 3060; x_wconf 88' lang='lat' dir='ltr'><strong>&#39;s</strong></span> 
     </span>
     <span class='ocr_line' id='line_1_34' title="bbox 213 3086 1261 3167; baseline -0.005 -17"><span class='ocrx_word' id='word_1_246' title='bbox 213 3088 246 3150; x_wconf 89' lang='lat' dir='ltr'><strong>in</strong></span> <span class='ocrx_word' id='word_1_247' title='bbox 267 3086 379 3151; x_wconf 89' lang='lat' dir='ltr'><strong>urbem</strong></span> <span class='ocrx_word' id='word_1_248' title='bbox 401 3087 611 3152; x_wconf 85' lang='lat' dir='ltr'><strong>conferantur.</strong></span> <span class='ocrx_word' id='word_1_249' title='bbox 632 3087 706 3151; x_wconf 90' lang='lat' dir='ltr'><strong>Huc</strong></span> <span class='ocrx_word' id='word_1_250' title='bbox 728 3110 745 3151; x_wconf 90' lang='lat' dir='ltr'><strong>e</strong></span> <span class='ocrx_word' id='word_1_251' title='bbox 768 3088 900 3151; x_wconf 87' lang='lat' dir='ltr'><strong>uitatum</strong></span> <span class='ocrx_word' id='word_1_252' title='bbox 922 3086 1024 3167; x_wconf 86' lang='lat' dir='ltr'><strong>mittit,</strong></span> <span class='ocrx_word' id='word_1_253' title='bbox 1046 3093 1082 3147; x_wconf 89' lang='lat' dir='ltr'><strong>ut</strong></span> <span class='ocrx_word' id='word_1_254' title='bbox 1260 3123 1261 3126; x_wconf 58' lang='lat'><em>=</em></span> 
     </span>
     <span class='ocr_line' id='line_1_35' title="bbox 162 3109 1171 3319; baseline -0.001 -85"><span class='ocrx_word' id='word_1_255' title='bbox 162 3205 172 3223; x_wconf 64' lang='grc' dir='ltr'><em>ι</em></span> <span class='ocrx_word' id='word_1_256' title='bbox 212 3180 301 3319; x_wconf 61' lang='lat' dir='ltr'><strong>peret</strong></span> <span class='ocrx_word' id='word_1_257' title='bbox 323 3179 418 3258; x_wconf 91' lang='lat' dir='ltr'><strong>atque</strong></span> <span class='ocrx_word' id='word_1_258' title='bbox 433 3171 566 3237; x_wconf 89' lang='lat' dir='ltr'><strong>haberet</strong></span> <span class='ocrx_word' id='word_1_259' title='bbox 579 3171 649 3238; x_wconf 90' lang='lat' dir='ltr'><strong>loeo</strong></span> <span class='ocrx_word' id='word_1_260' title='bbox 663 3109 817 3259; x_wconf 58' lang='lat' dir='ltr'><strong>praedam</strong></span> <span class='ocrx_word' id='word_1_261' title='bbox 840 3169 1014 3256; x_wconf 89' lang='lat' dir='ltr'><strong>eodemque</strong></span> <span class='ocrx_word' id='word_1_262' title='bbox 1028 3178 1171 3254; x_wconf 84' lang='lat' dir='ltr'><strong>tempore</strong></span> 
     </span>
    </p>

    <p class='ocr_par' dir='ltr' id='par_1_9' title="bbox 211 3254 1172 3513">
     <span class='ocr_line' id='line_1_36' title="bbox 223 3254 1171 3344; baseline 0.001 -25"><span class='ocrx_word' id='word_1_263' title='bbox 223 3258 262 3329; x_wconf 62' lang='lat' dir='ltr'><strong>fs</strong></span> <span class='ocrx_word' id='word_1_264' title='bbox 293 3255 389 3322; x_wconf 88' lang='lat' dir='ltr'><strong>rebus</strong></span> <span class='ocrx_word' id='word_1_265' title='bbox 417 3256 557 3322; x_wconf 90' lang='lat' dir='ltr'><strong>subsidio</strong></span> <span class='ocrx_word' id='word_1_266' title='bbox 586 3264 633 3320; x_wconf 85' lang='lat' dir='ltr'><strong>DC</strong></span> <span class='ocrx_word' id='word_1_267' title='bbox 655 3259 778 3344; x_wconf 87' lang='lat' dir='ltr'><strong>equites</strong></span> <span class='ocrx_word' id='word_1_268' title='bbox 807 3255 963 3321; x_wconf 80' lang='lat' dir='ltr'><strong>Numidae</strong></span> <span class='ocrx_word' id='word_1_269' title='bbox 991 3277 1032 3320; x_wconf 86' lang='lat' dir='ltr'><strong>ex</strong></span> <span class='ocrx_word' id='word_1_270' title='bbox 1054 3254 1171 3340; x_wconf 88' lang='lat' dir='ltr'><strong>oppido</strong></span> 
     </span>
     <span class='ocr_line' id='line_1_37' title="bbox 211 3340 1172 3429; baseline 0 -25"><span class='ocrx_word' id='word_1_271' title='bbox 211 3340 396 3427; x_wconf 88' lang='lat' dir='ltr'><strong>peditesque</strong></span> <span class='ocrx_word' id='word_1_272' title='bbox 412 3349 500 3424; x_wconf 72' lang='lat' dir='ltr'>CCCC</span> <span class='ocrx_word' id='word_1_273' title='bbox 514 3343 678 3408; x_wconf 86' lang='lat' dir='ltr'><strong>mittuntur</strong></span> <span class='ocrx_word' id='word_1_274' title='bbox 693 3365 713 3406; x_wconf 87' lang='lat' dir='ltr'><strong>a</strong></span> <span class='ocrx_word' id='word_1_275' title='bbox 733 3343 827 3425; x_wconf 85' lang='lat' dir='ltr'><strong>Varo,</strong></span> <span class='ocrx_word' id='word_1_276' title='bbox 848 3364 926 3429; x_wconf 88' lang='lat' dir='ltr'><strong>quos</strong></span> <span class='ocrx_word' id='word_1_277' title='bbox 949 3340 1059 3407; x_wconf 81' lang='lat' dir='ltr'><strong>auxilii</strong></span> <span class='ocrx_word' id='word_1_278' title='bbox 1074 3360 1172 3404; x_wconf 84' lang='lat' dir='ltr'><strong>causa</strong></span> 
     </span>
     <span class='ocr_line' id='line_1_38' title="bbox 213 3425 1172 3513; baseline 0.002 -27"><span class='ocrx_word' id='word_1_279' title='bbox 213 3445 272 3488; x_wconf 86' lang='lat' dir='ltr'><strong>rex</strong></span> <span class='ocrx_word' id='word_1_280' title='bbox 293 3425 373 3490; x_wconf 89' lang='lat' dir='ltr'><strong>Iuba</strong></span> <span class='ocrx_word' id='word_1_281' title='bbox 401 3429 512 3513; x_wconf 83' lang='lat' dir='ltr'><strong>paucis</strong></span> <span class='ocrx_word' id='word_1_282' title='bbox 540 3427 652 3492; x_wconf 90' lang='lat' dir='ltr'><strong>diebus</strong></span> <span class='ocrx_word' id='word_1_283' title='bbox 676 3437 748 3494; x_wconf 87' lang='lat' dir='ltr'><strong>ante</strong></span> <span class='ocrx_word' id='word_1_284' title='bbox 770 3428 896 3493; x_wconf 79' lang='lat' dir='ltr'><strong>Uticam</strong></span> <span class='ocrx_word' id='word_1_285' title='bbox 924 3431 1062 3492; x_wconf 86' lang='lat' dir='ltr'><strong>miserat.</strong></span> <span class='ocrx_word' id='word_1_286' title='bbox 1086 3425 1172 3488; x_wconf 88' lang='lat' dir='ltr'><strong>Huic</strong></span> 
     </span>
    </p>
   </div>
   <div class='ocr_carea' id='block_1_7' title="bbox 0 0 1286 3970">
    <p class='ocr_par' dir='ltr' id='par_1_10' title="bbox 0 0 1286 3970">
     <span class='ocr_line' id='line_1_39' title="bbox 0 0 1286 3970; baseline 0 0"><span class='ocrx_word' id='word_1_287' title='bbox 0 0 1286 3970; x_wconf 95' lang='lat' dir='ltr'><strong> </strong></span> 
     </span>
    </p>
   </div>
  </div>
 </body>
</html>
