2532 3968
164 192 226 258 198
426 191 486 256 DE
508 190 653 286 BELLQ
676 191 869 262 GALLIOO

162 363 317 444 Vertisco,
348 363 493 450 principe
522 364 684 448 civitatis,
705 365 865 451 praefecto
894 367 1049 455 equitum3
1073 369 1127 456 qui

145 457 261 538 'quum
286 451 343 516 vix
371 471 453 537 equo
504 457 613 535 ropter
640 459 776 516 aetatem
804 460 912 538 posset
941 451 997 534 uti,
1020 461 1127 520 tamen

163 534 391 600 consuetudine
413 471 579 600 Galidrum
605 558 709 622 neque
732 537 844 601 aetatis
867 539 1070 604 excusatione
1092 541 1125 604 in

163 620 365 707 suscipienda
390 619 590 706 praefectura
620 643 697 699 usus
731 630 800 686 erat
833 645 937 708 neque
983 623 1127 688 dimicari

162 707 231 772 sine
254 727 288 770 se
310 705 463 772 voluerat.
507 705 662 772 Inflantur
684 716 777 794 atque
799 709 970 790 incitantur
988 709 1126 774 hostium

162 793 259 857 animi
281 791 420 857 secundo
447 791 578 878 proelio,
605 793 709 877 princi
732 815 760 874 e·
773 801 804 857 et
824 794 983 879 praefecto
1014 794 1127 860 Remo·

160 899 233 942 rum
266 878 456 959 interfecto,
498 878 661 962 nostrique
717 879 882 942 etrimento
917 879 1129 945 admonentur

161 961 216 1027 dili
240 965 343 1027 entius
378 986 419 1029 ex
442 961 551 1027 loratis
585 962 665 1028 locis
699 965 849 1029 stationes
882 963 1051 1050 disponere
1088 988 1127 1030 ac

160 985 355 1112 moderatius
378 985 543 1112 cedentem
564 1048 689 1134 insequi
709 1047 842 1113 bostem.

163 1148 165 1153 '
226 1134 276 1198 13.
316 1133 388 1198 Non
423 1134 587 1198 intermitti
626 1135 753 1199 interim
791 1135 975 1222 quotidiana
1000 1135 1126 1285 proelia

161 1220 195 1283 in
217 1228 389 1305 conspectu
410 1227 613 1306 utrorumque
643 1228 834 1302 castrorum,
865 1243 947 1306 quae
980 1243 999 1284 a
1042 1221 1126 1285 vada

160 1306 377 1391 transitusque
398 1303 518 1368 fiebant
545 1304 681 1390 paludis.
727 1304 799 1385 Qua
821 1307 1022 1371 contentione
1044 1305 1124 1371 Ger-

160 1391 262 1472 mani,
297 1412 375 1490 quos
402 1399 574 1474 propterea
601 1388 722 1454 Caesar
754 1391 941 1456 traduxerat
969 1391 1124 1473 Rhenum,

160 1485 196 1540 ut
218 1475 376 1563 equitrbus
398 1475 575 1561 interpositi
596 1475 836 1561 proeliarentur,
860 1498 958 1562 quum
980 1485 1124 1542 constan-

160 1563 223 1626 tius
244 1562 386 1626 universi
406 1559 556 1646 paludem
578 1563 767 1625 transissent
780 1565 954 1649 paucisque
976 1563 1123 1626 resisten-

160 1646 244 1711 tibus
278 1645 451 1711 interfectis
478 1646 671 1732 pertinacius
703 1647 860 1734 reliquam
892 1647 1125 1714 multitudinem

160 1741 268 1797 essent
289 1732 435 1815 insecuti,
457 1731 616 1880 perterriti
637 1753 702 1796 non
718 1731 820 1797 solum
834 1733 866 1816 ii,
890 1735 943 1819 qui
966 1742 1020 1799 aut
1041 1741 1124 1798 com-

158 1819 263 1882 minus
314 1819 455 1906 opprime
479 1825 572 1882 antur
611 1826 666 1882 aut
705 1819 828 1882 eminus
867 1818 1124 1901 vulnerabantur,

160 1902 218 1968 sed
240 1903 345 1986 etiam,
368 1903 424 1990 qui
445 1902 570 1988 longius
587 1901 755 1967 subsidiari
771 1905 968 1988 consuerant,
992 1907 1127 1990 turpiter

159 1988 345 2073 refugerunt
376 2010 437 2052 nec
495 1990 560 2052 rius
589 1987 687 2052 finem
722 1988 817 2075 fugae
853 1989 995 2055 fecerunt
1027 2011 1124 2076 saepe

160 2075 284 2139 amissis
322 2011 536 2159 superioribus
572 2072 666 2156 loeis,
699 2097 793 2224 quam
823 2097 858 2139 se
880 2085 934 2138 aut
965 2077 999 2138 in
1022 2085 1125 2140 castra

160 2181 291 2224 suorum
312 2160 501 2244 reciperent,
524 2168 578 2223 aut
599 2159 743 2224 nonnuli
794 2160 893 2224 udore
923 2161 1024 2224 coacti
1056 2159 1124 2224 lon·

158 2245 230 2332 gius
252 2243 465 2330 profugerent.
510 2244 654 2324 Quorum
669 2183 811 2330 periculo
827 2246 872 2308 sic
888 2267 997 2310 omnes
1013 2245 1126 2331 copiae

159 2339 233 2394 sunt
254 2330 467 2416 pertrabatae,
483 2339 518 2394 ut
535 2331 591 2395 vix
607 2331 742 2396 iudicari
757 2339 874 2415 posset,
891 2339 997 2395 utrum
1013 2351 1123 2394 secun-

159 2415 208 2480 dis
230 2417 431 2502 minimisque
460 2415 556 2480 rebus
583 2415 812 2497 insolentiores,
837 2437 878 2478 an
900 2414 1035 2480 adverso
1058 2438 1122 2480 me-

159 2500 259 2567 diocri
281 2523 358 2566 casu
379 2501 553 2566 timidiores
576 2510 692 2564 essent.

225 2587 274 2651 14.
305 2585 529 2672 Compluribus
563 2586 674 2650 diebus
702 2585 816 2650 iisdem
845 2587 879 2649 in
908 2587 1020 2650 castris
1050 2609 1125 2652 con·

158 2693 227 2737 sum
251 2673 301 2755 tis,
324 2695 421 2760 quum
447 2673 577 2758 propius
600 2672 774 2736 accessisse
797 2669 938 2756 legiones
955 2681 986 2735 et
1009 2669 1124 2740 Gaium

157 2695 352 2822 Trebonium
373 2757 513 2843 legatum
536 2765 735 2841 cognossent,
760 2755 857 2821 duces
879 2756 1123 2822 Bellovacorum

156 2844 251 2908 veriti
273 2843 408 2908 similem
437 2843 653 2907 obsessionem
686 2841 815 2906 Alesiae
844 2852 939 2908 noctu
967 2842 1125 2907 dimittunt

158 2949 221 3012 eos,
245 2951 323 3016 quos
346 2939 401 2994 aut
428 2936 531 2992 aetate
553 2935 608 2991 aut
629 2927 749 2992 viribus
772 2929 935 2992 inferiores
964 2937 1019 2992 aut
1039 2930 1122 2993 iner-

156 3037 224 3079 mes
245 3014 416 3097 habebant,
432 3036 496 3078 una
518 3035 558 3078 ue
573 3012 695 3100 reliqua
716 3013 952 3161 impedimenta.
982 3012 1124 3092 Quorum

156 3099 378 3186 perturbatum
390 3109 422 3166 et
432 3037 598 3164 conlbsum
609 3097 684 3162 dum
699 3121 761 3184 exp
775 3099 860 3163 icant
867 3121 982 3184 agmen
995 3098 1125 3185 (magna

62 3241 71 3252 .
157 3186 242 3249 enim
263 3185 429 3250 multitudo
452 3207 615 3250 carrorum
636 3185 729 3248 etiam
745 3183 911 3269 expeditos
935 3185 1026 3270 sequi
1048 3184 1123 3249 Gal-

156 3267 205 3335 los
232 3273 427 3354 consucvit),
443 3271 585 3357 oppressi
607 3268 679 3334 luce
708 3271 816 3355 copias
839 3277 1033 3334 armatorum
1065 3290 1123 3355 pro

157 3354 222 3418 suis
251 3356 412 3420 instruunt
435 3357 564 3436 castris,
587 3377 629 3419 ne
651 3356 738 3440 prius
760 3353 895 3419 Romani
915 3357 1066 3440 persequi
1088 3375 1124 3418 se

156 3439 348 3524 inciperent,
382 3463 477 3528 quam
521 3441 647 3527 longius
681 3463 797 3526 agmen
823 3431 1122 3529 impedimentorum
