2490 3974
465 283 607 356 orror
628 291 763 367 eae-34.
829 344 831 350 .
1024 277 1108 362 ress

134 463 186 527 Ex
207 464 268 529 hoc
289 462 409 550 proelio
430 462 576 529 Valerius
605 463 788 528 adolescens
811 463 991 530 Cordubam
1014 468 1085 527 cnm

134 551 243 634 paucis
266 549 422 637 equitibus
444 550 532 634 fugit,
555 549 629 614 Sex.
657 547 817 638 Pompeio,
841 551 897 636 qui
917 547 1112 622 Cordubae?

134 635 252 718 fuisset,
274 658 341 699 rem
363 644 484 721 gestam
505 636 610 699 refert.
635 634 768 721 Cognito
783 635 843 699 hoc
857 635 983 720 negotio
1006 657 1084 721 quos
1106 652 1108 656 '

135 722 256 806 equites
278 743 384 786 secum
406 721 532 801 habuit,
548 721 632 807 quod
658 721 812 807 pecuniae
835 743 943 784 secum
964 718 1083 802 habuit,

134 807 178 868 eis
201 805 359 870 distribuit
380 815 411 870 et
433 807 597 892 oppidanis
619 807 699 870 dixit
721 829 755 870 se
778 806 817 870 de
838 827 917 892 pace
940 806 981 870 ad
1003 805 1080 870 Cae-

133 913 235 956 sarem
284 893 419 956 roficisci
446 902 478 955 et
507 891 646 956 secunda
666 892 782 978 'vigilia
810 891 850 956 ab
881 892 995 976 oppido
1023 892 1083 956 dis

132 979 234 1041 cessit
308 1025 315 1040 .
344 977 512 1063 Pompeius
540 999 610 1046 cum
639 977 794 1064 equitibus
816 979 925 1064 paucis
951 979 1083 1062 nonnul·

131 1062 232 1148 lisque
260 1062 417 1148 peditibus
446 1063 486 1127 ad
515 1063 629 1128 navale
655 1063 848 1149 praesidium
875 1070 963 1148 parte
986 1063 1084 1129 altera

132 1146 289 1212 Carteiam
312 1148 479 1230 contendit,
503 1149 588 1234 quod
610 1147 759 1235 oppidum
781 1147 871 1213 abest
893 1171 912 1212 a
935 1146 1084 1214 Corduba

129 1233 215 1298 milia
235 1255 385 1320 passuum
409 1241 509 1297 CLXX.
541 1233 611 1312 Quo
640 1257 736 1320 quum
767 1234 808 1298 ad
835 1242 982 1298 octavum
1003 1235 1084 1300 mili:
1132 1269 1133 1272 ¹

129 1321 230 1383 arium
251 1322 397 1402 venisset,
420 1321 456 1383 P.
480 1318 648 1402 Caucilius,
672 1321 725 1405 qui
741 1321 852 1384 castris
876 1328 969 1384 antea
989 1321 1081 1385 Pom-

128 1405 180 1489 pei
215 1407 411 1490 praepositus
440 1415 537 1487 esset,
568 1406 634 1469 eius
661 1404 768 1468 verbis
801 1407 945 1470 nuntium
977 1407 1083 1490 mittit,

129 1511 201 1552 eum
222 1492 324 1554 minus
346 1490 430 1555 belle
452 1490 586 1555 habere:
605 1500 643 1555 ut
664 1493 823 1554 mitterent
844 1491 997 1575 lecticam,
1020 1513 1082 1592 que

127 1577 160 1638 in
189 1576 339 1660 oppidum
361 1576 475 1640 deferri
496 1587 612 1662 posset.
636 1576 763 1640 Litteris
785 1579 889 1640 missis
911 1578 1084 1663 Pompeius·

128 1658 286 1724 Carteiam
321 1661 467 1725 defertur.
505 1661 568 1740 Qui
611 1661 736 1727 illarum
771 1663 907 1748 partium
942 1663 1081 1728 fautores

127 1755 241 1829 essent,
265 1750 453 1812 conveniunt
473 1749 507 1812 in
529 1747 664 1830 domum,
688 1771 749 1833 quo
772 1756 841 1811 erat
863 1747 987 1814 delatus
1010 1747 1079 1836 (qui

127 1830 269 1896 arbitrati
298 1841 370 1896 sunt
402 1832 578 1898 clanculmn
610 1832 760 1920 venisse),
790 1841 824 1896 ut
853 1833 893 1899 ab
924 1857 970 1918 ec,
1000 1856 1081 1920 quac

125 1916 252 2001 vellent,
268 1917 308 1982 de
323 1917 406 1983 bello
421 1920 628 2004 requirerent·
650 1918 755 1997 Quum
777 1919 953 2004 frequentia
967 1941 1079 1986 eonve-

125 2003 232 2084 nisset,
256 2003 295 2066 de
316 2004 428 2086 lectica
442 2004 521 2068 Pom
544 2005 611 2069 eius
635 2027 743 2068 eorum
764 2006 797 2068 in
813 2005 911 2069 fidem
930 2006 1079 2092 confugit.
1193 2020 1196 2026 '

188 2088 238 2151 33.
262 2087 380 2154 Caesar
391 2113 432 2154 ex
443 2027 561 2175 proelio
574 2096 691 2154 Mundo
700 2091 872 2154 munitione
888 2091 1081 2158 circumdata

125 2171 306 2238 Cordubam
324 2177 418 2238 venit.
443 2174 506 2253 Qui
521 2198 561 2239 ex
577 2176 673 2240 caede
689 2198 725 2239 eo
740 2175 930 2261 refugerant,
953 2187 1079 2277 pontem

1 2279 2 2296 ¹
124 2269 323 2344 occuparunt
347 2260 451 2340 Quum
473 2283 510 2326 eo
532 2270 661 2325 ventum
687 2271 786 2344 esset,
817 2263 987 2326 conviciari
1009 2286 1078 2329 coe-

1 2419 2 2428 ,
121 2354 253 2430 perunt:
276 2368 334 2410 nos
356 2368 397 2410 ex
418 2347 537 2433 proelio
560 2369 676 2432 paucos
700 2369 883 2432 superesse3
908 2369 968 2434 quo
989 2349 1076 2434 fuge·

121 2430 248 2494 remus?
280 2431 330 2495 Ita
364 2453 506 2518 pugnare
540 2440 712 2518 coeperunt
744 2433 784 2498 de
816 2442 919 2518 ponte.
958 2433 1078 2500 Caesar

1 2569 2 2574 ,
122 2515 239 2580 flumen
265 2518 388 2581 traiecit
410 2526 441 2580 et
469 2527 573 2582 castra
601 2520 714 2603 posuit.
745 2517 891 2604 Scapula,
914 2521 1007 2585 totius
1030 2543 1077 2586 se-

1 2617 2 2620 ’
123 2600 255 2684 ditionis,
285 2603 422 2667 familiae
452 2614 483 2668 et
509 2603 729 2668 libertinorum
757 2613 862 2690 caput,
888 2628 929 2670 ex
957 2605 1077 2691 proelio

123 2685 302 2751 Cordubam
324 2712 419 2774 quum
441 2690 589 2770 venisset,
619 2689 769 2754 familiam
799 2699 830 2754 et
851 2690 980 2755 libertos
1003 2713 1073 2755 eon-

121 2773 255 2854 vocavit,
278 2796 390 2858 pyram
412 2775 472 2839 sibi
503 2777 669 2857 exstruxit,
701 2797 833 2839 coenam
855 2776 960 2840 afferri
982 2799 1077 2862 quam

122 2858 269 2940 optimam
294 2860 469 2945 imperavit,
499 2864 575 2924 item
606 2862 729 2946 optimis
758 2861 997 2925 insternendurn'
1022 2879 1078 2925 ve*

122 2942 293 3026 sumentis,
320 2947 486 3030 pecuniam
514 2955 545 3010 et
575 2955 742 3032 argentum
768 2948 802 3010 in
830 2949 1011 3032 praesentia
1032 2948 1076 3012 fa-

1 3051 2 3066 *
121 3026 226 3091 miliae
254 3029 389 3094 donavit.
407 3031 494 3116 ,Ipse
523 3031 563 3095 de
593 3041 734 3118 tempore
764 3053 908 3115 coenare,
937 3034 1076 3106 resinam
1123 3071 1136 3086 ·

1 3138 2 3148 ¹
121 3121 152 3176 et
187 3113 318 3178 nardum
349 3116 521 3181 identidem
555 3116 615 3180 sibi
648 3118 791 3182 infundit.
824 3117 873 3181 Ita
904 3119 1075 3182 novissimo

1 3328 2 3364 ,
119 3286 320 3369 concubinus,
358 3287 492 3352 alterum
530 3311 564 3352 se
600 3288 756 3372 iugulare,

119 3207 260 3285 tempore
287 3223 412 3266 servum
439 3205 531 3266 iussit
561 3211 593 3266 et
613 3202 771 3285 libertum,
795 3204 854 3352 plui
875 3204 985 3268 fuisset
1008 3203 1075 3268 eius

827 3298 928 3354 terum
963 3301 1082 3382 pyram.

1 3458 2 3461 Ἴ
119 3372 297 3436 incendere.

181 3457 231 3520 34.
256 3457 414 3543 Oppidani
436 3469 549 3539 autem,
581 3459 674 3524 simul
702 3458 819 3524 Caesar
842 3467 945 3524 eastra
966 3455 1086 3523 contra·

119 3542 266 3628 oppidum
294 3546 407 3628 posuit,
437 3545 619 3610 discordare
649 3555 842 3695 coeperunp,7
850 3567 959 3668 *usque
982 3566 1019 3608 eo
1039 3552 1075 3608 ut
