2538 3978
450 241 594 308 CAPUT
616 241 753 306 2144.
1018 239 1079 303 153

115 414 217 480 uendi
239 437 258 478 a
279 412 552 500 periculosissimis
576 418 685 478 essent
707 413 962 478 dimicationibus
986 433 1081 500 quam

116 499 273 566 incitandi
295 499 337 564 ad
357 499 573 584 pugnandum.

183 587 235 650 23.
251 584 471 666 Alexandrini,
489 607 585 670 quum
596 585 757 650 Romanos
774 595 805 650 et
821 583 968 649 secundis
983 583 1081 650 rebus

118 670 300 736 confirmari
320 680 353 736 et
374 670 519 734 adversis
542 671 668 736 incitari
689 672 836 736 videraut
856 693 960 755 neque
982 669 1081 735 ullum

118 755 197 822 belli
217 758 346 824 tertium
369 777 477 819 casum
492 767 630 838 nossent,
655 778 717 843 quo
734 765 865 842 possent
880 777 951 819 esse
965 757 1080 820 firmio-

118 864 183 923 res,
205 851 240 906 ut
263 843 447 906 coniectura
469 846 622 929 consequi
643 864 823 928 possumus,
851 851 906 905 aut
929 841 1081 906 admoniti

118 929 245 1013 arogis
268 928 386 1008 amicis,
432 927 465 990 ui
486 928 520 990 in
543 926 691 993 Caesaris
714 938 805 992 erant
826 926 1003 1012 praesidiis„
1027 935 1082 992 aut

119 1035 177 1077 suo
198 1013 303 1098 priore
326 951 458 1076 consilio
480 1035 539 1098 per
560 1013 701 1079 occultos
722 1014 850 1078 nuntios
865 1015 933 1098 regi
947 1011 1080 1098 probato

119 1097 241 1184 legatos
263 1098 305 1161 ad
327 1096 497 1162 Caesarem
519 1100 684 1180 miserunt,
717 1108 753 1162 ut
774 1097 945 1162 dimitteret
972 1120 1081 1182 regem

117 1185 317 1268 transireque
333 1183 375 1247 ad
390 1205 463 1248 suos
486 1194 661 1268 pateretur:
684 1193 827 1270 paratam
849 1185 932 1248 enim
955 1205 1080 1249 omnem

116 1268 348 1332 multitudinem
372 1291 443 1333 esse
461 1271 636 1335 confectam
652 1269 756 1334 taedio
775 1270 902 1354 puellae
917 1269 1080 1334 fiduciario

117 1376 227 1438 regno,
265 1354 480 1420 dominatione
514 1356 735 1430 crudelissima
758 1355 952 1440 Ganymedis
974 1355 1080 1424 facere

117 1439 161 1520 id,
185 1440 269 1525 quod
289 1462 347 1502 rex
364 1441 568 1526 imperasset,
592 1465 654 1528 quo
679 1445 706 1506 si
728 1450 855 1506 auctore
877 1442 910 1503 in
934 1440 1080 1504 Caesaris

118 1525 214 1596 fidem
237 1525 472 1611 amicitiamque
492 1528 618 1591 venturi
649 1536 764 1607 essent,
802 1525 920 1590 nullius
946 1524 1080 1610 periculi

116 1611 264 1675 timorem
292 1609 483 1676 multitudini
518 1613 586 1677 fore
619 1612 856 1698 impedimento,
891 1611 1079 1696 quominus

116 1717 152 1759 se
175 1695 336 1760 dederent.

183 1781 233 1845 24.
258 1780 388 1864 Caesar,
412 1783 472 1846 etsi
495 1783 640 1848 fallacem
665 1794 792 1868 gentem
815 1803 1002 1868 semperque
1018 1780 1081 1845 alia

116 1867 319 1952 cogitantem,
343 1867 406 1932 alia
427 1869 628 1935 simulantem
651 1869 734 1934 bene
758 1871 916 1955 cognitam
931 1866 1078 1948 habebat,

115 1961 221 2014 tamen
233 1953 413 2036 petentibus
426 1953 503 2017 dare
514 1957 643 2018 veniam
654 1955 732 2019 utile
747 1977 817 2020 esse
843 1954 959 2035 statuit,
984 1951 1078 2037 quod,

116 2037 145 2099 si
167 2059 229 2122 quo
249 2047 354 2122 ⁸pacto
388 2044 540 2104 sentirent
574 2063 622 2121 ea,
653 2063 735 2125 quae
757 2039 961 2126 postularent,
991 2061 1078 2102 man-

117 2143 226 2185 surum
249 2123 360 2186 infide
376 2124 539 2189 dimissum
555 2148 663 2210 regem
680 2125 839 2208 credebat,
864 2127 922 2206 sin,
947 2124 980 2187 id
1016 2122 1080 2189 uod

116 2209 218 2291 magis
240 2207 365 2274 illorum
389 2220 520 2274 naturae
536 2212 754 2294 conveniebat,
777 2212 888 2275 ducem
904 2210 945 2275 ad
960 2147 1080 2274 bellum

115 2293 291 2377 gerendum
315 2317 425 2380 regem
449 2295 568 2360 habere
596 2296 725 2379 vellent,
756 2296 953 2383 splendidius
984 2304 1079 2380 atque

115 2377 278 2442 honestius
302 2403 336 2444 se
359 2391 470 2446 contra
492 2404 600 2466 regem
624 2385 718 2466 quam
734 2394 844 2446 contra
865 2403 1080 2445 convenarum

114 2485 153 2526 ae
174 2465 377 2548 fugitivorum
400 2489 528 2530 manum
550 2467 668 2535 bellum
686 2491 757 2532 esse
772 2477 944 2554 gesturum.
967 2466 1079 2550 Itaque

114 2569 224 2634 regem
247 2550 437 2632 cohortatus,
460 2562 496 2615 ut
518 2553 698 2618 consuleret
718 2576 817 2640 regno
840 2563 982 2638 paterno,
1005 2573 1078 2636 par·

114 2644 202 2698 ceret
222 2637 651 2723 praeclarissimaepatriae,
686 2663 768 2726 quae
796 2639 941 2724 turpibus
970 2639 1077 2701 incen-

114 2718 175 2782 diis
199 2732 230 2784 et
251 2723 351 2786 ruinis
383 2733 468 2786 esset
496 2724 680 2806 deformata,
715 2727 802 2790 cives
837 2747 909 2788 suos
942 2725 1078 2807 primum

113 2803 157 2866 ad
180 2808 346 2871 sanitatem
375 2820 550 2892 revocaret,
589 2810 705 2874 deinde
734 2817 945 2890 conservaret,
981 2807 1083 2872 fidem¹

114 2889 231 2974 populo
254 2892 395 2958 Romano
411 2893 535 2980 sibique
550 2905 736 2980 praestaret,
760 2918 857 2982 quum
871 2897 939 2980 ipse
953 2901 1079 2958 tantum

114 2975 156 3037 ei'
179 2976 331 3060 crederet,
368 2991 403 3042 ut
435 2980 476 3043 ad
509 2981 615 3045 hostes
649 2991 786 3046 armatos
820 3003 892 3044 eum
930 2981 1077 3062 mitteret,
1109 2997 1113 3008 ·

113 3058 229 3124 dextra
251 3061 397 3128 dextram
419 3075 531 3130 tenens
554 3067 710 3132 dimittere
744 3067 847 3151 coepit
879 3064 987 3129 adulta
1015 3065 1078 3128 iam

113 3155 218 3209 aetate
239 3170 381 3232 puerum.
404 3151 448 3214 At
469 3153 577 3236 regius
600 3154 721 3216 animus
747 3150 921 3236 disciplinis
942 3149 1102 3244 fallaciae·

113 3231 201 3295 simis
224 3235 375 3314 eruditus,
408 3259 449 3300 ne
471 3239 616 3322 agentis
639 3259 716 3301 suae
744 3237 884 3300 moribus
907 3236 1078 3320 degenerar

112 3325 171 3397 ret,
194 3317 274 3382 flens
297 3342 387 3384 orare
410 3330 521 3386 contra
553 3320 724 3387 Caesarem
753 3323 871 3406 coepit,
895 3331 946 3384 'ne
976 3343 1010 3384 se
1034 3318 1078 3382 di·

112 3402 265 3488 mitteret,
297 3427 362 3469 non
395 3409 479 3471 enim
513 3407 574 3471 sibi
606 3431 739 3492 regnum
772 3409 877 3492 ipsum
907 3414 1078 3490 conspectu

113 3485 261 3554 Caesaris
284 3513 354 3560 esse
376 3493 552 3557 iucundius.
586 3491 786 3578 Compressis
819 3493 911 3576 pueri
940 3491 1078 3566 lacrimis
