2562 3966
385 238 531 311 COMM.
553 247 584 310 V
606 246 700 311 uAP.
723 243 859 308 52-55.
1045 242 1108 310 115

146 417 334 499 intercessit,
358 419 434 505 quin
457 418 593 504 aliquem
624 418 662 482 de
685 416 824 482 consiliis
854 438 891 480 ac
920 423 1009 478 motu
1030 412 1107 480 Gal·

36 502 41 511 '
146 500 250 567 lorum
277 505 422 566 nuntium
448 505 614 589 acciperet.
653 504 693 568 ln
715 503 764 565 his
794 501 835 565 ab
858 501 957 565 Lucio
979 499 1106 582 Roscio,

9 2473 184 2535 ero

146 610 243 674 quem
253 588 372 675 legioni
385 588 640 654 tertiaedecimae
651 587 857 676 praefecerat,
872 587 991 650 certior
1004 585 1106 650 factus

147 684 197 736 est
217 696 350 759 magnas
373 674 537 740 Gallorum
559 677 667 761 copias
691 697 798 740 earnm
821 673 1000 754 civitatum,
1024 691 1107 756 quae

145 758 331 825 Armoricae
353 760 565 846 appellantur,
600 783 618 824 o
640 759 803 846 pugnandi
831 759 880 821 sui
908 777 1006 820 causa
1032 777 1107 820 con·

144 843 274 909 venisse
296 867 400 932 neque
422 845 547 930 longius
569 784 656 911 milia
669 867 822 932 passuum
844 852 914 910 octo
937 842 978 906 ab
1000 841 1106 906 hiber·

89 966 92 972 ·
144 930 197 992 nis
218 933 285 995 suis
301 930 441 1012 afuisse,
465 931 521 995 sed
541 934 653 996 nuntio
675 930 772 996 allato
802 930 841 994 de
870 929 1003 994 victoria
1024 925 1105 992 an-

146 1016 227 1164 sapis
261 1016 461 1098 discessisse,
497 1017 576 1082 adeo
608 1027 644 1082 ut
675 1016 769 1104 fugae
800 1014 913 1079 similis
947 1013 1105 1077 discessus

144 1103 177 1165 vi
202 1111 316 1166 eretur.

207 1187 261 1251 54.
284 1188 328 1251 At
351 1186 469 1252 Caesar
490 1188 687 1275 principibus
717 1189 871 1274 cuiusque
901 1187 1036 1250 civitatis
1064 1184 1107 1253 ad

145 1293 180 1335 se
203 1275 342 1337 evocatis
366 1273 444 1338 alias
472 1275 662 1356 territando,
696 1296 793 1360 quum
826 1295 860 1337 se
890 1274 988 1354 scire,
1024 1293 1106 1358 quae

144 1357 269 1441 fierent,
286 1359 493 1441 denuntiaret,
517 1360 594 1424 alias
609 1359 802 1424 cohortando
816 1381 966 1445 magnam
980 1367 1107 1444 partem

145 1441 272 1508 Galliae
293 1446 327 1507 in
350 1445 452 1510 officio
474 1447 584 1524 tenuit.
618 1446 741 1509 Tamen
763 1444 920 1526 Senones,
952 1451 1106 1530 quaeest
1170 1493 1173 1497 .

145 1529 256 1593 civitas
278 1531 432 1615 imprimis
453 1533 542 1596 firma
567 1541 598 1596 et
619 1553 753 1616 magnae
768 1532 851 1594 inter
865 1529 977 1595 Gallos
1000 1538 1106 1593 aucto·

143 1617 265 1698 ritatis,
297 1614 505 1697 Cavarinum,
540 1639 634 1703 quem
657 1615 777 1681 Caesar
804 1615 889 1701 apud
919 1636 973 1679 eos
995 1637 1105 1698 regem

144 1702 360 1784 constituerat,
384 1703 472 1775 cuins
494 1703 591 1766 frater
613 1701 804 1786 Moritasgus
820 1701 959 1766 adventu
980 1701 1013 1764 in
1029 1699 1105 1764 Gal·

144 1783 220 1848 liam
243 1785 391 1851 Caesaris
414 1790 564 1875 cuiusque
586 1789 722 1852 maiores
744 1810 878 1872 regnum
894 1787 1104 1868 obtinuerant,

143 1870 322 1936 interficere
343 1871 472 1958 publico
495 1873 625 1938 consilio
656 1875 774 1956 conati,
809 1897 907 1959 quum
932 1872 986 1936 ille
1012 1893 1104 1956 prae-

145 1959 298 2024 sensisset
312 1981 351 2022 ae
364 1959 565 2044 profugisset,
588 1982 688 2044 usque
703 1959 744 2022 ad
759 1959 838 2023 fines
854 1958 989 2022 insecuti
1003 1979 1104 2042 regno

144 2041 301 2128 domoque
328 2044 518 2129 expulerunt
547 2056 579 2109 et
607 2047 711 2108 missis
738 2044 782 2108 ad
812 2042 982 2109 Caesarem
1014 2044 1104 2106 satis·

143 2126 284 2192 faciundi
306 2151 403 2194 causa
424 2129 553 2216 legatis,
577 2153 672 2217 quum
694 2133 722 2194 is
746 2152 871 2196 omnem
893 2129 934 2194 ad
956 2151 990 2193 se
1014 2150 1103 2192 sena-

143 2222 210 2278 tum
239 2215 349 2279 venire
370 2217 532 2299 iussisset,
564 2217 647 2280 dicto
677 2216 841 2282 audientes
870 2238 936 2281 non
964 2214 1103 2279 fuerunt.

142 2299 281 2364 Tantum
303 2301 389 2386 apud
410 2301 554 2367 homines
581 2301 735 2366 barbaros
757 2302 859 2367 valuit
887 2322 958 2364 esse
980 2299 1102 2384 aliquos

143 2394 286 2533 repertos
308 2389 467 2472 principes
479 2387 636 2452 inferendi
650 2386 736 2471 belli,
759 2398 941 2472 tantamque
957 2385 1102 2452 omnibus

197 2480 342 2535 untatum
364 2476 642 2539 commutationem
664 2474 781 2558 attulit,
812 2482 847 2538 ut
869 2481 996 2558 praeter
1017 2470 1102 2534 Hae·

144 2555 224 2620 duos
238 2565 271 2620 et
284 2558 411 2641 Remos,
427 2581 507 2645 qnos
521 2561 693 2645 praecipuo
708 2581 834 2645 semper
848 2558 967 2623 honore
982 2555 1103 2621 Caesar

143 2639 264 2724 habuit,
288 2643 403 2709 alteros
425 2667 482 2731 pro
497 2655 607 2710 vetere
630 2668 668 2710 ao
682 2656 837 2732 perpetua
860 2665 936 2728 erga
973 2640 1103 2727 opulum

141 2725 321 2792 &manum
342 2729 422 2811 fide,
456 2731 571 2796 alteros
597 2751 655 2816 pro
678 2730 860 2797 recentibus
883 2729 934 2794 Ga
960 2730 999 2792 'ci
1025 2727 1104 2791 belli

143 2812 272 2896 officiis,
294 2814 383 2878 nulla
404 2816 470 2880 fere
493 2817 605 2880 civitas
626 2817 721 2881 fuerit
740 2839 805 2883 non
828 2823 976 2902 suspecta
999 2813 1102 2877 nobis.

142 2896 244 2985 quue
266 2899 345 2965 adeo
368 2900 453 2966 haud
476 2903 541 2966 scio
563 2902 785 2968 mirandumne
808 2904 862 2985 sit,
891 2922 988 2988 quum
1017 2919 1101 2962 com-

141 2983 286 3069 pluribus
309 2986 381 3050 aliis
403 2987 443 3051 de
466 2990 580 3070 causis,
602 2999 669 3053 turn
691 2991 845 3069 maxime,
870 2985 955 3074 quod
976 2985 1019 3064 ei,
1049 2984 1103 3068 qui

141 3070 257 3133 virtute
272 3070 350 3136 belli
365 3073 509 3137 omnibns
525 3075 672 3158 gentibus
687 3073 956 3161 praeferebantur,
979 3077 1102 3133 tantum

143 3167 177 3218 s'e
199 3157 267 3219 eius
291 3159 447 3242 opinionis
470 3159 701 3245 deperdidisse,
723 3170 760 3224 ut
781 3183 801 3224 a
821 3157 937 3246 populo
958 3155 1101 3218 Romano

141 3239 276 3326 imperia
319 3242 481 3326 erferrent,
505 3247 692 3331 gravissime
715 3246 873 3312 dolebant.

154 3347 158 3370 ²
206 3325 258 3391 55.
281 3265 415 3393 lheveri
427 3351 504 3394 vero
517 3340 612 3416 atque
622 3331 857 3396 Indutiomarus
875 3329 970 3393 totius
987 3325 1101 3390 hiemis

140 3410 264 3476 nullum
283 3422 406 3500 tempus
426 3415 669 3499 intermiserunt,
694 3417 768 3504 quin
791 3426 878 3481 trans
893 3415 1039 3478 Rhenum
1057 3411 1101 3476 le·

140 3505 232 3582 gatos
248 3499 415 3583 mitterent,
439 3501 582 3566 civitates
598 3501 813 3585 sollicitarent,
836 3501 989 3649 pgepunias
1010 3497 1103 3584 polli-
