2562 3966
157 237 220 303 180
414 239 476 302 DE
497 237 641 304 BELLO
664 237 855 305 GALLIOO

157 408 297 477 dendum
312 409 432 476 Caesar
445 412 577 498 putavit,
601 435 662 500 quo
688 413 808 477 minore
833 410 964 478 numero
979 412 1115 478 militum

158 496 349 561 munitiones
371 496 499 562 defendi
525 506 664 584 possent.
687 497 798 597 Itaque
820 499 941 562 truncis
963 498 1114 564 arborum

157 590 212 645 aut
233 581 403 648 admodum
413 581 512 646 firmis
527 584 623 646 ramis
636 582 769 647 abscisis
785 592 880 669 atque
902 581 1014 648 horum
1037 583 1114 649 deli-

155 665 255 730 bratis
283 689 321 732 ac
345 701 347 705 ·
372 667 529 734 raeacutis
562 667 777 733 cacuminibus
829 677 977 754 erpetuae
1009 669 1114 734 fossae

155 753 268 900 quinos
305 690 404 839 pedes
441 753 523 817 altae
555 753 759 818 ducebantur.
842 775 883 817 uc
910 753 958 818 illi
990 755 1114 840 stipites

180 838 287 902 emissi
308 848 340 903 et
362 837 402 902 ab
424 837 532 903 infimo
554 841 699 921 revincti,
722 861 763 903 ne
785 839 899 904 revelli
912 850 1052 925 possent,
1072 838 1114 904 ab

155 924 254 986 ramis
277 923 465 988 eminebant.
504 923 602 1004 Quini
623 933 713 989 erant
735 923 863 989 ordines
886 926 1044 990 coniuncti
1065 926 1112 988 in·

155 1016 205 1072 ter
226 1030 260 1072 se
283 1017 377 1095 atque
398 1009 567 1095 implicati3
596 1033 658 1096 quo
703 1011 736 1074 ui
763 1011 967 1093 intraverant,
996 1011 1115 1096 seipsi

154 1094 344 1158 acutissimis
366 1093 459 1158 vallis
480 1093 666 1160 induebant.
722 1117 757 1160 os
778 1097 886 1181 cippos
902 1094 1112 1181 appellabant.

153 1178 238 1244 Ante
261 1201 338 1266 quos
361 1178 497 1267 obliquis
530 1180 693 1246 ordinibus
721 1182 755 1244 in
777 1182 987 1267 quincuncem
1009 1180 1113 1266 dispo·

157 1265 225 1328 sitis
248 1264 377 1329 scrobes
399 1273 465 1330 tres
493 1266 527 1330 in
549 1266 746 1330 altitudinem
783 1266 881 1353 pedes
913 1266 1114 1331 fodiebantur

154 1348 306 1435 paulatim
322 1352 502 1436 angustiore
525 1351 566 1416 ad
580 1351 722 1416 infimum
743 1352 878 1438 fastigio.
901 1351 975 1415 Huc
996 1358 1112 1416 teretes

156 1436 277 1521 stipites
300 1435 424 1500 feminis
447 1437 656 1502 crassitudine
683 1437 723 1502 ab
747 1459 869 1502 summo
897 1437 1059 1522 praeacuti
1081 1444 1113 1500 et

152 1522 294 1606 praeusti
316 1520 579 1606 demittebantur,
615 1524 661 1588 ita
686 1532 722 1588 ut
752 1545 816 1589 non
839 1521 973 1607 amplius
1006 1521 1112 1606 digitis

154 1615 301 1692 quattuor
333 1629 374 1672 ex
399 1617 485 1672 terra
506 1610 697 1692 eminerent3
734 1607 828 1672 simul
850 1607 1058 1671 confirmandi
1080 1615 1112 1671 ct

153 1691 335 1758 stabiliendi
356 1714 453 1757 causa
475 1693 590 1780 singuli
613 1693 653 1758 ab
676 1694 783 1759 infimo
814 1692 880 1758 solo
902 1692 1001 1778 pedes
1023 1702 1111 1758 terra

153 1776 420 1861 exculcabantur,
443 1779 566 1866 reliqua
592 1801 666 1867 pars
694 1778 814 1844 scrobis
837 1779 879 1844 ad
907 1777 1111 1844 occultandas

153 1862 284 1928 insidias
306 1864 477 1929 viminibus
500 1887 538 1930 ac
552 1865 696 1951 virgultis
712 1864 922 1950 integebatur.
944 1864 1048 1928 Huius
1059 1885 1113 1949 ge-

153 1950 239 2013 neris
262 1950 367 2013 octoni
389 1949 515 2015 ordines
537 1950 623 2015 ducti
649 1959 756 2017 ternos
779 1952 862 2014 inter
890 1972 924 2014 se
946 1949 1044 2036 pedes
1067 1949 1112 2014 di-

153 2033 289 2098 stabant.
322 2034 360 2099 Id
383 2057 424 2099 ex
446 2035 649 2101 similitudine
671 2036 759 2101 floris
782 2035 883 2100 lilium
899 2033 1111 2121 appellabant.

152 2119 237 2183 Ante
259 2119 340 2184 haec
360 2119 462 2185 taleae
484 2120 599 2207 pedem
621 2121 737 2208 longae
757 2121 869 2184 ferreis
888 2119 989 2184 hamis
1003 2119 1111 2183 infixis

152 2213 238 2268 totae
259 2205 292 2268 in
315 2214 434 2270 terram
463 2206 697 2271 infodiebantur
718 2205 993 2291 mediocribusque
1014 2207 1111 2268 inter-

152 2290 258 2354 missis
282 2291 391 2376 spatiis
414 2291 559 2357 omnibus
582 2291 660 2358 locis
675 2290 932 2372 disserebantur3
955 2311 1034 2376 quos
1057 2290 1111 2352 sti-

151 2375 252 2441 mulos
275 2376 488 2442 nominabant.

114 2501 115 2505 =
218 2461 269 2525 74.
302 2461 363 2525 His
384 2461 480 2527 rebus
512 2463 658 2550 perfectis
688 2462 835 2546 regiones
865 2468 992 2524 secutus
1036 2482 1111 2524 uam

151 2548 254 2633 potuit
283 2549 488 2635 aequissimas
547 2571 582 2612 ro
615 2547 678 2612 loci
712 2555 827 2611 nauus
862 2483 1112 2632 quattuordecim

152 2632 239 2696 milia
253 2654 404 2719 passuum
426 2571 610 2719 compldxus
631 2653 724 2718 pares
739 2630 882 2696 eiusdem
903 2631 1029 2716 generis
1044 2653 1111 2695 mu·

152 2719 300 2801 nitiones,
324 2717 468 2783 diversas
490 2716 531 2782 ab
553 2717 612 2800 his,
636 2727 746 2783 contra
769 2718 958 2782 exteriorem
987 2715 1111 2780 hostem

151 2804 291 2890 perfecit,
315 2813 411 2868 utne
433 2825 549 2888 magna
571 2803 698 2889 quidem
719 2801 929 2885 multitudine,
952 2802 979 2864 si
1000 2803 1046 2865 ita
1060 2823 1111 2866 ac·
1133 2842 1136 2852 ‚

152 2889 256 2972 cidat,
293 2887 435 2953 discessu
471 2890 680 2954 munitionum
714 2887 875 2974 praesidia
903 2886 1111 2952 circumfundi

151 2983 299 3061 possent,
332 2983 387 3039 aut
413 2996 485 3038 cum
514 2975 656 3061 periculo
686 2997 727 3038 ex
767 2974 880 3037 castris
919 2971 1028 3057 egredi
1060 2992 1111 3036 co-

151 3069 312 3146 gerentur.
356 3059 491 3124 Dierum
516 3062 647 3148 triginta
681 3058 832 3146 pabulum
858 3058 1111 3142 frumentumque

150 3145 270 3227 habere
292 3166 400 3210 omues
423 3155 609 3212 convectum
631 3146 727 3211 iubet.

185 3227 199 3264 “'
217 3230 267 3295 75.
289 3229 376 3294 Dum
398 3231 477 3296 haec
499 3230 584 3318 apud
597 3231 738 3296 Alesiam
753 3241 914 3315 geruntio,
938 3219 1110 3294 Gallilcon-

153 3315 223 3381 silio
237 3316 416 3401 principum
430 3316 627 3406 indicto’jnon
643 3339 751 3382 omnes
767 3338 831 3398 eos,
855 3316 909 3401 qui
924 3335 1014 3377 arma
1025 3313 1111 3377 ferre

151 3409 294 3487 possent,
314 3409 350 3464 ut
371 3403 494 3466 censuit
514 3402 773 3489 Vercingetorix,
797 3399 1019 3468 convocandos
1048 3406 1111 3480 sta-

152 3493 253 3567 tuunt,
278 3484 334 3548 sed
356 3495 477 3551 certum
498 3511 664 3554 numerum
693 3490 807 3575 cuique
836 3511 878 3553 ex
900 3486 1030 3550 civitate
1052 3483 1112 3549 im·-
