2490 3974
430 217 572 281 CAPUT
595 215 727 280 te-ts.
986 212 1046 276 227

9 415 11 452 t
91 411 173 453 cum
209 387 389 454 cohortibus
414 388 521 456 xtribus
555 397 587 450 et
619 387 789 470 sagittariis
825 385 1049 468 tormentisque

92 473 316 559 compluribus
337 473 494 558 praesidio
516 471 699 535 Thebanam
714 471 815 534 mittit.
837 468 958 532 Eodem
972 477 1049 530 tem-

9 599 10 622 t
92 581 179 644 pore
202 581 243 622 ex
263 557 441 642 legionibus
464 556 608 620 omnibus
630 555 753 635 milites,
783 555 836 638 qui
865 562 919 616 aut
938 552 1049 615 morbo

93 643 246 728 impediti
266 653 320 706 aut
341 652 517 707 commeatu
538 640 610 704 dato
633 663 705 705 eum
733 641 831 724 signis
858 659 922 701 non
942 647 1049 722 potue·

94 739 175 792 rant
196 738 269 791 ante
290 729 424 793 transire
445 730 479 790 in
499 727 649 808 Africam,
673 724 714 788 ad
734 724 821 786 milia
842 729 900 804 1111,
930 723 1050 806 equites

97 819 199 894 CCCC,
232 811 407 876 funditores
437 812 654 898 sagittariique
682 809 769 872 mille
791 829 854 872 uno
877 816 1051 870 commeatu

96 896 234 962 Caesari
255 907 466 962 occurrerunt.
488 896 600 982 Itaque
623 893 764 958 cumbis
787 893 884 978 copiis
907 890 1051 970 omnibus

95 981 279 1068 legionibus
303 982 433 1064 eductis,
467 983 546 1045 sicut
568 990 638 1044 erat
664 981 843 1060 instructus,
880 975 1051 1039 Vmilibus

96 1089 254 1152 passuum
275 1066 315 1130 ab
338 1067 403 1131 suis
425 1069 546 1148 castris,
569 1064 609 1129 ab
625 1063 780 1149 Scipionis
795 1083 871 1127 vero
886 1069 910 1124 ll
924 1059 1050 1126 milibus

96 1173 253 1236 passuum
274 1150 368 1237 longe
391 1152 528 1216 constitit
547 1152 581 1213 in
603 1170 722 1234 campo.

168 1236 218 1300 78.
240 1236 320 1300 Erat
341 1236 489 1322 oppidum
510 1235 594 1298 infra
616 1245 720 1298 castra
742 1231 898 1318 Scipionis
927 1231 1051 1295 nomine

99 1321 221 1406 Tegea,
258 1320 314 1384 ubi
344 1321 537 1406 praesidium
569 1328 713 1404 equestre
741 1321 866 1382 circiter
887 1324 911 1378 11
932 1315 1052 1379 milium

100 1427 234 1470 numero
246 1405 364 1470 habere
380 1415 556 1469 consuerat.
578 1404 627 1470 Eo
640 1405 779 1489 equitatu
791 1402 903 1466 dextra
914 1403 1052 1465 sinistra-

101 1503 167 1576 que
179 1490 298 1555 directo
314 1490 354 1554 ab
372 1490 480 1576 oppidi
494 1489 645 1553 lateribus
657 1491 724 1574 ipse
741 1489 880 1572 legiones
892 1509 932 1550 ex
943 1485 1068 1549 eastris

102 1575 233 1638 eductas
255 1585 349 1662 atque
369 1577 404 1638 in
424 1577 456 1639 iu
479 1597 497 1638 o
511 1575 658 1639 inferiore
673 1576 839 1638 instructas
853 1593 917 1636 non
931 1570 1053 1654 longius

100 1659 169 1724 fere
191 1659 278 1724 mille
305 1683 417 1746 passus
447 1599 488 1724 air
518 1661 582 1723 suis
613 1657 837 1723 munitionibus
869 1677 1054 1742 progressus

101 1745 137 1807 in
164 1747 232 1808 acie
266 1747 436 1810 constituit.
471 1745 643 1830 Postquam
677 1743 792 1808 diutius
824 1744 858 1805 in
889 1751 952 1806 uno
985 1739 1054 1804 loeo

102 1829 211 1977 Scipio
234 1830 495 1912 commorabatur,
519 1840 550 1894 et
571 1840 696 1914 tempus
719 1829 783 1892 diei
803 1829 837 1890 in
859 1828 921 1891 otio
944 1847 1054 1890 consu-

104 1925 258 1998 meatur,
292 1914 411 1980 Caesar
443 1917 582 2001 equitum
609 1924 728 1978 turmas
758 1935 885 1977 suorum
914 1911 1002 1975 iubet
1023 1913 1055 1974 in

103 1997 242 2064 hostium
263 2001 444 2086 equitatum,
468 2003 522 2084 qui
543 2000 584 2064 ad
598 1999 746 2085 oppidum
760 2001 794 2062 in
809 1999 940 2062 statione
956 2004 1054 2078 erant,

104 2083 210 2148 facere
224 2087 460 2166 impressionem
475 2085 640 2170 levemque
656 2094 854 2163 armaturam,
878 2084 1055 2168 sagittarios

105 2167 346 2256 funditoresque
369 2169 481 2234 eodem
504 2169 666 2234 submittit.
704 2169 798 2248 Quod
830 2167 885 2232 ubi
913 2189 967 2232 coe
990 2176 1055 2231 tum

106 2263 156 2318 est
176 2255 255 2336 fieri,
293 2265 325 2318 et
351 2258 441 2341 equis
469 2256 632 2320 concitatis
659 2255 773 2319 Iuliani
794 2256 945 2339 impetum
966 2190 1052 2316 iecis-

106 2348 184 2421 sent,
220 2340 368 2404 Pacidius
401 2362 473 2404 suos
510 2341 631 2426 equites
665 2340 866 2425 exporrigere
893 2340 996 2420 coepit
1023 2339 1056 2400 in

105 2423 344 2510 longitudinem,
366 2435 401 2490 ut
421 2425 577 2490 haberent
589 2425 770 2490 facultatem
784 2436 902 2488 turmas
916 2424 1056 2487 Iulianas

108 2509 324 2592 circumfundi,
355 2521 387 2574 et
407 2510 505 2574 nihilo
527 2511 631 2573 minus
652 2511 819 2576 fortissime
835 2511 1056 2593 *acerrimeque

108 2615 257 2680 pugnare.
282 2594 376 2673 Quod
396 2595 451 2659 ubi
474 2595 594 2660 Caesar
617 2595 848 2676 animadvertit,
874 2600 946 2677 CCC,
976 2615 1054 2678 quos

109 2701 149 2742 ex
163 2679 340 2764 legionibus
355 2680 473 2744 habere
490 2681 653 2766 expeditos
668 2689 843 2760 consuerat,
859 2702 900 2742 ex
914 2680 1057 2764 proxima

110 2763 243 2848 legione,
277 2787 357 2850 quae
380 2767 410 2828 ei
431 2765 552 2851 proelio
579 2767 612 2828 in
645 2768 712 2830 acie
745 2766 936 2846 constiterat,
970 2762 1057 2826 iubet

112 2849 262 2933 equitatui
284 2871 476 2914 succurrere.
498 2850 659 2914 Labienus
680 2851 806 2914 interim
821 2851 885 2913 suis
902 2846 1057 2934 equitibus

111 2933 229 2996 auxilia
250 2935 410 3018 equestria
431 2935 615 3002 submittere
645 2937 820 3022 sauciisque
848 2957 885 2998 ac
908 2933 1057 3018 defatiga-

112 3019 149 3082 tis
170 3019 309 3104 integros
331 3021 623 3107 recentioribusque
649 3020 769 3084 viribus
798 3021 919 3107 equites
942 3018 1057 3082 submi-

112 3105 254 3167 nistrare.
277 3103 450 3191 Postquam
472 3107 593 3192 equites
615 3105 730 3170 Iuliani
746 3111 832 3168 CCCC
846 3105 911 3168 vim
922 3103 1059 3167 hostium

113 3188 151 3252 ad
171 3195 219 3250 1111
240 3189 327 3252 milia
347 3212 477 3254 numero
500 3193 652 3255 sustinere
674 3213 737 3255 non
753 3199 897 3275 poterant
918 3197 948 3251 et
963 3213 982 3252 a
997 3188 1059 3252 levi

115 3283 267 3338 armatura
300 3274 507 3340 Numidarum
541 3275 788 3340 vulnerabantur
822 3275 1059 3358 minutatimque

116 3360 273 3442 cedebant,
298 3359 416 3426 Caesar
437 3360 569 3426 alteram
591 3361 673 3426 alam
694 3361 796 3441 mittit,
820 3360 873 3443 qui
894 3360 1058 3442 satagenti-

115 3447 169 3512 bus
191 3445 334 3510 celeriter
357 3458 582 3512 succurrerent.
607 3446 677 3526 Quo
700 3444 780 3510 facto
792 3443 977 3590 1spisssublati
993 3444 1058 3506 uni-
