2562 3966
177 209 239 275 118
434 211 496 275 ΒΕ
517 211 662 276 BELLO
686 208 877 275 GALLIOO

456 465 492 532 C.
515 467 623 532 IULII
646 465 856 533 CAESARIS

207 575 653 717 'suartio
708 562 1104 716 alurico

364 795 732 860 COMMENTARIUS
755 793 951 860 SEXTUS.

448 1013 861 1101 accensurum

176 1134 216 1202 [Α.
240 1135 273 1186 U.
298 1135 326 1186 Ο.
351 1133 418 1202 rot]
455 1136 582 1186 Maiorem
606 1135 708 1186 Galliae
734 1141 831 1184 motum
858 1143 1011 1202 exspectans
1039 1137 1136 1188 Caesar

210 1205 299 1269 copias
318 1209 397 1270 auget
414 1217 435 1253 c.
456 1206 478 1252 1.
514 1205 627 1254 Nervios
650 1219 683 1252 ex
699 1205 841 1269 improviso
860 1220 1002 1270 aggressus
1026 1206 1136 1270 subigit;

211 1272 357 1323 Senonibus
369 1278 447 1336 atque
460 1271 616 1322 Carnutibus
633 1271 730 1322 bellum
749 1273 946 1336 deprecantibus
965 1273 1070 1323 obsides
1088 1275 1135 1322 im-

208 1345 295 1406 perat;
313 1341 450 1406 Menapios
468 1341 539 1406 agris
556 1341 664 1390 vastatis
682 1341 710 1389 in
728 1341 884 1390 deditionem
901 1342 995 1406 accipit
1018 1357 1039 1390 c.
1058 1343 1135 1391 2-6.

209 1409 318 1459 Treveri
335 1425 352 1458 a
368 1409 488 1461 Labieno¹
504 1408 626 1458 debellati
644 1414 704 1460 sunt
721 1425 742 1458 c.
763 1411 835 1458 7-8.
863 1409 914 1469 Qui
932 1425 1010 1473 quum
1028 1409 1135 1459 Germa-

208 1493 301 1527 norum
324 1477 426 1527 auxiliis
449 1475 530 1526 adiuti
553 1482 652 1538 essent,
680 1477 776 1527 Caesar
797 1478 890 1526 iterum
911 1477 1030 1526 Rhenum
1051 1483 1135 1527 trans-

210 1545 325 1612 greditur
337 1561 359 1596 c.
372 1547 395 1594 9.
416 1545 495 1595 Suebi
506 1547 609 1610 penitus
621 1547 656 1595 ad
668 1550 794 1596 extremos
806 1545 871 1595 fines
884 1561 912 1596 se
921 1548 1048 1610 recipiunt
1060 1561 1081 1594 c.
1094 1548 1134 1595 10.

208 1615 267 1664 Hac
285 1614 345 1663 data
362 1614 499 1665 occasione
512 1613 646 1664 Gallorum
663 1620 689 1664 et
703 1614 888 1664 Germanorum
905 1616 1019 1664 moribus
1039 1615 1137 1664 deseris

208 1683 300 1732 bendis
320 1681 416 1732 Caesar
433 1687 600 1747 utrorumque
618 1683 834 1748 comparationem
850 1683 961 1733 instituit
984 1699 1005 1732 c.
1026 1685 1134 1732 11-24.

209 1751 312 1801 Deinde
329 1751 487 1820 Hercyniam
511 1751 604 1800 silvam
627 1756 652 1800 et
675 1752 799 1813 ferarum,
824 1767 889 1816 quae
912 1752 948 1801 ibi
971 1753 1137 1817 proveniant,

209 1819 309 1884 aliquot
333 1835 429 1884 genera
452 1819 574 1869 describit
597 1835 618 1869 c.
643 1821 751 1870 25-28.
795 1819 887 1870 Suebis
910 1821 1007 1871 frustra
1029 1822 1135 1870 tentatis

210 1904 286 1952 quum
312 1889 340 1935 in
368 1887 479 1937 Galliam
504 1903 640 1953 regressus
668 1894 748 1950 esset,
782 1889 921 1938 exercitum
948 1890 975 1937 in
998 1889 1136 1938 Eburones

210 1957 280 2005 ducit
298 1971 318 2005 c.
338 1957 448 2017 tsi-33,
467 1971 606 2019 omnesque
626 1955 715 2007 Gallos
734 1957 768 2006 ad
784 1957 845 2006 illos
864 1957 1022 2022 diripiendos
1042 1963 1137 2007 evocat

209 2040 230 2074 c.
249 2026 290 2074 34.
322 2023 428 2074 Interim
447 2024 583 2089 Sugambri
602 2025 734 2077 Ciceronis
753 2030 837 2075 castra
854 2025 1020 2085 adoriuntur;
1042 2027 1135 2074 irrum·

207 2108 270 2158 pere
288 2093 374 2142 conati
395 2093 554 2157 repelluntur
573 2093 687 2157 quidem,
711 2098 738 2143 at
762 2098 862 2159 partem
881 2093 1056 2143 Romanorum
1081 2093 1135 2142 fru-

207 2161 338 2212 mentandi
356 2177 436 2211 causa
454 2176 485 2209 ex
503 2162 594 2210 castris
613 2177 777 2226 egressorum
798 2161 957 2221 interimunt3
977 2161 1070 2210 deinde
1089 2161 1133 2209 de·

208 2235 312 2294 sperata
330 2233 472 2279 castrorum
485 2229 675 2294 expugnatione
693 2229 796 2278 domum
808 2234 970 2278 revertuntur
989 2243 1010 2276 c
1023 2229 1133 2277 35-42.

209 2297 305 2347 Caesar
316 2297 469 2346 Eburonum
487 2298 556 2360 agris
574 2298 683 2346 vastatis
696 2297 857 2361 concilioque
869 2303 974 2360 peracto
992 2297 1019 2344 in
1031 2295 1134 2346 ltaliam

207 2367 241 2414 ad
259 2371 402 2416 conventus
421 2365 536 2430 agendos
554 2363 726 2426 proficiscitur
744 2381 764 2414 c.
784 2369 825 2426 43,
844 2367 884 2414 44.

238 2605 266 2667 1.
288 2601 396 2667 Multis
420 2602 459 2665 de
482 2604 586 2666 causis
606 2601 726 2666 Caesar
747 2605 899 2667 maiorem
922 2601 1046 2668 Galliae
1067 2624 1133 2666 mo-

171 2697 246 2753 tum
268 2697 455 2771 exspectans
482 2711 540 2774 per
568 2688 712 2752 Marcum
741 2687 893 2772 Silanum,
923 2689 1039 2752 Gaium
1068 2687 1134 2751 An·

170 2776 290 2838 tistium
318 2772 490 2858 Reginum,
521 2774 627 2838 Titum
655 2773 797 2838 Sextium
826 2774 948 2860 legatos
975 2773 1134 2838 delectum

170 2857 289 2924 habere
311 2859 461 2942 instituit3
485 2860 578 2923 simul
597 2859 638 2922 ab
657 2858 748 2924 (ineo
769 2861 921 2946 Pompeio
943 2858 1134 2946 proconsule

194 2947 265 3025 etit,
295 2947 443 3030 quoniam
470 2946 539 3030 ipse
567 2945 608 3008 ad
634 2945 746 3008 urbem
774 2969 846 3010 cum
871 2947 914 3008 im
939 2947 1005 3010 erio
1027 2945 1076 3009 rei
1098 2967 1133 3011 u·

170 2967 275 3094 llicae
303 3051 401 3094 causa
428 3041 621 3112 remaneret,
650 3053 728 3131 quos
763 3053 804 3094 ex
834 2969 998 3117 Cisalpina
1027 3029 1057 3094 G
1104 3031 1134 3097 'a

171 3115 309 3179 consulis
337 3125 534 3180 sacramento
563 3126 752 3200 rogavisset,
781 3117 822 3180 ad
849 3119 940 3202 signa
962 3117 1132 3181 convenire

171 3209 203 3264 et
225 3201 266 3263 ad
289 3223 323 3264 se
345 3199 502 3284 proficisci
523 3201 657 3284 iuberet,
679 3203 786 3287 magni
807 3203 962 3266 interesse
982 3204 1077 3265 etiam
1098 3201 1133 3264 in

169 3284 327 3369 reliquum
358 3295 480 3370 tempus
517 3287 558 3349 ad
585 3289 765 3372 opinionem
793 3286 916 3352 Galliae
947 3289 1132 3352 existimans

169 3379 274 3432 tantas
301 3370 403 3432 videri
430 3371 541 3434 ltaliae
570 3371 743 3454 facultates,
771 3382 815 3454 ut,
843 3375 870 3436 ei
915 3373 970 3436 uid
993 3381 1076 3436 esset
1097 3372 1131 3434 in

169 3452 254 3517 bello
278 3454 457 3518 detrimenti
481 3469 654 3541 acceptum,
684 3481 748 3522 non
770 3459 863 3524 modo
885 3397 919 3523 id
941 3459 1031 3522 brevi
1052 3467 1130 3521 tem-
