2538 3978
372 223 507 288 coust.
530 222 578 286 m
600 221 693 288 err.
717 198 853 285 co-'sa
912 213 913 216 ‘
1030 219 1091 286 roc

195 393 245 458 61.
269 393 356 474 Quos
379 395 558 480 Pompeius,
575 392 659 480 quod
681 402 771 458 erant
785 391 918 456 honesto
940 390 1009 455 loco
1023 393 1091 456 nati

128 486 161 542 et
182 479 327 544 instructi
355 479 529 544 liberaliter
555 501 732 564 magnoque
761 479 909 542 comitatu
931 486 962 542 et
983 476 1089 540 multis

111 564 277 629 'iumentis
305 574 461 629 venerant
488 567 612 652 virique
640 565 738 630 fortes
765 562 966 628 habebantur
996 572 1027 626 et
1055 564 1088 626 in

129 649 250 714 honore
273 651 358 736 apud
385 650 556 716 Caesarem
579 651 712 732 fuerant,
742 649 889 734 quodque
918 670 1035 712 novum
1048 658 1089 712 ‘et

124 745 255 819 praeter
281 737 542 801 cousuetudinem
573 735 743 816 acciderat,
774 737 879 798 omnia
906 755 964 796 sua
996 755 1087 818 prae-

125 820 210 883 sidia
231 821 442 887 circumduxit
464 833 558 909 atque
579 823 756 888 ostentavit.
779 819 860 883 Nam
875 828 947 882 ante
962 818 996 882 id
1010 828 1087 882 tern-

123 927 186 989 pus
207 929 300 971 nemo
323 917 378 972 aut
403 907 494 972 miles
524 918 578 972 aut
607 929 704 994 eques
731 929 758 970 a·
772 905 910 970 Caesare
932 903 973 970 ad
994 904 1085 968 Pom-

121 993 232 1074 peium
254 994 437 1075 transierat,
468 1016 561 1079 quum
592 1015 695 1080 paene
725 991 906 1078 quotidiea
934 989 1086 1076 Pompeio

122 1075 165 1138 ad
199 1075 370 1142 Caesarem
402 1079 616 1164 perfugereut,
647 1078 743 1164 vulgo
772 1099 848 1142 vero
881 1078 1020 1140 universi
1053 1077 1086 1138 in

120 1159 222 1245 Epiro
244 1171 340 1249 atque
361 1163 489 1229 Aetolia
511 1165 682 1249 conscripti
702 1163 818 1228 milites
842 1183 1013 1246 earumque
1036 1183 1085 1224 re-

121 1247 253 1330 gionum
275 1251 423 1332 omniurn,
445 1273 526 1337 quae
549 1273 569 1314 a
592 1249 730 1314 ansare
751 1247 950 1320 tenebantur.
974 1246 1038 1310 Sed
1050 1247 1084 1310 'hi

122 1333 258 1415 cognitis
289 1335 434 1400 omnibus
467 1336 580 1416 rebus,
604 1359 660 1400 seu
690 1335 765 1421 quid
798 1336 831 1397 in
859 1332 1084 1396 munitionibus

108 1413 299 1564 Jpcrfcctum
320 1442 384 1484 nou
408 1431 485 1502 erat,
516 1445 573 1487 seu
596 1421 672 1507 quid
694 1445 713 1486 a
734 1418 935 1508 peritioribus
957 1419 1006 1482 rei
1027 1419 1084 1482 mi-

137 1503 224 1566 'teris
247 1504 421 1570 desiderari
442 1506 620 1586 videbatur,
644 1507 902 1593 temporibusque
924 1527 1030 1578 rerum
1053 1513 1084 1568 et

121 1588 233 1670 spatiis
265 1589 415 1676 locorum,
449 1595 664 1658 custodiarum
685 1594 776 1658 varia
798 1591 963 1676 diligentia
984 1592 1083 1654 anim-

120 1671 264 1756 adversa,
299 1687 393 1760 prout
426 1681 576 1765 cuiusque
605 1701 724 1760 eorum,
759 1679 814 1764 qui
834 1676 969 1761 negotiis
1014 1697 1082 1738 rae-

120 1767 222 1856 erant
246 1769 301 1824 aut
321 1771 437 1828 natura
450 1775 514 1828 aut¹
526 1764 664 1829 studium
684 1764 817 1845 ferebat,
833 1762 914 1826 haec
928 1761 969 1824 ad
990 1699 1081 1828 lom·

118 1863 228 1926 perum
251 1850 357 1910 omnia
378 1849 568 1914 detulerunt.

184 1927 234 1992 62.
259 1931 383 2009 Quibus
409 1934 463 1998 ille
493 1937 628 2022 cognitis
658 1935 894 2021 eruptionisque
921 1935 984 1996 iam
1007 1942 1080 1996 ante

119 2024 212 2162 capto
234 2019 374 2101 consilio,
397 2031 432 2084 ut
451 2021 698 2088 demonstratum
713 2033 771 2103 est,
792 2021 966 2104 tegimenta
980 2019 1080 2104 galeis

117 2099 162 2160 mi
175 2101 234 2164 ites
268 2125 309 2180 ex
340 2106 512 2171 viminibus
545 2109 649 2172 facere
682 2119 776 2194 atquc
810 2127 957 2191 aggerem
992 2103 1081 2168 iubet

120 2197 329 2270 comportare.
368 2191 429 2256 His
457 2195 576 2278 paratis
609 2194 704 2259 rebus
734 2215 885 2277 magnum
913 2213 1079 2256 numerum

117 2267 197 2334 levis
219 2287 397 2343 armaturae
419 2288 451 2342 et
473 2281 705 2365 sagittariorum
720 2299 931 2364 aggeremque
954 2298 1079 2341 omnem

116 2367 211 2422 noctu
233 2360 266 2424 in
289 2365 424 2450 scaphas
452 2374 484 2428 et
511 2388 611 2431 naves
639 2368 794 2430 ostiarias
822 2366 955 2450 imponit
982 2365 1078 2428 etde

116 2443 220 2508 media
248 2459 341 2514 nocte
371 2451 516 2516 cohortes
545 2459 592 2514 LX
615 2473 657 2514 ex
677 2453 823 2516 maximis
853 2451 964 2514 castris
987 2474 1076 2535 prce-

118 2527 269 2616 sidiisque
285 2534 437 2600 deductas
460 2537 500 2600 ad
524 2559 595 2601 eam
616 2548 740 2686 partem
757 2539 965 2600 munitionum
981 2537 1075 2618 ducit,

119 2633 199 2697 quae
220 2621 422 2702 pertinebant
443 2623 484 2686 ad
506 2645 594 2688 mare
629 2624 864 2709 ongissimeque
887 2645 906 2686 a
928 2624 1075 2686 maximis

116 2701 226 2764 castris
242 2701 389 2771 Caesaris
405 2709 547 2773 aberant.
569 2709 691 2775 Eodem
714 2731 822 2791 naves,
868 2731 924 2773 uas
947 2709 1076 2773 demon·

116 2787 293 2872 stravimus,
317 2814 433 2878 aggere
456 2804 488 2858 et
516 2793 596 2860 levis
618 2805 796 2860 armaturae
813 2732 969 2858 ‘militibus
992 2815 1075 2858 com-

114 2866 223 3016 Elelassr
254 2898 395 2962 quasque
425 2881 467 2944 ad
495 2881 731 2966 Dyrrhachium
757 2903 856 2944 naves
878 2880 990 2964 longas
1019 2877 1074 2942 ha

137 2953 219 3040 ebat,
242 2962 339 3026 mittit
361 2976 401 3047 et,
425 2966 501 3052 quid
523 2989 542 3030 a
564 2989 689 3053 quoque
709 2965 779 3030 fieri
800 2966 887 3046 velit,
911 2966 1071 3050 praecipit.

114 3037 164 3103 Ad
194 3049 467 3116 eas'munitiones
501 3050 621 3116 Caesar
646 3052 816 3116 Lentulum
852 3050 1072 3116 Marcellinum

115 3137 310 3210 quaestorem
331 3157 402 3199 cum
417 3137 543 3222 legione
560 3145 632 3200 Vlltl
654 3141 791 3225 positum
806 3137 955 3202 habebat.
978 3136 1070 3216 Huic,

112 3212 195 3356 quod
216 3215 397 3288 valetudine
426 3225 529 3288 minus
560 3225 726 3288 commoda
745 3224 900 3305 utebatur,
921 3221 1071 3286 Fulvium

138 3306 292 3366 oshrmum
315 3305 491 3374 adiutorem
513 3307 711 3374 submiserat.

174 3383 225 3449 63.
247 3386 327 3454 Erat
348 3416 386 3458 eo
401 3394 470 3462 loco
491 3397 577 3463 fossa
597 3401 712 3485 pedum
729 3411 781 3467 XV
804 3382 839 3472 ct
855 3405 975 3470 vallum
997 3426 1070 3468 con-

112 3473 158 3531 tra
186 3467 309 3538 hostem
336 3480 369 3544 in
398 3482 596 3550 ultimdinem
622 3489 739 3575 pedum
766 3501 799 3578 X,
822 3494 1070 3580 tantundemque
