2532 3968
202 215 264 292 m
546 213 807 286 PRAEFA'rlo..

205 388 328 462 aurium
350 388 442 474 lapsu
470 389 608 472 genuina
633 385 733 452 verba
760 393 943 466 impetusque
971 407 1073 456 eorum
1093 409 1151 452 exv

205 479 341 555 debunt,
372 495 467 558 quum
496 471 574 536 nihil
594 473 789 556 frequentius
811 472 852 534 sit
873 470 957 556 apud
978 470 1151 544 camaram

206 557 342 622 dictione
365 566 500 638 impetum
521 565 670 637 excipere,
693 558 830 642 perusiii
845 557 982 640 potuisse
1003 558 1037 620 in
1057 565 1150 638 impe.-

206 655 313 722 iusque
334 661 436 706 eorum
461 651 661 723 excipiebant.
781 685 784 690 -

215 781 218 786 .
271 727 308 791 O.
324 728 363 801 61
388 727 471 792 edidi
485 749 566 812 quac
580 729 613 791 in
627 725 715 790 libris
731 736 818 790 suut:
839 733 945 804 troque
964 734 1151 790 constituunt

208 821 272 894 ipsi
293 819 370 878 iocis
392 820 538 877 excedere
559 825 588 876 et
601 820 631 876 in
648 819 833 878 Celtiberiam
847 819 952 876 betium
967 817 1149 890 transferre.

207 897 263 972 Nc
285 904 362 974 bia,
384 897 479 981 vulgo
501 906 531 960 ii
536 921 553 961 s
573 906 646 960 cute
661 897 738 962 locis
752 897 879 960 addunt.
901 931 944 944 ·-
965 895 1064 962 Paulo
1100 907 1152 962 ost

207 988 346 1050 Sertorio
368 1003 425 1066 pro
442 988 474 1048 L.
497 987 633 1046 Sertorio
649 984 780 1046 exaravi
794 991 941 1046 monento
955 980 1017 1065 Nip
1040 918 1149 1046 ericio

208 1064 292 1132 Add.
304 1090 334 1151 p.
352 1067 423 1130 792,
437 1105 474 1114 -
490 1068 527 1130 Iu
544 1067 607 1132 fine
622 1068 732 1153 capitis
747 1067 932 1151 particulam
948 1089 1005 1145 qne
1016 1004 1150 1152 diuoru-

209 1155 290 1240 que),
313 1177 407 1240 quam
429 1166 554 1240 practer
569 1156 637 1219 cod.
659 1157 758 1218 Paris.
782 1179 843 1220 sec.
867 1165 898 1220 et
918 1155 1007 1221 Lcid.
1031 1179 1078 1242 pr.
1099 1180 1150 1222 re-

208 1237 286 1325 liqui
308 1260 415 1302 omncs
435 1239 563 1322 habunt,
585 1241 710 1304 retinui.

272 1324 309 1388 O.
332 1325 374 1388 64
395 1325 506 1410 scripsi
528 1348 597 1390 cum
619 1325 781 1389 Kranam:
812 1331 914 1390 Primo
942 1333 1008 1392 luce
1034 1349 1073 1390 ex
1097 1351 1150 1391 su·

201 1415 382 1492 perioribcs
403 1419 479 1476 locis
492 1447 534 1460 -
549 1417 728 1476 cernebatur
743 1421 889 1489 equitatus
910 1419 1009 1476 nostri
1024 1418 1149 1491 proelio

209 1501 390 1560 nouissimos
411 1503 529 1560 illorum
549 1503 649 1575 premi
669 1503 851 1561 veliementer
871 1518 908 1560 ac
929 1519 1152 1575 nonnumquam

208 1587 406 1644 sustineri
426 1594 585 1644 extremum
600 1603 704 1658 cymen
727 1593 814 1660 atque
836 1590 1084 1661 interrumpi.
1108 1581 1150 1645 N.

208 1673 358 1730 sustinere
387 1674 419 1729 ct
447 1673 580 1741 inrumpi
605 1665 718 1746 edidit,
749 1676 781 1730 ct
807 1665 933 1751 quidem
955 1665 1015 1730 hoc
1041 1667 1152 1730 invitis

210 1748 310 1816 libris.
333 1788 372 1798 -
392 1750 502 1825 ,Rcicci
529 1750 642 1813 deinde
693 1751 854 1814 articulum
883 1773 958 1827 non,
989 1773 1083 1835 quam
1108 1751 1155 1814 N.

211 1857 253 1900 ux
270 1835 382 1908 ‚tribus
411 1835 618 1900 deterioribus
644 1774 732 1899 liliis
760 1837 898 1900 inscruit.
911 1835 1035 1900 vorbis:
1068 1842 1156 1902 Totis.

209 1941 283 1994 cero
305 1928 415 1984 cason
435 1928 541 1993 milites-
561 1928 710 1985 circulari
731 1935 759 1986 ei
780 1929 881 1986 dolere
901 1927 1016 1986 bostem.
1033 1943 1072 1984 eo:
1086 1943 1156 1992 mo·-

210 2011 301 2070 mom
330 2011 449 2081 dimitti,
480 2013 581 2068 bellum
610 2027 683 2071 non
713 2014 887 2072 necessario
918 2013 1038 2084 ionpius
1067 2013 1150 2070 duci.

211 2087 316 2167 Quum
339 2091 421 2153 cnim
443 2090 712 2154 adnumerandum
739 2094 779 2154 sit
807 2099 980 2156 necessario
1008 2089 1070 2152 illis
1095 2091 1152 2154 ad-

209 2175 395 2238 iectivorum
407 2185 438 2237 et
449 2177 681 2260 participiorum
698 2177 851 2257 ablativis,
865 2177 918 2261 qui
940 2199 1010 2248 cum
1026 2198 1152 2262 compa·

211 2260 321 2323 sativis
334 2261 481 2346 coniungi
497 2260 605 2338 solent,
622 2263 714 2336 otium
724 2263 825 2326 verba
841 2270 1012 2324 necessario
1029 2268 1153 2338 ioupius

211 2366 271 2430 per
297 2351 417 2422 loupius
447 2369 533 2424 quum
555 2355 759 2422 necessarium
781 2360 826 2410 esi
845 2346 1045 2430 interpretari
1065 2344 1150 2410 licet.

277 2429 313 2493 Ο.
343 2430 383 2493 65
411 2453 505 2517 quum
531 2433 641 2495 vitiose
676 2432 825 2514 scriptum
860 2433 900 2492 sit
931 2433 970 2492 iu‘
991 2429 1152 2494 codicibus

213 2520 277 2582 Hos
298 2531 411 2580 montes
433 2525 513 2580 intre
535 2539 568 2579 se
589 2522 782 2597 recipiebant,
808 2515 1015 2599 Nipperdcius
1045 2537 1152 2578 emcn-

213 2599 315 2676 davit:
337 2606 402 2666 Hos
422 2613 535 2666 montes
556 2609 712 2664 intrare
733 2607 900 2680 cupiebant.
927 2599 969 2660 At
991 2620 1046 2660 cur
1068 2606 1153 2662 intra

212 2708 247 2750 sc
267 2683 341 2749 libri
362 2686 507 2767 habeant,
529 2685 649 2748 facilius
673 2684 856 2768 explicatur,
880 2705 976 2769 quum
1000 2682 1153 2766 scriptum

213 2771 312 2835 fuisse
333 2771 480 2836 facimus:
503 2777 566 2834 Hos
580 2785 693 2834 montes
716 2779 727 2832 i
734 2783 889 2832 retrusae
911 2775 1079 2848 cupiebant,
1097 2771 1158 2853 qui

212 2857 385 2932 infinitivus
410 2856 541 2940 perfecti
559 2857 706 2941 temporis
723 2857 816 2919 etiam
833 2853 1010 2939 aptissimus
1024 2852 1155 2916 videtur

213 2943 248 3005 in
271 2965 322 3022 rc,
346 2963 408 3026 qua
436 2941 560 3004 demum
587 2941 753 3024 impetrata
785 2940 983 3024 Pompeianis
1017 2937 1153 3002 salutem

214 3048 342 3113 sperare
364 3025 486 3090 licebat.

279 3110 314 3174 O.
344 3110 383 3173 67
413 3112 527 3176 retinui
552 3110 714 3176 vul-ratum
741 3118 908 3192 consuerit,
943 3107 1027 3194 quod
1055 3129 1155 3192 quum

214 3195 337 3260 duobus
359 3195 574 3282 Oudendorpii
596 3198 617 3260 li
641 3199 685 3260 ris
706 3196 843 3280 itemque¹
863 3193 957 3258 Vind.
979 3215 1026 3278 pr.
1048 3192 1154 3256 firme-

214 3291 275 3362 tur,
298 3283 391 3344 ctiam
413 3305 456 3346 ea·
471 3284 571 3348 forma
592 3306 661 3348 esse
689 3283 826 3361 videtur,
856 3279 938 3343 unde
964 3277 1086 3342 facilius
1105 3282 1154 3342 vi·

214 3367 295 3428 iiosa
314 3367 504 3452 reliquorum
527 3369 676 3441 librorum
697 3370 850 3452 scriptura
871 3374 1024 3430 consueuit
1045 3365 1156 3428 enasci

214 3456 359 3535 potuerit,
382 3477 475 3540 quam
498 3479 538 3522 cx
551 3456 691 3542 pleniora
713 3459 901 3518 consenuerit
927 3452 1034 3528 forma,
1058 3471 1154 3536 quam
