2538 3978
308 359 315 388 ⁴
401 280 536 347 OOMM.
558 283 591 347 H
612 282 706 348 OAP.
729 280 865 350 34-'3e
1070 230 1130 350 69Ὶ

154 452 351 540 accederent,
380 455 481 518 omnis
511 453 589 518 Vari
616 455 700 518 acies
728 465 818 539 terga
845 456 938 520 vertit
960 478 1056 544 seque
1078 458 1111 520 in

154 549 261 602 castra
281 540 410 624 recepit.

218 623 269 688 35.
292 623 364 702 Qua
384 626 418 688 in
439 625 514 710 fuga
540 623 658 688 Fabius
680 624 831 710 Pelignus
854 626 981 712 quidam
1003 649 1044 692 ex
1064 627 1110 690 in-

153 709 234 772 fimis
257 709 419 775 ordinibus
442 710 481 774 de
510 711 652 774 exercitu
675 710 819 775 Curionis
840 712 976 796 primum
997 734 1111 796 agmen

152 795 339 883 fugientium
368 804 554 860 consecutus
583 817 699 880 magna
727 818 807 860 voce
835 796 956 860 Varum
983 799 1123 862 nomine

153 880 317 965 appellans
339 880 531 966 requirebat,
547 881 593 943 uti
614 903 697 945 unus
713 903 782 946 esse
806 905 847 946 ex
869 883 936 946 eius
959 881 1110 946 militibus

152 975 184 1028 et
205 987 333 1030 monere
356 965 475 1053 aliquid
496 965 579 1030 velle
602 967 765 1032 aedicere
786 967 956 1032 videretur.
977 967 1043 1032 Ubi
1057 967 1111 1031 ille

151 1052 278 1136 saepius
306 1050 484 1136 appellatus·
508 1052 633 1136 aspexit
661 1053 700 1116 ac
725 1054 840 1117 restitit
866 1063 906 1136 et,
931 1055 999 1138 quis
1027 1062 1111 1116 esset

152 1145 206 1200 aut
226 1135 304 1221 ¹quid
325 1136 430 1218 vellet,
454 1137 616 1223 quaesivit,
646 1136 812 1203 humerum
839 1147 982 1224 apertum
998 1137 1110 1222 ,gladio

151 1218 270 1306 appetit
299 1221 490 1308 paulumque
524 1221 609 1304 afuit,
643 1225 719 1309 quin
751 1224 870 1288 Varum
902 1225 1110 1306 interficerem

153 1307 237 1392 quod
266 1306 320 1370 ille
347 1307 523 1455 periculum
551 1307 673 1372 sublato
695 1309 736 1372 ad
759 1311 826 1373 eius
850 1319 997 1374 conatum
1019 1318 1108 1372 scuto

150 1393 271 1456 vitavit.
304 1392 353 1456 Fa
375 1395 432 1474 ius
457 1415 476 1456 a
511 1395 661 1478 proximis
694 1393 845 1458 militibus
878 1396 1109 1460 circumventus

150 1478 346 1542 interficitur.
368 1477 439 1541 Hac
458 1479 644 1562 fugientium
658 1479 857 1544 multitudine
873 1503 911 1544 ac
932 1479 1025 1544 turba
1039 1483 1109 1565 p'or·

151 1572 202 1626 tae
219 1573 392 1628 castrorum
421 1573 616 1649 occupantur
645 1575 739 1651 atque
760 1566 821 1628 iter
841 1565 1019 1650 impeditur,
1041 1564 1109 1650 plu-

117 1679 121 1683 ·
150 1669 265 1734 resque
286 1651 320 1713 in
342 1671 379 1712 eo
402 1648 470 1712 loco
501 1651 568 1713 sine
590 1647 721 1714 uulnere
744 1673 838 1736 quarn
860 1652 893 1714 in
914 1649 1033 1736 proelio
1056 1657 1110 1714 aut

150 1732 227 1818 fuga
247 1733 414 1815 intereunt,
441 1757 544 1820 neque
573 1735 706 1799 multum
733 1737 819 1816 afuit,
844 1738 919 1822 quin
941 1737 1037 1818 etiarn
1058 1757 1109 1798 ca·

151 1821 223 1882 stris
246 1818 486 1904 expellerentur,
510 1842 548 1884 ac
562 1820 706 1886 nonnulli
720 1822 866 1907 'protinus
890 1821 1000 1886 eodem
1016 1841 1111 1884 cursu

150 1905 185 1968 in
207 1905 355 1990 oppidum
371 1906 608 1971 contenderunt.
632 1905 696 1972 Sed
718 1929 815 1993 quum
837 1907 899 1971 loci
917 1915 1030 1970 natura
1043 1914 1110 1968 tum

151 1991 281 2054 munitio
331 1999 504 2061 castrorum
551 1993 631 2056 adiri
664 2003 739 2056 tunc
775 1992 977 2079 prohibebat,
1025 1990 1110 2076 quod

150 2075 192 2138 ad
213 2076 366 2160 proelium
390 2078 509 2160 egressi
538 2076 686 2142 Curionis
709 2079 823 2143 milites
852 2079 891 2142 iis
909 2077 1008 2156 ,rebus
1029 2076 1109 2141 indi·

149 2160 278 2309 gebant,
284 2153 373 2312 guae
389 2162 429 2226 ad
451 2165 716 2249 oppugnationem
737 2175 911 2229 castrorum
926 2171 1013 2228 erant
1028 2162 1108 2226 usui.

167 2255 261 2332 taque
314 2249 380 2312 urio
403 2251 576 2313 exercitum
597 2250 631 2312 in
654 2259 759 2313 castra
779 2250 901 2314 reducit
923 2250 987 2312 suis
1011 2249 1108 2312 omni-

149 2331 210 2396 bus
232 2342 357 2417 praeter
382 2333 517 2398 Fabium
537 2334 757 2419 incolumibus,
782 2358 823 2400 ex
843 2357 975 2399 numero
998 2332 1109 2398 adver·

151 2419 307 2504 sariorum
330 2420 455 2482 circiter
478 2426 523 2483 DC
543 2420 715 2486 interfectis
738 2443 776 2484 ac
798 2429 896 2486 multis
917 2419 1108 2500 vulneratis,

149 2504 205 2588 qui
228 2524 336 2567 omnes
359 2504 501 2568 discessu
523 2504 670 2569 Curionis
692 2507 844 2593 multique
865 2514 1030 2592 praeterea
1050 2525 1109 2589 per

149 2588 382 2668 simulationem
396 2590 563 2654 vulnerum
579 2613 620 2654 ex
635 2593 745 2656 castris
760 2594 793 2656 in
815 2591 964 2678 oppidum
979 2600 1109 2675 propter
1189 2658 1195 2670 ,

149 2676 296 2738 timorem
318 2697 388 2740 sese
414 2677 580 2761 recipiunt.
612 2677 683 2756 Qua
704 2700 740 2742 re
762 2670 982 2758 animadiersa
1003 2675 1108 2738 Varus

150 2770 182 2822 et
202 2768 323 2826 terrore
345 2763 504 2826 exercitus
533 2786 570 2828 co
594 2765 659 2827 nito
682 2762 865 2827 bucinatore
887 2763 921 2825 in
943 2761 1054 2826 castris
1077 2767 1109 2823 et

149 2848 259 2928 paucis
295 2845 336 2908 ad
372 2851 510 2932 speciem
545 2787 759 2912 tabernaculis
794 2844 912 2912 relictis
946 2847 985 2910 de
1016 2845 1109 2910 tertia

148 2930 258 3014 vigilia
279 2931 403 2996 silentio
425 2935 598 2998 exercitum
619 2935 653 2996 in
675 2934 824 3019 oppidum
845 2933 977 3018 reducit.

213 3016 265 3079 36.
287 3016 417 3082 Postero
447 3019 498 3082 dic
526 3018 621 3084 Curio
651 3018 796 3084 obsidere
823 3019 948 3084 Uticam
970 3025 1001 3079 et
1020 3012 1106 3079 vallo

149 3101 392 3172 circummunire
403 3103 545 3168 instituit.
572 3105 651 3168 Erat
665 3105 698 3166 in
713 3105 828 3190 oppido
844 3100 1008 3168 multitudo
1023 3101 1106 3163 inso-

130 3184 219 3250 lens
240 3185 318 3251 belli
340 3187 542 3253 diuturnitate
564 3191 628 3272 otii,
651 3189 817 3254 Uticenses
838 3211 895 3275 pro
918 3184 1106 3273 quibusdam

150 3269 299 3336 Caesaris
328 3274 361 3336 in
387 3296 422 3338 se
450 3274 611 3340 beneficiis
639 3274 686 3339 illi
715 3275 904 3356 amicissimi,
932 3278 1106 3336 conventus

150 3356 188 3437 is,
212 3360 266 3444 qui
287 3379 327 3422 ex
354 3361 451 3424 variis
478 3360 648 3446 generibus
664 3368 845 3444 constaret,
868 3368 1034 3422 terrorcx
1056 3377 1106 3419 su·

150 3442 326 3525 perioribus
368 3445 495 3530 proeliis
538 3467 680 3530 magnus.
724 3446 774 3510 Ita
795 3467 835 3508 ue
872 3444 911 3508 de
948 3443 1106 3508 deditione

148 3547 259 3591 omnes
280 3528 387 3613 palam
415 3530 677 3617 loquebantur'et
698 3553 769 3595 cum
818 3578 826 3594 .
848 3530 937 3596 Attio
959 3531 1105 3618 agebant,
