2490 3974
442 246 586 312 cursor
608 207 775 310 cr-sa
1007 243 1067 312 en
1167 311 1168 315 a

112 419 252 518 equitatu
273 417 399 503 levique
422 427 581 488 armatura
609 416 813 480 insidiaturus
842 416 919 482 locis
948 415 1071 488 idoneis

173 524 187 564 s
248 555 254 568 .

12 647 16 668 ι
112 503 367 652 0011l'ibhtCaesar
396 589 520 652 interim
551 587 590 650 de
619 587 741 651 insidiis
770 586 904 653 Labieni
933 609 973 651 ex
1001 608 1070 672 per·

12 671 14 686 *
111 671 193 757 sugis
224 675 338 736 certior
372 673 473 736 iactus
502 694 621 757 paucos
652 672 719 736 dies
750 672 808 750 [ibi
837 680 1069 754 comlmoratns,

100 757 314 824 dumbostes
337 757 517 842 quotidiano
538 759 679 822 instituto
703 780 799 842 saepe
820 759 905 824 idem
925 757 1070 822 faciendo

12 891 13 896 1
110 843 144 904 in
167 842 399 928 neglegentiam
421 843 661 924 adducerentur,
693 843 795 907 subito
821 865 915 908 mane
937 844 1071 926 imperat

100 1004 103 1008 ,
111 937 202 1011 porta
231 928 406 992 decumana
432 926 574 1013 legiones
605 949 639 990 se
667 928 684 964 ²*
713 936 774 989 Vlu
804 939 970 994 veteranas
998 949 1070 992 cum

111 1022 202 1096 parte
214 1015 370 1098 equitatus
386 1015 475 1098 sequi
490 1022 584 1098 atque
600 1013 756 1098 equitibus
772 1015 951 1098 praemissis
967 1035 1070 1098 neque
1175 1036 1177 1042 ¹

113 1099 279 1182 opinantes
300 1099 497 1162 insidiatores
528 1097 631 1160 subito
653 1099 687 1161 in
710 1099 905 1163 convallibus
934 1097 1069 1162 latentes

111 1205 151 1248 ex
172 1185 234 1247 levi
256 1192 415 1255 armatura
436 1183 573 1246 concidit
600 1184 725 1248 circiter
748 1193 786 1266 D,
809 1184 945 1270 reliquos
968 1184 1001 1246 in
1022 1181 1069 1248 fu·

12 1339 14 1358 ,
111 1289 184 1353 garn
215 1269 428 1353 turpissimam
460 1268 602 1333 coniecit.
635 1267 766 1332 [nterim
801 1269 963 1337 Labienus
997 1289 1069 1331 cum

12 1367 13 1374 ¹
111 1353 257 1417 universo
275 1355 421 1440 equitatu
441 1353 632 1437 fugientibus
656 1357 719 1418 suis
742 1357 901 1440 suppetias
924 1353 1068 1418 occurrit.

113 1436 209 1502 Cuius
231 1443 295 1502 vim
317 1439 524 1502 multitudinis
547 1461 643 1524 quum
667 1461 684 1502 e
707 1443 788 1504 uites
810 1441 902 1526 pauci
926 1437 1069 1502 Caesari·

111 1524 163 1586 ani
184 1525 246 1586 iam
267 1525 421 1590 sustinere
443 1545 507 1586 non
527 1533 666 1608 possent,
686 1463 809 1589 bassas
830 1527 1001 1589 instructas
1024 1523 1064 1586 le·

12 1591 14 1630 Ι
97 1609 220 1754 r{iones
243 1609 378 1672 bostium
407 1611 504 1694 copiis
534 1609 678 1674 ostendit.
703 1609 774 1689 Quo
795 1611 878 1674 facto
900 1609 1068 1696 perterrito

140 1692 250 1758 abieno
274 1716 311 1756 ac
332 1694 489 1764 retardato
512 1716 587 1758 suos
610 1696 731 1780 equites
747 1697 867 1780 recepit
881 1694 1067 1758 incolumes.

100 1777 241 1844 ,Postero
265 1778 316 1842 die
338 1779 419 1846 iuba
438 1777 592 1844 Numidas
616 1801 680 1862 eos,
705 1782 758 1867 qui
779 1781 847 1844 looo
863 1782 977 1845 amisso
993 1779 1068 1864 fuga

12 1917 13 1926 ,
100 1885 146 1930 ,se
167 1879 352 1948 receperant
372 1867 406 1928 in
428 1873 539 1946 caune,
562 1866 596 1928 in
619 1887 712 1934 cruce
735 1889 843 1930 omnes
867 1866 996 1930 suffixit,

12 1965 13 1976 ¹
104 2017 107 2024 ,
174 1948 225 2012 67.
249 1947 368 2015 Caesar
388 1952 523 2032 interim,
547 1951 694 2036 quoniam
714 1953 820 2036 inopia
834 1952 983 2018 frumenti
998 1971 1067 2034 pre·

12 2049 13 2062 ¹
109 2033 263 2114 mebatur,
297 2037 405 2120 copias
438 2057 547 2103 omnes
580 2037 615 2104 in
649 2046 754 2102 castra
791 2036 938 2100 conducit
973 2045 1067 2120 atquc

12 2209 13 2218 ’
101 2202 308 2290 ,Αφιὶἰειθᾳηθ
331 2228 348 2268 c

12 2121 13 2132 ¹
94 2120 269 2202 *praesidio
301 2120 402 2268 Lepti,
436 2121 605 2206 Ruspinae,
641 2120 765 2186 Acillae
801 2121 922 2202 relicto,
960 2119 1067 2205 Cispio

362 2228 432 2270 asse
455 2206 726 2288 tradita,utalte1·
748 2207 963 2288 Adrumetum,
987 2204 1068 2268 alter

12 2283 13 2316 l
111 2288 272 2374 Thapsum
286 2292 366 2354 mari
380 2291 571 2373 obsiderent,
593 2293 662 2376 ipse
678 2294 788 2355 castris
803 2294 939 2356 incensis
956 2299 1067 2378 quarta

12 2811 13 2822 ¹
108 2800 331 2866 frumentatum
354 2804 471 2868 cneum
491 2803 526 2866 ,vi

110 2377 211 2438 noctis
233 2375 343 2458 vigilia
366 2378 433 2440 acie
455 2378 609 2440 instructa
631 2378 862 2462 impedimentis
884 2379 917 2440 in
939 2377 1066 2440 sinistra

100 2469 202 2543 ,parre
223 2459 384 2526 collocatis
407 2484 447 2526 ex
470 2483 507 2526 eo
535 2461 604 2526 loco
634 2464 842 2547 proficiscitur,
869 2471 900 2526 et
920 2459 1067 2546 pervenit

110 2544 152 2608 ad
185 2546 334 2630 oppidum
365 2547 490 2632 Aggar3
523 2547 607 2634 quod
633 2571 653 2612 a
685 2547 828 2612 Gaetulis
851 2569 944 2632 saepe
973 2555 1067 2612 antea

110 2642 325 2714 oppugnatum
347 2634 586 2718 summaque'vi
606 2655 666 2718 per
692 2635 777 2718 ipsos
801 2633 974 2718 oppidanos
997 2641 1066 2696 erat

12 2711 13 2730 ¹
109 2715 282 2780 defensum.
315 2716 364 2782 Ibi
395 2719 429 2782 in
462 2739 573 2866 campo
606 2720 718 2784 castris
750 2721 821 2783 unis
852 2720 961 2804 positis
996 2717 1066 2801 ipse
1104 2791 1105 2796 γ

551 2825 585 2866 as
609 2825 680 2868 cum
701 2815 791 2888 parte
814 2806 971 2868 exercitus
993 2822 1066 2886 pro·

12 2915 13 2924 ¹
101 2884 209 2954 ,fectus
231 2909 345 2971 magno
366 2890 494 2952 invento
516 2887 636 2970 bordei,
658 2889 728 2970 olei,
751 2891 826 2970 vini,
848 2889 900 2954 fici
922 2907 1065 2967 numero,

107 2992 211 3058 pauco
233 2975 327 3036 tritici
348 2982 443 3058 atque
465 2983 608 3040 recreato
631 2975 780 3038 exercitu,
794 2975 876 3039 redit
897 2975 930 3036 in
952 2980 1065 3036 castra.

12 3071 13 3080 ¹
107 3055 215 3140 Scipio
227 3056 352 3122 interim
364 3058 488 3142 cognito
505 3057 651 3124 Caesaris
663 3059 804 3124 discessu
820 3081 891 3124 cum
906 3058 1065 3122 universis

12 3143 13 3170 ³
106 3142 207 3226 copiis
234 3165 292 3226 per
320 3144 428 3228 iugum
457 3141 628 3208 Gaesarem
657 3144 806 3230 subsequi
837 3145 939 3229 coepit
972 3149 1066 3226 atque

55 3249 61 3276 ¹
107 3225 241 3293 abelus
264 3230 377 3292 castris
399 3228 486 3292 milia
507 3251 657 3313 passuum
683 3237 717 3292 Vl
739 3229 833 3314 longe
848 3231 937 3294 trinis
953 3227 1066 3290 castris

107 3311 281 3395 dispertitis
304 3315 401 3398 copiis
424 3315 575 3378 consedit.

172 3396 222 3462 68.
247 3398 407 3483 Oppidum
429 3409 497 3464 crat
523 3399 611 3478 Zeta,
640 3399 725 3484 qnod
746 3398 855 3463 aberat
877 3420 896 3461 a
918 3397 1066 3482 Scipione

105 3479 195 3544 milia
216 3505 366 3568 passuum
395 3490 430 3564 X,
460 3483 501 3548 ad
529 3486 598 3548 cius
628 3486 790 3568 regionem
820 3493 851 3547 et
871 3493 994 3570 partem
1015 3503 1066 3548 oa·
