2538 3978
198 213 242 277 90
487 212 547 276 DE
568 211 712 278 BELLO
736 212 868 278 OIVlLI

198 385 309 450 dorum
330 385 485 470 remigum
500 385 542 448 ad
554 384 663 450 fauces
685 395 793 470 portus
815 385 941 471 prodire
962 387 1061 450 iussit.
1084 384 1156 450 Has

198 494 295 557 quum
327 471 476 534 audacius
512 493 698 555 progressas
730 471 811 535 Libo
842 471 984 552 vidisset,
1022 493 1156 556 sperans

197 557 342 642 intercipi
370 578 473 640 posse,
504 557 719 641 quadriremes
741 556 772 620 V
794 557 835 620 ad
863 579 917 620 eas
945 559 1039 620 misit.
1064 555 1156 635 Quae

197 665 294 728 quum
304 641 438 705 navibus
450 643 564 706 nostris
577 643 892 726 appropinquassent,
908 644 1007 706 nostri
1013 643 1157 706 veterani

196 731 229 792 in
251 737 375 813 portum
403 727 618 810 refugiebant:
649 727 696 790 illi
726 727 828 791 studio
855 729 977 793 incitati
997 729 1155 792 incautius

197 813 418 898 sequebantur.
441 813 508 899 Iam
532 835 572 878 ex
600 813 744 877 omnibus
766 813 908 898 partibus
931 813 1034 878 subito
1056 812 1155 877 Anto-

195 900 310 962 nianae
333 897 468 982 scaphae
492 899 581 982 signo
611 898 683 962 dato
707 921 740 962 se
763 901 798 961 in.
817 898 923 962 hostes
945 899 1157 962 incitaverunt

195 985 358 1068 primoque
391 985 510 1067 impetu
542 1005 638 1047 unam
670 1007 711 1047 ex
738 985 787 1047 his
818 983 1051 1070 quadriremem
1082 1005 1156 1048 cum

194 1070 367 1154 remigibus
400 1068 682 1154 defensoribusque
716 1072 780 1133 suis
814 1080 981 1154 ceperunt,
1015 1067 1155 1154 reliquas

195 1156 328 1240 turpiter
358 1153 504 1238 refugere
537 1164 717 1239 coegerunt.
761 1153 813 1217 Ad
840 1155 901 1219 hoc
933 1155 1156 1219 detrimentum

195 1243 338 1320 accessit,
361 1249 395 1302 ut
417 1241 575 1325 equitibus
596 1263 655 1325 per
676 1263 763 1304 cram
784 1242 971 1304 maritimam
993 1239 1033 1303 ab
1055 1239 1154 1304 Anto·

194 1327 247 1389 nio
269 1326 429 1410 dispositis
452 1327 560 1411 aquari
581 1326 832 1410 prohiberentur.
863 1326 935 1404 Qua
963 1326 1154 1388 necessitate

195 1421 226 1475 et
257 1411 430 1496 ignominia
458 1422 617 1495 permotus
650 1411 730 1475 Libo
764 1409 909 1476 discessit
930 1434 950 1475 a
981 1409 1152 1476 Brundisio

195 1497 474 1581 obsessionemque
496 1509 674 1560 nostrorum
697 1498 809 1561 omisit.

257 1582 308 1646 25.
331 1582 422 1646 Multi
448 1583 511 1644 iam
537 1604 663 1646 menses
693 1593 782 1646 erant
811 1591 843 1645 et
870 1583 972 1646 hiems
999 1581 1169 1666 praecipi.

192 1677 323 1749 taverat,
347 1691 450 1754 neque
471 1667 640 1730 Brundisio
660 1690 759 1731 naves
781 1667 986 1754 legionesque
1008 1666 1049 1730 ad
1071 1664 1151 1730 an-

194 1775 297 1818 sarcm
324 1754 504 1818 veniebant.
532 1754 581 1816 Ac
602 1752 772 1817 nonnullae
795 1753 862 1818 eius
884 1755 931 1817 rei
952 1751 1150 1838 praetermis-

193 1861 247 1902 sae
270 1841 451 1918 occasiones
475 1837 605 1902 Caesam
626 1839 823 1921 videbantu'r,
848 1838 932 1924 quod
954 1848 1039 1902 certe
1054 1858 1150 1920 saepe

192 1924 346 1988 flaverant
391 1925 492 2004 venti,
530 1925 643 2010 quibus
679 1927 858 1988 necessario
895 1921 1150 1988 committendum

193 2009 401 2074 existimabat.
425 2007 550 2087 Quanto
574 2033 614 2074 ue
630 2011 697 2073 eius
713 2009 846 2094 amplius
861 2019 1059 2096 processerat
1072 2018 1150 2070 tem·

191 2098 286 2180 poris,
310 2105 397 2160 tanto
426 2107 515 2160 erant
543 2034 712 2159 allacriores
735 2095 775 2158 ad
802 2095 971 2176 custodias,
995 2095 1049 2179 qui
1070 2091 1149 2157 clas·

192 2181 279 2244 sibus
311 2190 496 2266 praeerant,
532 2183 744 2266 maioremque
780 2181 928 2246 fiduciam
960 2177 1149 2265 prohibendi

191 2265 359 2348 habebant,
394 2276 425 2330 et
452 2266 573 2330 crebris
603 2267 734 2352 Pompei
764 2266 874 2332 litteris
904 2265 1147 2350 castigabantur,

192 2354 340 2437 quoniam
361 2353 461 2437 primo
491 2354 670 2416 venientem
693 2351 865 2418 Caesarem
886 2375 951 2417 non
973 2348 1147 2436 prohibuis-

192 2446 270 2518 sent,
294 2448 329 2500 'ut
349 2437 487 2522 reliquos
511 2439 577 2500 eius
593 2443 748 2502 exercitus
770 2439 969 2524 impedirent,
992 2437 1046 2521 qui
1060 2432 1148 2498 dubii

191 2523 329 2606 quotidie
351 2533 474 2607 tempus
497 2523 537 2585 ad
559 2523 834 2607 transportandum
856 2523 1028 2588 lenioribus
1043 2520 1147 2583 ventis

190 2608 425 2692 exspectabant.
460 2607 583 2692 Quibus
605 2609 701 2674 rebus
721 2622 883 2694 permotus
906 2608 1025 2673 Cacsar
1046 2605 1145 2668 Brun-

190 2693 305 2757 disium
342 2693 383 2757 ad
420 2715 492 2757 suos
530 2695 671 2758 severius
708 2698 841 2780 scripsit,
878 2696 963 2758 nacti
998 2693 1145 2757 idoneum

188 2790 319 2843 ventum
337 2802 379 2844 ne
401 2781 600 2843 occasionem
622 2783 794 2864 navigandi
821 2781 1021 2860 dimitterent,
1045 2778 1072 2840 si
1092 2773 1145 2839 vel

188 2865 239 2927 ad·
256 2863 350 2928 litora
379 2863 623 2949 Apolloniatium
656 2889 782 2930 cursum
819 2867 955 2950 dirigere
985 2876 1077 2949 atque
1107 2883 1145 2925 eo

187 2971 285 3014 naves
315 2951 430 3014 eiicere
462 2960 599 3034 possent.
637 2951 727 3015 Haec
759 2977 779 3016 a
811 2951 961 3016 custodiis
998 2948 1145 3014 classium

186 3034 257 3098 loca
278 3035 416 3098 maxime
437 3036 605 3117 vacabant,
634 3037 718 3122 quod
746 3061 780 3102 se
799 3037 933 3122 ¹longius
962 3059 981 3100 o
1002 3033 1144 3120 portibus
1251 3117 1252 3128 2

186 3121 380 3185 committere
402 3143 466 3184 non
488 3121 654 3186 audebant.

248 3205 299 3269 26.
323 3204 373 3270 ssli
396 3206 537 3270 adhibita
567 3207 700 3272 audacia
727 3220 758 3274 et
782 3211 901 3273 ainute
924 3206 1143 3272 administran-

184 3289 269 3354 tibus
291 3291 333 3354 M.
357 3292 494 3371 Antonio
517 3303 548 3356 et
569 3292 660 3360 Fufio
684 3294 813 3375 Caleno,
836 3294 969 3357 multum
990 3292 1066 3377 ipsis
1088 3291 1144 3354 mi·

184 3373 291 3439 litibus
314 3376 509 3440 hortantibus
531 3401 634 3464 neque
656 3379 755 3444 ullum
777 3379 951 3465 periculum
972 3401 1030 3463 pro
1043 3377 1145 3442 salute

185 3457 330 3524 Caesaris
362 3463 581 3527 recusantibus
604 3467 689 3528 nacti
711 3478 852 3530 austrum
884 3487 982 3530 naves
1016 3462 1145 3528 solvtmt
