2562 3966
380 216 515 282 COMM.
537 215 599 282 vn
622 217 715 282 cAP.
737 215 873 281 oo-ut.
1042 215 1104 280 169
1190 207 1192 210 ’

150 409 258 455 eorum
283 388 380 451 animi
407 388 655 472 magnitudinem
683 385 904 469 admiraretur,
933 408 1011 472 quos
1039 408 1105 451 non

151 482 324 538 castrorum
337 473 534 555 munitiones,
556 494 619 538 non
634 471 764 536 altitudo
779 473 902 554 montis,
917 494 982 536 non
995 494 1104 536 murus

151 557 257 644 oppidi
277 557 403 621 tardare
424 559 585 642 potuisset,
608 567 695 622 tanto
724 577 819 642 opere
840 555 1000 620 licentiam
1020 579 1104 620 arro·

150 643 289 728 gantiam
311 663 351 705 ne
373 641 612 727 reprehendere,
637 642 721 728 quod
741 640 812 727 plus
835 663 870 706 sc
892 663 987 728 quam
1007 643 1104 728 impe·

150 736 284 791 ratorem
292 665 335 790 de
348 728 481 791 victoria
492 737 585 813 atquc
597 729 682 791 exitu
697 749 803 790 rerum
822 728 936 790 sentire
948 727 1105 792 existima·

150 821 237 896 rent,
262 833 322 875 nec
348 814 452 875 minus
480 833 515 876 se
545 812 585 876 ab
612 811 712 876 milite
738 810 925 875 modestiam
949 820 982 874 et
1006 813 1104 876 conti-

149 897 288 1044 pentilam
319 901 414 983 quam
439 899 587 961 virtutem
613 907 706 984 atque
734 898 831 962 animi
856 896 1105 982 magnitudinem

172 1003 217 1044 esr
241 1003 339 1045 erare.
737 1023 738 1028 κ

212 1067 263 1130 53.
285 1067 357 1130 Hac
378 1064 485 1130 habita
506 1069 657 1132 concione
679 1076 712 1131 et
733 1066 781 1131 ad
795 1076 970 1131 extremam
992 1069 1104 1133 oratio·

149 1173 222 1216 nem
243 1151 433 1215 confirmatis
455 1150 615 1234 militibus,
638 1176 680 1216 ne
695 1152 736 1216 ob
751 1152 834 1216 hanc
847 1174 976 1216 causam
998 1155 1103 1219 animo

148 1247 408 1322 permoverentur
443 1258 520 1319 neu,
555 1239 638 1324 quod
674 1239 822 1324 iniquitas
848 1235 908 1302 loci
938 1237 1104 1322 attulisset,
1159 1253 1164 1263 ·

149 1321 182 1385 id
201 1323 312 1385 virtuti
339 1321 475 1386 hostium
501 1322 689 1405 tribuerent,
717 1322 827 1387 eadem
850 1322 890 1386 de
911 1323 1105 1409 profectione

150 1407 306 1492 cogitans,
335 1428 416 1491 quae
445 1415 518 1470 ante
548 1416 705 1490 senserat,
740 1407 881 1494 legiones
916 1430 957 1472 ex
991 1409 1104 1472 castris

150 1491 258 1555 eduxit
280 1492 442 1575 aciemque
463 1492 577 1557 idoneo
598 1492 668 1557 loco
690 1494 860 1557 constituit.
898 1493 1004 1571 Quum
1025 1491 1104 1557 Ver-

149 1577 324 1660 cingetorix
336 1576 435 1640 nihilo
449 1578 550 1662 magis
564 1578 597 1640 in
617 1599 753 1664 aequum
768 1576 872 1642 locum
888 1577 1102 1661 descenderet,

149 1661 212 1724 levi
239 1661 322 1726 facto
351 1663 491 1746 equestri
518 1661 638 1747 proelio
668 1672 762 1748 atquo
784 1662 923 1726 secundo
944 1663 978 1724 in
1000 1671 1104 1726 castra

149 1747 321 1824 exercitum
348 1746 485 1809 reduxit.
542 1745 648 1824 Quum
679 1747 740 1812 hoc
774 1747 859 1811 idom
895 1755 1023 1832 postero
1052 1747 1103 1810 die

149 1831 283 1913 fecisset,
308 1832 383 1894 satis
406 1830 447 1893 ad
462 1831 618 1896 Gallicam
639 1833 880 1897 ostentationem
901 1832 1104 1896 minuendam

149 1914 343 2001 militumque
372 1915 491 1980 animos
519 1917 748 1982 confirmandos
775 1917 893 1981 facturn
919 1917 1103 1981 existimans

148 2003 181 2064 in
202 1999 353 2065 Haeduos
374 2003 474 2065 movit
495 2011 608 2066 castra.
645 2003 693 2066 Ne
714 2013 781 2066 tum
803 2002 930 2088 quidem
951 2003 1103 2066 insecutis

148 2084 289 2150 hostibus
316 2087 409 2148 tertio
436 2085 487 2151 die
514 2087 555 2151 ad
583 2087 701 2151 flumen
722 2087 842 2152 Elaver
866 2096 979 2172 pontes
1001 2088 1104 2152 reficit

147 2191 249 2256 eoque
271 2172 443 2234 exereitum
464 2171 607 2236 traducit.

102 2335 105 2340 Ι
210 2255 261 2318 54,
283 2254 333 2318 Ibi
355 2277 374 2318 a
395 2255 593 2322 Viridomaro
616 2266 709 2344 atque
729 2257 946 2343 Eporedorige
959 2257 1102 2321 Haeduis

148 2339 323 2486 appellatus
352 2339 444 2403 discit
471 2363 543 2405 cum
572 2345 658 2406 omni
690 2345 831 2427 equitatu
857 2343 1034 2408 litavicum
1062 2342 1103 2406 ed

147 2445 182 2488 so
196 2424 361 2489 licitandos
388 2425 538 2490 Haeduos
565 2429 753 2512 profectum:
790 2449 869 2513 opus
905 2449 978 2490 esse
1015 2429 1102 2512 ipsos

86 2586 90 2596 Ι
147 2509 337 2574 antecedere
358 2509 399 2573 ad
421 2511 668 2575 confirmandam
692 2513 860 2576 civitatem.
903 2513 973 2577 Etsi
995 2512 1102 2576 multis

147 2595 212 2657 iam
229 2593 325 2658 rebus
340 2595 504 2679 perfidiam
517 2596 722 2668 Haeduorum
743 2607 941 2682 perspectam
966 2596 1103 2662 habebat

147 2687 240 2764 atque
261 2680 374 2743 horum
397 2680 538 2744 discessu
559 2682 751 2746 admaturari
773 2682 980 2747 defectionem
994 2683 1102 2746 civita·

146 2767 186 2827 tis
209 2764 418 2847 existimabat,
441 2774 547 2830 tamen
570 2789 623 2832 eos
645 2766 826 2832 retinendos
847 2791 911 2832 non
932 2768 1101 2848 constituit,

145 2869 187 2912 ne
213 2857 269 2912 aut
294 2849 412 2914 inferre
438 2851 585 2915 iniuriam
613 2852 773 2916 videretur
800 2859 854 2915 aut
882 2853 960 2917 darc
980 2853 1102 2916 timoris

146 2932 282 3019 aliquam
318 2936 537 3019 suspicionem.
594 2937 839 3002 Discedentibus
878 2937 928 3000 his
961 2937 1102 3001 breviter

146 3040 204 3082 sua
223 3020 258 3081 in
279 3018 429 3084 Haeduos
457 3023 570 3087 merita
591 3024 745 3107 exposuit,
777 3033 908 3109 quos=et
930 3043 1024 3106 quam
1046 3022 1102 3085 hu·

145 3103 236 3170 miles
271 3105 459 3188 accepisset,
495 3107 674 3192 compulsos
707 3107 741 3169 in
775 3107 906 3192 oppida,
935 3105 1102 3171 mulctatos

146 3191 230 3274 agris
245 3189 390 3254 omnibus
406 3193 523 3276 ereptis
538 3193 647 3277 copiis,
669 3193 816 3278 imposito
832 3191 996 3277 stipendio,
1019 3190 1102 3256 obsi·

146 3272 238 3336 dibus
266 3295 388 3338 summa
416 3297 487 3338 cum
517 3275 706 3342 contumelia
735 3279 875 3358 extortis,
899 3285 931 3339 et
952 3299 1047 3362 quam
1067 3277 1102 3340 in
1198 3320 1203 3334 .

144 3357 301 3422 fortunam
329 3381 484 3460 quamque
512 3364 546 3425 in
575 3361 814 3447 amplitudinem
841 3361 1045 3462 deduxisset,
1066 3368 1102 3426 ut

144 3463 207 3507 non
222 3443 325 3508 solum
339 3467 372 3508 m
387 3448 552 3530 pristinum
568 3456 684 3512 statum
698 3447 864 3528 redissent,
888 3446 945 3510 sed
961 3467 1101 3510 omnium
