2490 3974
465 187 609 252 CAPUT
631 187 767 252 2547.
1031 185 1095 254 199

122 356 217 423 litate
239 357 475 445 acerbitateque
499 380 748 423 commemorare
781 369 964 444 coeperunt.
1007 358 1094 439 Quo·

123 467 201 508 rum
227 443 364 508 lacrimis
397 444 597 531 querelisque
631 443 753 507 Caesar
785 455 959 510 commotus
995 467 1093 531 quum

125 539 224 594 antea
245 531 459 594 constituisset
473 553 491 594 e
506 531 628 594 stativis
644 530 759 592 eastris
780 538 901 594 aestate
922 531 1002 594 inita
1018 553 1092 594 eun-

126 616 189 678 ctis
205 615 304 699 copiis
320 614 508 700 auxiliisque
524 615 632 680 accitis
647 612 769 678 bellum
781 636 852 678 cum
869 616 933 678 suis
946 615 1094 680 adversa·

126 700 186 763 riis
209 721 336 785 gerere,
359 747 490 763 ......
514 701 648 763 instituit
669 698 868 786 litteriqque]
892 699 1040 765 celeriter
1061 702 1095 766 in

127 783 270 849 Siciliam
292 783 333 848 ad
346 785 495 849 Alienum
518 794 549 848 et
571 784 735 848 Rabirium
749 785 934 850 Postumum
957 786 1094 851 conscri-

125 872 192 955 ptis
215 879 247 934 et
266 891 323 954 per
346 879 548 956 catascopum
569 870 684 950 missis,
702 879 738 932 ut
759 871 828 934 sine
847 893 936 934 mora
954 893 993 936 ao
1006 871 1095 936 nulla

127 955 332 1020 excusatione
368 955 480 1019 hiemis
516 964 747 1040 ventorumque
785 977 880 1040 quam
924 956 1092 1022 celerrime

127 1041 288 1105 exercitus
311 1041 372 1104 sibi
399 1049 684 1125 transportaretur:
718 1039 861 1104 Africam
893 1044 1090 1126 provinciam

127 1127 234 1210 perire
255 1126 458 1212 funditusque
480 1126 582 1190 everti
604 1124 644 1189 ab
668 1126 732 1188 suis
754 1125 905 1209 inimicis3
928 1128 1090 1214 quodnisi

127 1209 276 1275 celeriter
298 1212 392 1275 soeiis
413 1211 494 1275 foret
516 1209 714 1290 subventum,
737 1221 865 1295 praeter
887 1214 991 1297 ipsam
1004 1213 1091 1278 Atri-

128 1317 200 1360 eam
222 1305 341 1361 terram
362 1295 450 1377 nihil,
483 1317 525 1360 ne
546 1304 664 1358 tectum
686 1295 824 1380 quidem,
857 1320 920 1382 quo
950 1322 984 1362 se
1007 1299 1087 1364 reci-

127 1391 249 1466 perent,
274 1381 314 1444 ab
336 1381 463 1445 illorum
491 1379 612 1444 scelere
646 1380 833 1467 insidiisque
860 1381 1019 1470 reliquum
1041 1385 1089 1447 fu·

127 1476 244 1532 turum.
278 1467 384 1552 Atque
405 1467 473 1552 ipse
495 1467 528 1530 in
550 1474 638 1529 tanta
661 1475 730 1530 erat
750 1467 950 1532 festinatione
980 1479 1011 1533 et
1033 1491 1092 1534 ex·

129 1555 333 1637 spectatione,
364 1561 398 1615 ut
419 1560 547 1637 postero
570 1551 631 1633 die,
666 1573 762 1637 quam
792 1553 932 1618 misisset
964 1554 1089 1619 litteras

128 1640 347 1723 nuntiumque,
381 1637 516 1701 classem
548 1637 783 1722 exercitumque
812 1642 930 1703 morari
961 1639 1094 1722 diceret,

129 1721 198 1786 dies
220 1733 392 1808 noctesque
425 1722 533 1787 oculos
562 1731 762 1807 mentemque
784 1721 826 1786 ad
847 1747 934 1791 mare
957 1726 1093 1811 disposi-

14 1879 15 1882 ,
129 1817 179 1872 tos
194 1808 393 1894 directosque
409 1807 551 1872 haberet.
574 1807 642 1871 Nec
656 1809 782 1872 mirum.
805 1807 1094 1876 Animadvertebas

14 1965 15 1972 ἵ
131 1895 216 1957 enim
236 1892 331 1957 villas
355 1896 455 1974 exuri,
480 1915 577 1978 agros
600 1894 730 1975 vastari,
753 1915 852 1978 pecus
869 1895 981 1996 diripi,
997 1897 1093 1962 truci·

15 2321 16 2402 ]
132 2321 387 2421 ptercopiarum
409 2321 601 2404 paucitatem
634 2340 706 2382 esse
738 2341 802 2382 non
833 2343 938 2405 posse.
972 2321 1016 2384 Mi

131 1977 209 2060 dari,
243 1977 360 2063 oppida
393 1978 587 2064 castellaque
617 1977 700 2041 dirui
722 1978 898 2066 deserique,
933 1983 1093 2067 prmcipes

131 2065 293 2129 civitatum
315 2072 369 2126 aut
390 2063 524 2127 interfici
549 2072 604 2126 aut
624 2066 657 2127 in
680 2064 800 2126 eatenis
823 2069 935 2147 teneri,
970 2065 1090 2132 liberos

131 2171 241 2213 eorum
263 2148 408 2212 obsidum
429 2150 557 2213 nomine
579 2149 612 2211 in
635 2151 820 2213 servitutem
842 2149 961 2236 abripi3
994 2153 1033 2215 iis
1057 2174 1092 2215 se

131 2236 165 2299 in
186 2235 321 2298 miseriis
345 2256 496 2320 suamque
518 2233 615 2298 fidem
629 2231 870 2318 implorantibus
886 2237 1004 2300 auxilio
1019 2259 1092 2386 pro-

1031 2323 1091 2386 ites

131 2414 255 2469 mteum
276 2407 427 2489 inopere
450 2426 601 2468 exercere
624 2414 719 2490 atque
742 2414 847 2469 eastra
868 2409 1003 2488 munire,
1026 2415 1090 2471 tur-

131 2513 190 2572 res,
226 2488 356 2554 castella
387 2481 492 2553 faeere
525 2489 688 2576 molesque
720 2490 826 2554 iacere
854 2492 888 2553 in
914 2515 1002 2555 mare
1024 2515 1089 2557 non

133 2577 350 2639 intermittere.

195 2661 246 2724 27.
270 2659 375 2746 Scipio
398 2661 525 2724 interim
547 2659 731 2745 elephantos
747 2660 807 2725 hoc
822 2661 915 2726 modo
940 2661 1094 2728 condoce-

16 2741 17 2744 '
134 2747 237 2810 facere
259 2747 402 2809 instituit.
436 2745 527 2808 Duas
549 2747 699 2809 instruxit
720 2747 815 2828 acies,
838 2769 932 2810 unam
956 2747 1092 2811 fundito-

134 2854 201 2896 rum
225 2842 336 2896 contra
365 2830 559 2916 elephantos,
594 2852 676 2915 quae
709 2833 800 2917 quasi
834 2832 1090 2897 adversariorum
1198 2863 1201 2869 ¹

135 2917 235 2982 locum
259 2915 417 2981 obtineret
438 2925 470 2980 et
492 2925 603 2980 contra
625 2938 733 2980 eorum
762 2915 897 2980 frontem
920 2918 1093 2981 adversam

134 3000 256 3088 lapillos
285 3003 422 3065 minutos
451 3002 605 3080 mitteret3
638 3000 753 3065 deinde
786 3001 820 3066 in
849 3002 993 3066 ordinem
1026 3001 1089 3066 ele·

133 3087 265 3174 phantos
288 3087 465 3168 constituit3
517 3096 566 3150 ost
587 3085 658 3151 illos
681 3095 786 3152 autem
808 3109 898 3150 suam
921 3088 1021 3150 aciem
1043 3087 1090 3150 in·

134 3175 253 3254 strurxit,
286 3183 329 3253 ut,
365 3195 462 3258 quum
484 3109 524 3235 ab
547 3172 738 3236 adversariis
765 3170 888 3257 lapides
916 3173 998 3236 mitti
1020 3193 1090 3236 coe-

133 3261 257 3344 pissent,
280 3269 313 3322 et
334 3256 495 3342 elephanti
515 3259 675 3342 perterriti
696 3279 730 3320 se
753 3257 794 3320 ad
816 3279 889 3320 suos
912 3258 1087 3322 convertis-

135 3353 209 3426 sent,
242 3365 353 3407 rursus
375 3341 416 3405 ab
439 3363 497 3406 sua
518 3344 587 3406 acie
618 3340 776 3427 lapidibus
805 3343 909 3404 missis
932 3365 987 3406 eos
1011 3363 1085 3406 eon-

134 3438 290 3493 verterent
318 3427 476 3492 adversus
508 3427 647 3509 hostem,
689 3424 774 3513 quod
803 3447 899 3508 aegre
930 3428 1087 3512 tardeque
