2538 3978
463 229 619 294 -OAPUT
643 228 775 292 18-20.
1044 223 1103 288 151

143 403 196 488 qui
218 401 377 487 praesidio
400 423 472 466 eum
495 401 598 465 locum
618 397 778 481 tenebant,
801 398 965 462 tormentis
988 417 1031 460 ex
1052 417 1106 458 na-

141 486 237 550 vibus
259 488 443 572 sagittisque
473 486 638 572 depulerat
668 495 761 570 atque
788 486 822 546 in
845 481 1105 570 oppidum'redc·

141 582 233 657 gerat
255 582 286 636 et
308 573 483 637 cohortium
503 574 597 635 trium
612 573 713 634 instar
733 573 767 633 in
782 581 899 633 terram
916 576 1107 653 exposuerat

141 663 218 737 (non
241 660 325 721 enim
346 657 454 743 plures
477 660 650 722 consistere
672 657 837 741 angustiae
860 653 922 718 loci
942 653 1106 738 patieban-

142 743 223 830 tur)3
245 743 388 828 reliquae
403 745 512 829 copiae
527 745 560 806 in
576 741 711 805 navibus
728 741 894 804 stationem
911 738 1105 803 obtinebant.

143 827 214 906 Quo
236 829 318 893 facto
340 831 475 914 imperat
495 838 624 913 pontem
647 827 800 891 adversus
815 825 938 889 hostem
961 824 1104 909 praeval-

141 914 203 977 lari
231 924 269 994 et,
301 937 364 1000 qua
394 915 496 978 exitus
524 913 660 976 navibus
691 921 759 976 erat
785 911 905 975 fornice
934 919 1106 990 exstructo,

163 1021 204 1063 no
216 1022 295 1084 pons
312 999 532 1082 sustinebatur,
549 997 707 1082 lapidibus
720 996 843 1082 oppleri
864 1007 959 1082 atque
975 994 1105 1059 obstrui.

142 1021 286 1163 Quorum
308 1085 407 1148 altero
430 1107 527 1170 opere
544 1085 664 1165 effecto,
681 1082 817 1146 utnulla
839 1084 965 1146 omnino
989 1079 1107 1165 scapha

142 1170 253 1254 egredi
274 1180 390 1254 posset,
414 1169 512 1234 altero
528 1171 671 1234 instituto
692 1191 801 1232 omnes
815 1167 1105 1232 Alexandrinorum

143 1257 253 1340 copiae
276 1278 317 1319 ex
339 1255 454 1341 oppido
478 1277 512 1319 se
542 1258 703 1320 eiecerunt
731 1264 762 1317 et
784 1264 894 1318 contra
914 1254 1106 1316 munitiones

141 1344 246 1426 pontis
276 1340 387 1406 latiore
414 1340 483 1405 loco
513 1343 730 1421 constiterunt,
761 1338 935 1425 eodemque
964 1348 1106 1422 tempore

143 1448 223 1513 quae
257 1435 487 1491 consueverant
514 1428 645 1510 navigia
671 1447 729 1511 per
754 1434 867 1510 pontes
890 1425 931 1488 ad
959 1423 1107 1487 incendia

142 1513 357 1575 onerariarum
390 1513 531 1576 emittere
564 1513 606 1574 ad
637 1510 754 1575 molem
786 1511 1022 1586 constituerunt.
1045 1509 1107 1572 Pu·

141 1597 300 1682 gnabatur
322 1619 342 1660 a
363 1599 478 1662 nostris
502 1619 543 1661 ex
564 1607 671 1682 ponte,
701 1617 743 1660 ex
771 1595 869 1677 mole·;
900 1595 940 1659 ab
968 1594 1031 1659 illis
1065 1616 1106 1657 ex

142 1703 225 1764 area,
249 1705 331 1768 quae
353 1692 421 1746 erat
440 1683 594 1747 adversus
616 1692 754 1768 pontem,
779 1690 810 1744 ct
825 1704 866 1744 ex
879 1681 1016 1745 navibus
1033 1703 1106 1760 conf

142 1776 194 1830 tra
214 1767 340 1832 molem.

206 1854 257 1916 20.
279 1852 318 1916 In
349 1855 399 1918 his
431 1854 527 1918 rebus
564 1863 719 1938 occupato
753 1853 891 1918 Caesare
928 1852 1107 1936 militesque

141 1939 288 2003 hortante
310 1941 466 2026 remigum
488 1962 622 2026 magnus
645 1961 796 2003 numerus
813 1949 851 2002 et
873 1937 1106 2002 classiariorum

142 2043 183 2087 ex
205 2023 308 2109 longis
330 2027 465 2090 navibus
492 2028 607 2090 nostris
637 2027 671 2089 in
699 2025 816 2090 molem
846 2047 881 2090 se
904 2025 1005 2088 eiecit.
1028 2024 1106 2086 Pars

142 2131 252 2174 eorum
275 2111 378 2176 studio
401 2112 565 2196 spectandi
594 2110 765 2191 ferebatur,
796 2133 871 2196 pars
901 2110 998 2174 etiam
1020 2111 1106 2194 cupi·

141 2195 238 2259 ditate
260 2195 432 2280 pugnandi.
455 2197 499 2260 Hi
521 2199 657 2282 primum
685 2199 815 2282 navigia
836 2195 974 2258 hostium
996 2195 1106 2280 lapidi·

140 2280 200 2344 bus
223 2303 261 2345 ac
289 2281 394 2346 fundis
425 2305 443 2346 a
464 2283 548 2347 mole
570 2281 769 2367 repellebant
791 2305 828 2346 ac
857 2281 990 2346 multum
1012 2281 1107 2366 profi·

141 2388 214 2430 cere
236 2367 436 2431 multitudine
464 2368 601 2432 telorum
628 2368 830 2433 videbantur.
853 2367 917 2432 Sed
938 2376 1106 2453 postquam

140 2451 224 2514 ultra
254 2474 326 2518 eum
355 2453 458 2517 locum
481 2453 521 2517 ab
552 2453 651 2518 latere
674 2475 781 2518 eorum
809 2463 919 2538 aperto
942 2456 1010 2518 ausi
1034 2464 1108 2516 sunt

141 2538 251 2622 egredi
273 2561 314 2602 ex
335 2539 470 2603 navibus
496 2538 709 2603 Alexandrini
730 2541 833 2624 pauci,
856 2549 891 2603 ut
917 2541 985 2602 sine
1009 2540 1106 2622 signis

141 2624 299 2708 certisque
330 2625 502 2707 ordinibus,
527 2626 595 2689 sine
623 2626 747 2689 ratione
799 2625 968 2706 rodierant,
992 2628 1038 2689 sic
1060 2633 1106 2686 te-

141 2730 227 2772 mere
248 2711 282 2772 in
303 2732 402 2774 naves
424 2711 535 2795 fugere
563 2719 743 2796 coeperunt.
768 2647 910 2788 (duorum
931 2711 1008 2796 fuga
1029 2712 1105 2772 inci·

140 2794 198 2856 tati
230 2793 440 2859 Alexandrini
473 2796 580 2882 plures
618 2819 659 2860 ex
692 2796 828 2859 navibus
862 2795 1107 2880 egrediebantur

140 2887 328 2966 nostrosque
351 2884 454 2945 acrius
482 2881 684 2968 perturbatos
714 2881 970 2966 insequebantur.
995 2880 1104 2960 Srmul,

142 2965 250 3048 quiin
271 2967 406 3031 navibus
429 2968 532 3052 longis
547 2977 776 3049 remanserant,
800 2967 903 3030 scalas
926 2987 1038 3052 rapere
1050 2989 1105 3028 na·

140 3071 259 3134 vesque
282 3073 301 3114 a
321 3061 407 3119 terra
427 3053 583 3139 repellere
613 3054 835 3139 properabant,
858 3076 899 3116 ne
921 3053 1028 3116 hostes
1050 3074 1105 3114 na-

139 3135 233 3199 vibus
255 3139 440 3221 potirentur.
485 3138 608 3218 Quibus
639 3137 786 3202 omnibus
813 3137 909 3200 rebus
930 3137 1105 3222 perturbati

139 3220 255 3285 milites
271 3226 372 3288 nostri
387 3224 561 3288 cohortium
577 3226 680 3305 trium,
698 3246 779 3309 quae
793 3225 827 3286 in
841 3233 936 3308 ponte
952 3245 989 3286 ao
1003 3225 1107 3307 prima

140 3306 223 3372 mole
239 3309 453 3391 constiterant,
470 3333 565 3396 quum
582 3321 653 3395 post
673 3331 707 3372 se
722 3308 894 3372 clamorem
910 3309 1105 3392 exaudirent,

140 3393 246 3477 fugam
274 3415 402 3459 suorum
429 3396 585 3477 viderent,
616 3415 765 3479 magnam
796 3395 858 3457 vim
887 3393 1023 3458 telorum
1049 3394 1105 3458 ad-

140 3481 224 3542 versi
240 3481 438 3564 sustinerent,
454 3482 557 3563 veriti,
573 3503 614 3546 nc
637 3480 677 3544 ab
693 3489 782 3562 tergo
799 3481 1105 3544 circumvenirentur
