2562 3966
194 205 257 273 130
451 204 513 270 DE
534 203 679 272 BELLO
702 205 894 273 GALLIOO

258 377 309 444 23.
344 377 533 444 Civitatibus
555 379 695 442 maxima
716 378 786 444 laus
809 388 857 444 est
886 401 979 467 quam
1001 381 1154 464 latissime

194 465 314 530 circum
344 487 378 528 se
404 465 535 528 vastatis
563 463 680 528 finibus
707 463 893 530 solitudines
919 466 1047 532 habere.
1084 469 1155 532 Hoc

193 551 356 636 proprium
376 550 502 615 virtutis
525 549 714 632 existimant,
738 550 887 636 expulsos
902 555 987 637 agris
1006 555 1154 618 finitimos

194 635 322 718 cedere,
345 657 448 724 neque
471 656 660 722 quemquam
687 657 788 721 prope
817 636 936 702 audere
964 641 1153 722 consistar03

194 721 287 787 simul
321 721 382 787 hoc
418 744 454 786 se
485 721 553 786 fore
585 723 715 786 tutiores
748 721 941 786 arbitrantur
971 728 1154 810 repentinae

193 808 382 873 incursionis
404 807 517 873 timore
541 805 675 872 sublato.
707 805 813 886 Quum
834 807 953 872 bellum
969 810 1080 874 civitas
1102 819 1155 876 aut

193 893 318 960 illatum
339 892 482 959 defendit
504 901 558 957 aut
579 892 683 975 infert,
705 893 918 978 magistratus,
942 897 997 981 qui
1019 897 1048 960 ei
1069 895 1154 961 bello

194 981 345 1065 praesint,
369 988 405 1044 ut
424 980 510 1044 vitae
532 978 683 1063 natisque
705 976 843 1042 habeant
856 989 1055 1064 potestatem,
1079 980 1155 1045 deli·

195 1075 321 1152 guntur.
363 1065 403 1129 In
429 1085 508 1151 pace
534 1063 643 1128 nullus
674 1073 722 1127 est
744 1066 919 1152 communis
944 1069 1154 1151 magistratus,

197 1149 253 1215 sed
279 1152 439 1237 principes
453 1151 633 1236 'regionum
655 1157 749 1235 atque
780 1173 936 1235 pagorum
967 1153 1050 1216 inter
1081 1175 1155 1218 snos

195 1237 245 1302 ius
286 1237 395 1301 dicunt
433 1236 728 1321 controversiasque
767 1237 920 1304 minuunt
974 1237 1157 1302 Latrocinia

195 1322 316 1387 nullam
345 1322 463 1386 habent
488 1321 659 1402 infamiam,
683 1342 765 1407 quae
787 1330 880 1388 extra
900 1322 980 1398 fines
1003 1325 1092 1388 cuius
1115 1343 1156 1388 ue

196 1409 331 1472 civitatis
353 1403 441 1490 fiunt,
465 1416 558 1493 atque
582 1429 620 1471 ea
641 1408 812 1472 iuventutis
834 1407 1035 1473 exercendae
1050 1347 1156 1474 aode-

173 1493 296 1559 tsidiae
318 1493 507 1558 minuendae
529 1513 626 1558 eausa
646 1494 717 1556 fieri
742 1492 938 1578 praedicant.
973 1493 1080 1580 Atque
1101 1494 1157 1558 ubi

196 1581 268 1665 quis
291 1602 333 1644 ex
353 1579 552 1681 principibus
573 1580 606 1642 in
630 1577 763 1644 coneilio
786 1577 866 1642 dixit
887 1601 922 1644 se
942 1579 1056 1644 ducem
1068 1580 1155 1663 iore,

197 1667 251 1752 qui
274 1687 365 1752 seqm
385 1665 499 1747 vehnt,
526 1664 744 1750 profiteantur,
778 1674 972 1750 consurgunt
993 1667 1026 1748 ii,
1049 1667 1157 1752 quiet
1261 1687 1262 1706 ¹

197 1773 325 1816 causam
341 1759 373 1816 et
389 1751 549 1816 hominem
563 1748 699 1835 probant
720 1771 875 1837 suumque
890 1750 1043 1816 auxilium
1064 1751 1155 1838 polli-

197 1846 308 1901 centur
337 1846 432 1923 atque
461 1835 502 1900 ab
531 1834 730 1900 multitudine
765 1834 1000 1901 collaudantur:
1034 1839 1088 1924 qui
1116 1859 1156 1902 ex

196 1921 246 1987 his
275 1923 375 1987 secuti
403 1943 466 1986 non
496 1929 584 2003 sunt,
614 1922 647 1984 in
676 1920 873 1986 desertorum
902 1944 941 1986 ac
961 1923 1156 2008 proditorum

196 2030 329 2073 numero
352 2007 516 2090 ducuntur,
541 2007 743 2093 omniumque
764 2006 814 2070 his
830 2029 937 2071 rerum
952 2018 1063 2093 postea
1076 2009 1156 2073 fides

197 2093 377 2178 derogatur.
420 2093 587 2179 Hospitem
617 2090 740 2156 violare
767 2091 815 2155 fas
847 2114 912 2156 non
943 2102 1069 2179 putant3
1103 2095 1156 2180 qui

198 2199 395 2266 quacumque
424 2178 464 2242 de
494 2200 590 2243 causa
616 2177 658 2240 ad
687 2198 741 2242 eos
769 2187 939 2259 venerrmt,
969 2177 1009 2242 ab
1041 2178 1157 2242 iniuria

196 2263 380 2350 prohibent,
415 2274 540 2328 sanctos
569 2261 700 2343 habent,
730 2261 843 2347 hisque
876 2265 1013 2326 omnium
1043 2263 1155 2336 domus

196 2358 306 2437 patent
326 2351 492 2435 victusque
514 2348 771 2414 commrmicatur.

207 2471 210 2476 .
263 2436 314 2500 24.
347 2437 397 2499 Ac
418 2435 477 2498 fuit
498 2443 591 2496 antea
605 2441 739 2520 tempus,
764 2453 860 2516 quum
876 2431 1052 2499 Germanos
1069 2433 1157 2500 Galli

198 2522 314 2586 virtute
337 2528 531 2606 superarent,
552 2516 635 2582 ultro
656 2515 743 2581 bella
763 2517 926 2600 inferrent,
946 2541 1006 2605 pro
1029 2528 1077 2584 ter
1101 2519 1156 2586 ho-

198 2608 318 2671 minum
340 2603 572 2668 multitudinem
594 2603 725 2688 agrique
746 2603 886 2688 inopiam
906 2612 994 2668 trans
1062 2629 1157 2671 enum

198 2691 337 2758 colonias
359 2691 529 2754 mitterent.
561 2687 673 2775 Itaque
696 2709 743 2770 ea,
767 2710 848 2774 quae
869 2689 1062 2756 fertilissima
1077 2690 1157 2757 Ger·

198 2779 320 2842 maniae
343 2785 424 2857 sunt,
448 2774 518 2840 loca
539 2776 659 2839 choum
679 2773 874 2861 Hercyniam
897 2774 1027 2860 silvam,
1062 2800 1158 2864 quem

198 2861 400 2928 Eratostheni
422 2870 454 2924 et
475 2859 664 2946 quibusdam
686 2859 818 2924 Graecis
839 2859 924 2924 fama
948 2871 1056 2927 notam
1085 2885 1158 2930 esse
1261 2855 1262 2882 ³

198 2949 302 3029 videO,
327 2969 420 3033 quam
442 2945 490 3010 illi
512 2946 685 3032 Orcyniam
707 2943 877 3030 appellant,
903 2945 1024 3014 Volcae
1045 2949 1158 3013 Tecto.
1261 2947 1262 2958 ¹

200 3055 293 3122 seges
308 3042 542 3118 occupaverunt
556 3043 649 3180 atque
670 3029 716 3095 ibi
731 3031 957 3114 consederunt3
981 3056 1061 3119 quae
1076 3036 1158 3119 gens

200 3120 241 3184 ad
261 3119 323 3183 hoc
343 3129 467 3204 tempus
489 3117 538 3181 his
554 3139 588 3182 se
611 3116 682 3180 ibus
698 3137 768 3180 sese
786 3118 925 3181 continet
940 3140 1158 3206 summamque

199 3204 296 3270 hahet
316 3205 453 3268 iustitiae
479 3213 510 3267 et
536 3202 670 3266 bellicae
699 3200 801 3265 laudis
832 3204 1020 3287 opinionem.
1056 3205 1160 3270 ‘Nune
1261 3207 1262 3228 ¹

201 3312 326 3376 quoque
342 3291 374 3352 in
388 3289 500 3354 eadem
514 3290 630 3374 inopia,
653 3295 802 3372 egestate,
824 3289 979 3372 patientia
1001 3313 1063 3377 qua
1078 3289 1160 3356 Ger-

200 3377 287 3438 mani
324 3383 530 3459 permanent,
570 3373 681 3439 eodem
716 3373 803 3436 victu
832 3381 866 3436 et
892 3373 980 3438 cultu
1016 3379 1158 3461 eorporis

200 3467 345 3541 utuntur3
376 3459 477 3524 Gallis
503 3469 608 3524 autem
634 3459 864 3544 provinciarum
885 3462 1103 3548 propinquitas
1126 3471 1160 3526 et
