2532 3968
166 281 227 346 xc
515 243 773 347 renuerem.

167 462 242 518 aute
271 462 364 528 aruris
394 455 427 516 in
461 452 562 538 Bong'.
594 452 750 532 secundo,
783 452 882 516 allero
915 449 1067 528 Leidensi
1093 459 1125 514 et

168 539 281 604 codice
300 538 461 604 Ciacconii
490 539 604 629 exstat.
626 539 748 624 Scripsi
770 539 877 624 itaque
899 549 936 602 ut
958 535 1124 602 tribunicio

168 632 347 689 intercessio
371 633 464 689 armis
487 638 644 690 notaretur
659 636 748 702 atque
774 631 1013 703 opprimeretur,
1046 642 1123 700 quoe

168 717 382 790 superioribus
411 715 501 774 cuuis
534 733 578 774 eu
609 717 703 774 ermis
732 721 811 774 esset
844 715 989 773 restituto.
1034 706 1124 770 Neve

168 795 335 860 adversari·
356 796 404 859 itis
437 795 545 860 verbis
576 794 688 860 credas
730 817 768 858 ea
793 816 874 880 quae
899 795 1123 878 insequuntur:

167 887 286 946 Sullam.
296 889 540 946 intercessionem
555 888 716 945 liberom
738 887 897 958 reliquisse
904 905 916 954 ,·
939 879 1018 942 haec
1041 878 1126 955 enim

167 975 207 1031 ut
230 968 406 1051 consociari
426 967 549 1052 possint
566 988 637 1046 eum
659 965 768 1030 verbis
794 971 957 1030 tribunicio
975 976 1126 1044 potestate

169 1059 307 1118 omuibus
336 1059 428 1116 relus
449 1060 578 1127 reuecta,
609 1073 673 1116 non
695 1053 756 1114 nisi
785 1058 1022 1117 concessumst
1050 1071 1126 1134 per-

168 1139 298 1202 missam
310 1137 411 1200 fuisse
418 1137 458 1201 ab
471 1160 508 1200 eo
520 1137 780 1202 intercessionem
792 1135 971 1221 significare
983 1145 1124 1220 possunt.

168 1221 254 1288 Sans
276 1223 493 1286 intercedendi
518 1224 567 1286 ius
590 1221 681 1286 Sulla
701 1221 835 1286 tribunis
857 1243 921 1286 non
944 1219 1069 1300 ademit,
1092 1228 1126 1282 at

169 1310 266 1372 armis
294 1309 552 1393 circumscripsit3
584 1307 698 1394 quibus
722 1330 762 1370 ex
788 1307 884 1370 armis
908 1329 1004 1392 quum
1031 1304 1143 1369 modo¹

168 1395 348 1458 restitutum
364 1394 412 1475 sit,
429 1394 598 1478 Pompeius
613 1417 676 1458 non
692 1392 795 1458 solum
810 1391 913 1464 denuo
929 1392 1144 1454 circumseri?

167 1477 216 1543 bit
226 1501 337 1542 verum
349 1481 441 1542 etiam
453 1478 592 1558 funditus
608 1478 703 1561 toilit3
719 1480 827 1564 itaque
839 1499 886 1558 ea,
904 1476 1016 1562 quibus
1033 1485 1127 1540 antea

168 1573 330 1650 tamquam
346 1564 507 1628 diotutoris
526 1564 641 1629 donis
661 1563 722 1628 isui
736 1560 862 1645 licebat,
878 1562 1055 1646 Pompeius,
1072 1562 1127 1646 qui

169 1651 288 1714 amissa
301 1652 475 1732 restituisse
494 1649 657 1734 gloriatur,
675 1649 801 1713 ademit.
818 1647 909 1727 Quae
925 1670 1019 1732 quum
1036 1668 1127 1732 aper·

169 1743 203 1798 ta
225 1734 370 1799 Caesaris
393 1737 549 1799 sententia
564 1738 612 1817 sit,
629 1735 724 1798 etiam
736 1735 821 1798 omni
833 1733 1004 1798 offensione
1018 1741 1128 1796 curent

169 1820 279 1901 verba,
303 1843 383 1905 quae
406 1821 520 1884 deinde
542 1821 754 1906 Nipperdeius
781 1821 871 1882 uncis
902 1817 1145 1882 circumdedit2'

169 1911 343 1988 Pompeium
381 1914 439 1988 qui·
468 1915 582 1970 omisso
622 1915 789 1970 restituisse
826 1912 977 1980 uideatur,
1015 1906 1127 1982 [dorso

170 1999 303 2072 etium,
328 2005 533 2069 quarente
555 1995 796 2071 tabuerint,]
813 1998 971 2054 ademisse.
994 1988 1128 2052 Removi

169 2077 276 2162 itaque
292 2078 386 2140 etiem
409 2077 469 2140 hoc
492 2075 561 2142 loco
584 2098 692 2141 uncos.
717 2075 810 2154 Quod
830 2075 949 2139 Caesar
971 2072 1128 2159 pluralem

114 2225 117 2230 .
169 2184 335 2230 numerum
359 2170 439 2226 douo
453 2163 618 2245 adhibuit,
646 2185 742 2248 quum
764 2184 828 2224 non
851 2162 912 2224 nisi
937 2182 1051 2224 unum
1073 2158 1128 2222 do-

169 2269 246 2312 num
271 2248 318 2329 sit,
342 2249 383 2310 ad
406 2248 490 2334 quud
506 2250 644 2333 respicit,
667 2258 795 2333 propter
812 2245 1034 2331 aequalitatem
1054 2266 1127 2308 cum

170 2330 377 2396 antecedente
399 2333 555 2398 vocabulo
581 2343 694 2408 omisso
714 2333 804 2414 feeit3
832 2332 990 2394 rhetorice
1018 2330 1052 2393 id
1081 2329 1127 2392 di-

170 2429 256 2482 ctum
272 2440 341 2482 esse
362 2419 508 2505 equidem
530 2443 593 2484 non
609 2419 802 2502 negaverim,
826 2415 884 2479 sed
899 2438 995 2500 quum
1009 2416 1042 2477 in
1058 2437 1127 2478 ora·

170 2505 255 2566 tione
278 2504 395 2566 factum
411 2505 452 2567 sit
475 2514 510 2568 et
528 2503 655 2591 quidem
671 2505 704 2566 iu
720 2524 791 2568 eum
806 2502 911 2582 finem,
928 2510 962 2563 ut
977 2499 1127 2562 adversa·
1144 2497 1149 2502 ’

170 2589 227 2652 riis
250 2611 344 2674 quam
366 2590 505 2652 maxima
532 2599 713 2651 moveretur
739 2585 876 2667 invidia,
906 2607 970 2672 non
996 2594 1044 2647 est
1071 2607 1129 2648 cur

171 2675 354 2758 suspicione
375 2685 546 2759 prematur.
1141 2697 1144 2700 ·

237 2759 303 2823 Sub
339 2761 436 2824 finem
473 2758 613 2822 eiusdem
654 2757 765 2842 capitis
808 2757 923 2822 retinui
963 2753 1135 2842 vulgatam,

171 2844 340 2910 lectionem
353 2845 461 2908 codice
473 2843 566 2906 Vind.
579 2866 628 2928 pr.
640 2843 798 2906 firmatam
810 2849 946 2920 reliquae
959 2840 1135 2930 (legiones)

171 2938 304 2995 nortuum
327 2941 560 2994 conuenerant.
587 2967 621 2974 -
646 2928 684 2990 N.
708 2941 863 2998 uenerunt.

236 3015 272 3081 Θ.
298 3017 335 3082 11
359 3013 455 3100 vulgo
478 3015 557 3078 haec
579 3013 728 3078 eduntur:
761 3020 837 3078 Erut
863 3020 970 3091 iniquo
992 3020 1126 3078 conditio

166 3111 337 3183 postulare,
362 3112 395 3164 ut
416 3107 530 3164 Caesar
552 3108 687 3165 Arimino
711 3106 872 3165 excederet
893 3112 982 3177 etque
1005 3105 1036 3162 iu.
1048 3119 1127 3178 pro-

170 3195 301 3252 uiueioru
326 3198 543 3263 reverteretur,
577 3195 674 3266 r'psiuu
701 3185 758 3276 (sc.
781 3183 980 3271 Pompeium)
1004 3197 1032 3249 et
1047 3205 1127 3264 pro-

170 3281 289 3337 uiueius
312 3285 341 3338 et
362 3279 498 3350 lepiooes
520 3278 639 3338 alienos
655 3285 774 3345 tenere,
800 3277 964 3336 exercitum
981 3275 1125 3334 Caesaris

170 3365 245 3422 uelle
267 3365 389 3434 dimitti,
404 3365 547 3423 delectus
569 3364 699 3431 lebera·
728 3363 870 3436 polliceri
891 3377 925 3419 se
947 3363 978 3421 iu
997 3363 1127 3435 proriu-

171 3449 248 3507 eiout
278 3450 400 3520 iturum,
430 3465 529 3522 treptie¹
556 3456 624 3508 onte
647 3465 731 3522 quero
754 3448 830 3510 diem
853 3449 953 3506 iturus
976 3448 1024 3518 sit,
1050 3447 1123 3516 defi-

171 3533 249 3600 nire,
273 3539 306 3589 ut
327 3535 544 3608 siperucto
576 3535 760 3594 Caesaris
787 3531 1003 3592 consulatu
1028 3530 1124 3590 Pom·
