2490 3974
414 249 556 316 CAPUT
579 251 714 316 12-75.
975 251 1038 316 225

8 485 10 510 ,
73 423 190 487 Gallia
210 422 330 490 bellare
353 431 518 487 consuetas
540 422 617 486 locis
640 422 870 506 campestribus
886 432 917 485 et
932 430 1040 486 contra

8 517 10 598 ,
73 507 205 589 Gallos,
238 507 381 589 homines
409 517 538 592 apertos
561 509 751 591 minimeque
773 507 949 588 insidiosos,
985 509 1038 591 qui

8 599 9 612 ¹
72 615 139 678 per
160 595 318 674 virtutem,
351 613 415 656 non
443 613 501 676 per
530 591 637 655 dolum
659 591 810 656 dimicare
833 599 1038 672 consuerunt,

72 689 148 740 tum
173 689 277 742 autem
300 688 368 742 erat
390 680 419 740 ei
440 677 656 758 laborandum,
678 687 714 741 ut
728 677 965 741 consuefaceret
978 677 1037 739 mi-

72 762 312 826 lites'hostium
335 761 433 843 dolos,
456 762 595 844 insidias,
631 763 765 826 artificia
794 769 1040 847 cognoscereet

73 847 158 933 quid
182 849 280 932 sequi,
304 847 379 932 quid
399 848 502 910 vitare
524 849 717 912 conveniret.
739 847 860 932 Itaque,
884 869 945 932 quo
960 846 1040 910 haec

73 932 216 996 celerius
239 935 448 1018 conciperent,
472 931 567 996 dabat
589 955 727 1017 operam,
756 942 792 995 ut
812 931 953 1016 legiones
975 953 1040 994 non

8 1037 9 1044 ¹
72 1019 111 1080 in
134 1040 199 1083 uno
222 1017 292 1083 loeo
314 1019 496 1100 contineret,
521 1017 577 1081 scd
598 1039 656 1102 per
678 1039 808 1081 causam
821 1015 1037 1080 frumentandi

71 1103 142 1166 huc
166 1113 260 1188 atque
281 1103 358 1167 illuc
378 1111 528 1188 raptaret,
562 1102 633 1166 ideo
667 1103 751 1188 quod
772 1101 909 1166 hostium
931 1123 968 1165 co
990 1102 1037 1165 ias

74 1187 120 1251 ab
145 1209 180 1254 se
203 1209 323 1273 suoque
344 1189 478 1272 vestigio
504 1211 568 1253 non
602 1187 797 1252 discessurae
826 1124 1038 1251 existimaiar.

72 1272 187 1358 Atque
208 1284 281 1358 post
301 1273 385 1337 diem
406 1274 533 1337 tertium
564 1273 733 1358 productas
766 1273 942 1336 accuratius
966 1293 1039 1335 suas

76 1359 189 1441 copias
213 1359 293 1422 sicut
307 1359 509 1438 instruxerat,
531 1366 660 1442 propter
675 1357 811 1421 hostium
826 1366 932 1421 castra
945 1379 1038 1442 prae-

75 1453 260 1525 tergressus
282 1465 383 1528 aequo
404 1442 475 1508 loco
497 1444 610 1506 invitat
632 1443 673 1506 ad
695 1442 916 1507 dimicandum.
949 1442 1038 1506 Post-

78 1549 178 1612 quam
200 1527 372 1592 abhorrere
395 1550 449 1594 eos
470 1527 569 1610 videt,
582 1527 714 1592 reducit
736 1527 795 1592 sub
809 1549 980 1611 vesperum
995 1527 1038 1590 le-

8 1617 9 1652 1
78 1611 193 1696 giones
217 1613 251 1676 in
273 1621 385 1678 castra.

147 1697 196 1758 74.
220 1697 332 1782 Legati
352 1701 478 1762 interim
501 1721 542 1762 ex
564 1698 679 1784 oppido
706 1697 806 1782 Vaga,
836 1697 919 1782 quod
945 1697 1039 1760 finiti-

78 1803 167 1842 mum
189 1782 246 1844 1011
267 1783 372 1862 Zetae,
406 1785 494 1848 cuius
528 1783 698 1848 Caesarem
729 1783 862 1868 potitum
892 1803 963 1844 esse
986 1781 1038 1845 de-

8 1881 10 1914 t
78 1869 332 1950 monstravimus,
355 1871 502 1952 veniunt3
529 1878 641 1954 petunt
663 1877 694 1932 et
717 1869 895 1948 obsecrant,
917 1875 953 1930 ut
975 1865 1037 1930 sibi

8 1963 10 2002 1
79 1951 275 2034 praesidium
296 1955 416 2016 mittat:
454 1973 488 2017 se
520 1975 572 2018 res
606 1952 793 2037 complures,
832 1973 913 2037 quae
945 1951 1039 2016 utiles

8 2049 10 2090 ἰ
79 2034 166 2101 bello
182 2038 258 2118 sint,
282 2037 563 2102 administraturos.
585 2038 648 2102 Per
670 2038 753 2101 idem
768 2045 892 2122 tempus
909 2035 1038 2100 deorum

8 2137 11 2176 1
80 2119 243 2186 voluntate
276 2121 441 2208 studioque
456 2143 458 2146 ·
474 2145 552 2210 erga
581 2121 752 2188 Caesarem
772 2123 940 2206 transfuga
963 2143 1036 2184 suos

82 2206 169 2268 cives
189 2207 265 2270 facit
287 2209 437 2272 certiores
459 2207 572 2271 Iubam
593 2229 704 2292 regem
725 2207 872 2270 celeriter
894 2229 965 2270 curn
988 2227 1037 2271 co-

81 2289 141 2374 piis
164 2293 237 2373 suis,
261 2301 428 2378 autequam
450 2291 597 2356 Caesaris
618 2292 811 2378 praesidium
834 2313 870 2356 co
893 2293 1037 2376 perveni-

83 2384 139 2456 ret,
162 2377 203 2440 ad
217 2377 367 2462 oppidum
382 2378 598 2442 accucurrisse
614 2389 708 2464 atque
724 2377 945 2442 advenientem
958 2375 1036 2440 mul·

85 2460 215 2524 titudine
237 2463 430 2526 circumdata
452 2485 489 2528 eo
511 2464 646 2548 potitum
668 2462 877 2548 omnibusque
900 2463 967 2524 eius
984 2483 1037 2546 op-

8 2551 9 2562 *
84 2544 149 2630 pidi
169 2546 281 2611 incolis
303 2546 344 2610 ad
365 2570 461 2611 unum
483 2547 656 2613 interfectis
679 2547 805 2611 dedisse
827 2547 977 2632 oppidum
992 2547 1037 2610 di·

85 2630 260 2714 ripiendum
292 2631 522 2718 delendumque
544 2633 704 2698 miiitibus.

148 2715 196 2778 75.
221 2715 340 2781 Caesar
370 2719 497 2783 interim
529 2717 661 2782 lustrato
695 2719 837 2781 exercitu
869 2739 898 2780 a.
926 2715 957 2780 d.
987 2721 1037 2776 XII
1112 2749 1114 2752 v

87 2798 156 2862 Kal.
179 2801 282 2886 April.
335 2813 438 2866 ostero
472 2801 522 2866 die
554 2803 716 2887 productis
748 2803 904 2866 universis
937 2799 1037 2865 coiis

87 2905 268 2970 progressus
302 2825 341 2950 01)
375 2889 439 2952 0010
462 2889 573 2952 castris
601 2887 688 2952 milia
708 2895 906 2972 passuumV
927 2907 947 2949 a
968 2821 1035 2948 doi-

88 2970 184 3054 pionis
206 2974 330 3036 circiter
351 2973 446 3036 duum
467 2973 588 3037 milium
609 2975 774 3037 interiecto
796 2973 897 3056 spatio
919 2971 953 3034 in
967 2970 1037 3036 acic

89 3057 229 3120 constitit.
251 3057 423 3144 Postquam
456 3060 531 3121 satis
564 3057 680 3144 diuque
713 3058 911 3121 adversarios
938 3055 978 3119 ab
1000 3077 1036 3122 sc

89 3139 126 3204 ad
146 3139 357 3206 dimicandum
378 3143 527 3207 invitatos
550 3141 757 3228 supersedere
789 3163 916 3228 pugnae
937 3141 1036 3206 anim·

89 3225 226 3309 advertit,
249 3227 498 3312 reducitcopias
520 3239 708 3313 posteroque
731 3226 782 3291 die
804 3234 910 3290 castra
930 3235 1037 3290 movet

10 3323 12 3333 ’
91 3319 175 3395 atque
189 3312 252 3376 iter
265 3311 306 3376 ad
321 3311 471 3398 oppidum
486 3311 663 3394 Sarsuram,
684 3311 740 3375 ubi
759 3311 865 3397 Scipio
884 3310 1035 3374 Numida·

91 3395 1035 3482 rumhabueratpraesidiumfrumentumquecomportaverat‚

91 3482 134 3543 irc
153 3481 320 3628 contelrlrdit.
347 3481 440 3560 Quod
461 3481 516 3546 ubi
531 3482 691 3546 Labienus
713 3479 942 3628 animpgvertit
966 3501 1038 3543 cum

144 3581 219 3622 caesar
266 3613 273 3627 .
