2490 3974
185 289 248 354 194
494 289 624 354 BELLI
645 290 835 354 AFRIOAF.

185 463 328 547 satisque
365 461 486 548 equites
524 467 661 526 iumenta
698 485 739 525 cx
770 481 891 528 nausea
922 465 1055 546 recenti,
1093 466 1162 545 siti,

185 545 348 632 languore,
377 549 546 632 paucitate,
576 545 761 612 vulneribus
795 549 968 634 defatigata
997 549 1037 612 ad
1069 552 1161 614 inse·

185 631 347 717 quendum
368 631 491 696 hostem
506 632 839 719 perseverandumque
862 657 988 698 cursum
1009 634 1161 700 tardiora

185 717 349 800 haberent,
384 717 508 802 dieique
543 738 616 801 pars
651 718 703 780 exi
749 741 768 782 a
799 721 862 783 iam
898 720 1021 806 reliqua
1056 729 1159 800 esset,

185 801 367 867 cohortibus
394 801 552 888 equitibus
581 741 781 868 circumddtis
812 804 1001 886 cohortatur,
1028 813 1066 868 ut
1087 827 1158 868 uno

185 888 250 952 ictu
287 887 515 952 contenderent
550 909 655 972 neque
688 891 893 971 remitterent,
918 891 1028 965 ¹donec
1066 889 1159 954 ultra

185 972 312 1038 ultimos
335 971 433 1036 eolles
455 970 563 1036 hostes
585 971 779 1057 repulissent
802 984 834 1038 at
856 997 896 1038 ue
919 997 1027 1039 eorum
1043 986 1159 1038 essent

185 1059 285 1142 potiti.
307 1058 419 1143 ltaque
442 1058 532 1141 signo
555 1057 628 1121 dato
658 1059 691 1120 in
712 1057 820 1122 hostes
835 999 992 1144 languide
1015 1058 1081 1122 tela
1097 1081 1159 1123 ne·

184 1142 416 1230 glegenterque
438 1143 598 1207 mittentes
622 1143 726 1207 subito
748 1145 886 1207 immittit
916 1145 1062 1209 cohortes
1086 1153 1159 1208 tnr-

185 1251 318 1314 masque
334 1250 478 1310 suorum3
495 1237 527 1291 at
549 1250 590 1292 ue
605 1238 723 1312 puncto
738 1231 888 1313 temporis
903 1229 1046 1293 hostibus
1063 1229 1158 1296 nullo

185 1314 314 1398 negotio
352 1335 463 1398 campo
500 1251 619 1398 pilleis,
671 1323 744 1399 post
781 1314 861 1379 colle
902 1315 1031 1378 deiectis
1066 1315 1159 1379 nacti

186 1397 291 1464 locum
321 1407 414 1485 atque
442 1397 488 1462 ibi
514 1397 616 1483 paulis
641 1421 676 1461 er
706 1403 897 1481 commorati,
926 1401 971 1463 ita
992 1401 1038 1462 uti
1062 1409 1159 1464 erant
1221 1443 1222 1486 ,

185 1485 342 1566 instructi,
376 1483 489 1548 leniter
523 1506 557 1547 se
585 1505 604 1546 a
656 1506 729 1548 suas
759 1486 917 1569 recipiunt
947 1485 1156 1550 munitiones.

186 1570 329 1656 Itemque
352 1569 529 1634 adversarii
558 1567 642 1634 male
671 1571 793 1655 accepti
814 1579 881 1633 tum
903 1569 1029 1634 demum
1052 1591 1088 1634 se
1113 1575 1158 1635 ad

186 1678 246 1722 sua
289 1653 427 1720 raesidia
449 1653 659 1719 contulerunt.

252 1679 301 1805 lb.
323 1740 455 1804 Interim
485 1761 523 1803 ea
551 1760 587 1802 re
615 1749 707 1823 gesta
733 1750 765 1804 et
792 1740 913 1826 proelio
946 1741 1080 1806 diremto
1113 1763 1157 1806 ex

184 1826 379 1891 adversariis
402 1825 570 1911 perfugere
592 1823 701 1910 plures
729 1848 770 1888 ex
793 1827 878 1889 omni
904 1848 1022 1910 genere
1052 1827 1156 1890 homi-

185 1935 270 1995 num,
305 1921 337 1976 et
395 1921 540 1974 raeterea
572 1911 741 1995 intercepti
776 1911 931 1992 [hostium]
969 1911 1155 1997 complures

187 1999 310 2084 equites
331 2019 373 2083 pe
398 1998 527 2082 'tesqua
551 1994 603 2058 Ex
626 1994 740 2080 quibus
768 1997 927 2081 cognitum
954 2005 1003 2059 est
1025 1997 1155 2060 consili-

185 2107 240 2147 um
262 2082 408 2162 hostium,
430 2104 493 2152 ¹ecs
520 2079 581 2143 hac
608 2090 713 2144 mente
742 2089 772 2145 et
802 2091 917 2146 conatu
944 2083 1082 2164 venisse,
1106 2083 1156 2146 uti

185 2190 268 2235 novo
290 2177 384 2254 atque
405 2167 554 2231 inusitato
577 2187 695 2314 {encre
715 2166 827 2251 proelii
848 2167 966 2232 tirones
982 2166 1155 2251 legionarii

185 2255 340 2339 paucique
373 2250 550 2337 perturbati
607 2252 728 2315 urionis
757 2251 903 2336 exemplo
933 2252 973 2316 ab
1008 2253 1154 2316 euitatu

183 2335 393 2402 circmnventi
415 2338 679 2423 opprimerentur,
711 2338 807 2401 etita
828 2336 1003 2401 Labienum
1027 2275 1153 2402 dixisse

185 2445 243 2508 pro
267 2423 427 2504 concione,
461 2431 581 2485 tantam
604 2443 674 2503 sese
697 2421 929 2486 multitudinem
958 2422 1154 2488 auxiliorum

183 2509 374 2572 adversariis
398 2507 719 2589 submmistraturum,
752 2516 788 2571 ut
809 2509 905 2571 etiam
927 2507 1094 2572 caedendo
1117 2510 1154 2572 in

184 2596 254 2679 ipsa
274 2594 407 2657 victoria
429 2593 590 2677 defatigati
611 2593 816 2656 vincerentur
830 2602 862 2656 at
883 2615 923 2656 ue
939 2615 958 2655 a
974 2593 1038 2656 suis
1056 2615 1153 2678 supe·

184 2688 344 2760 rarentur;
369 2679 443 2764 quip
467 2700 485 2742 θ
529 2679 562 2741 ui
583 2677 617 2740 in
638 2675 694 2742 illo
715 2693 841 2742 rumore
863 2617 947 2764 laihi]
974 2677 1154 2743 confideret

207 2765 331 2845 rimum,
366 2785 428 2848 quo
473 2785 513 2826 au
537 2764 615 2826 'erat
647 2761 767 2827 Romae
803 2762 944 2848 legiones
978 2776 1151 2829 veteranas

184 2787 352 2913 dissentire
374 2870 479 2933 neque
501 2849 535 2911 in
557 2847 698 2912 Africam
720 2847 804 2912 velle
832 2849 986 2931 transire;
1023 2848 1151 2932 deinde,

187 2933 272 3021 quod
294 2934 429 2997 triennio
459 2934 493 2996 in
520 2931 630 2997 Africa
664 2955 737 2997 suos
770 2933 885 2998 milites
919 2933 1151 2998 consuetudine

184 3028 323 3084 retentos
355 3018 467 3084 fideles
504 3017 566 3083 sibi
597 3021 660 3082 iam
682 3019 848 3101 effecisset,
882 3020 1023 3082 maxima
1044 3028 1152 3082 autem

184 3104 306 3168 auxilia
326 3103 458 3168 haberet
477 3102 686 3168 Numidarum
711 3126 728 3168 θ
751 3105 852 3168 uitum
880 3102 1023 3188 levisque
1046 3125 1150 3167 arma-

184 3198 285 3271 turae,
306 3199 473 3274 praeterea
494 3211 536 3254 ex
556 3188 633 3275 fuga
653 3127 838 3275 proelioque
860 3188 1052 3273 Pompeiano
1068 3211 1150 3272 quos

185 3297 294 3338 secum
317 3297 336 3338 a
357 3273 527 3339 Brundisio
550 3281 818 3360 transportaverat
833 3275 953 3360 equites
969 3273 1150 3338 Germanos

184 3359 359 3446 Gallosque
380 3359 488 3445 ibique
517 3369 628 3444 postea
650 3381 691 3422 ex
719 3358 861 3442 hibridis,
895 3357 1050 3423 libertinis
1081 3381 1150 3422 ser·

183 3445 295 3528 visque
307 3446 548 3529 conscripserat,
562 3452 748 3525 armaverat,
767 3453 820 3523 qui
836 3446 883 3508 uti
901 3443 1023 3507 frenato
1038 3443 1149 3506 condi·

126 3547 128 3550 ’
182 3527 335 3610 dicerent,
358 3538 523 3614 praeterea
534 3529 624 3613 regia
639 3529 757 3593 armilla
772 3528 947 3615 elephantis
971 3535 1043 3590 CXX
1059 3530 1147 3614 equi·
