2562 3970
312 193 314 204 ’
411 204 546 270 eorm.
568 203 601 268 11
623 203 716 269 one.
740 205 875 267 as-an
1081 203 1123 266 aa

165 377 332 440 coniuncta
354 375 503 461 (namque
526 398 568 441 ex
595 375 709 438 Marsis
731 375 933 461 Pelignisque
954 373 1124 438 veniebant

166 463 189 525 ii
211 463 266 546 qui
293 463 455 546 superiore
483 471 576 524 nocte
597 460 834 546 profugerant):
860 460 940 524 haec
961 461 994 522 in
1016 459 1123 522 contu-

165 547 285 611 berniis
315 546 499 611 commilites
533 553 762 632 quartanarum
797 544 941 608 nonnulli
976 545 1124 630 gratiora

162 639 377 712 proferebant·
404 653 564 696 sermones
590 631 724 694 militum
750 629 837 694 dubii
864 631 971 694 durius
991 632 1123 714 accipie·

165 716 290 798 bantur,
313 716 455 780 nonnulli
477 719 572 781 etiarn
595 716 634 779 ab
650 718 698 799 iis,
723 719 776 801 qui
791 716 1006 800 diligentiores
1021 715 1124 778 videri

164 801 323 882 volebant,
346 801 553 887 fingebantur.

132 915 135 936 ι
231 888 281 950 30.
306 885 429 964 Quibus
442 888 480 951 de
493 889 596 951 causis
613 887 743 950 oonsilio
757 897 930 952 convocato
946 886 986 950 de
1002 907 1124 962 summa

165 954 271 1035 ierum
294 971 469 1036 deliberare
491 974 610 1058 incipit.
640 973 741 1036 Erant
764 975 947 1052 sententiae,
971 985 1051 1056 quae
1074 993 1123 1034 oo-

166 1058 306 1121 nandum
328 1057 473 1121 omnibus
502 1058 603 1120 modis
627 1068 793 1142 castraque
815 1058 892 1121 Vari
913 1080 953 1142 op
975 1055 1124 1142 ugnanda

167 1152 343 1224 censerent,
361 1143 444 1230 quod
467 1151 498 1208 in
513 1143 694 1208 huiusmodi
715 1143 848 1218 militum
870 1080 1009 1219 ¹consiliis
1025 1145 1124 1205 otium

155 1231 305 1291 maxime
348 1231 542 1293 eontrarium
580 1251 649 1292 esse
686 1228 927 1292 arbitrarentur:
987 1239 1123 1292 ostremo

166 1324 328 1398 praestare
352 1313 498 1378 dicebant
525 1337 583 1400 per
608 1317 758 1378 virtutem
779 1317 813 1378 in
835 1336 943 1399 pugna
964 1251 1042 1376 belli
1063 1313 1123 1377 for·
1149 1389 1154 1404 ι

155 1408 276 1462 tunam
304 1401 452 1484 experiri,
480 1423 575 1485 quarn
600 1400 746 1464 desertos
776 1411 807 1464 et
830 1402 1060 1463 circumventos
1083 1397 1123 1461 ab

62 1524 65 1531 -
168 1485 234 1546 suis
256 1485 479 1568 gravissimum
495 1485 683 1570 supplicium
697 1487 828 1571 perpeti.
851 1485 960 1567 Erant,
984 1485 1038 1569 qui
1053 1505 1123 1547 cen·

168 1580 274 1632 serent
296 1569 335 1632 de
364 1573 458 1634 tertia
478 1571 589 1656 vigilia
616 1577 650 1635 in
673 1582 776 1635 castra
806 1569 953 1634 Cornelia
974 1569 1124 1633 receden-

168 1654 252 1736 dum,
280 1665 315 1718 ut
343 1657 460 1720 maiore
489 1658 589 1742 spatio
619 1657 770 1742 temporis
797 1657 962 1719 interiecto
991 1655 1125 1717 militum

168 1749 289 1804 mentes
312 1753 504 1824 sanarentur,
528 1743 629 1824 simul,
654 1744 681 1806 si
703 1740 779 1827 quid
799 1741 927 1825 'gravius
949 1741 1126 1823 accidisset,-

168 1847 285 1910 magna
313 1827 512 1892 multitudine
541 1830 725 1912 naviumtet
754 1829 849 1890 tutius
878 1840 908 1890 et
934 1825 1059 1914 facilius
1092 1827 1125 1888 in

169 1910 309 1975 Siciliam
330 1925 475 1999 receptus
499 1915 635 1979 daretur.

233 1996 284 2060 31.
308 1997 403 2063 Curio
430 2009 596 2084 utrumque
625 1999 807 2085 improbans
830 1997 1005 2080 consilium,
1029 2018 1125 2082 quan·

168 2091 235 2145 tum
265 2082 356 2148 alteri
385 2087 558 2150 sententiae
589 2087 714 2149 deesset
746 2086 858 2166 animi,
881 2094 1002 2147 tanturn
1035 2083 1126 2146 alteri

169 2189 337 2252 superesse
369 2169 510 2234 dicebat:
539 2171 596 2235 hos
629 2183 663 2234 tu
702 2172 829 2234 issimae
856 2171 950 2254 fugae
971 2170 1126 2234 rationem

168 2253 296 2335 habere,
318 2255 389 2319 illos
418 2258 511 2319 etiam
538 2257 645 2343 iniquo
663 2194 744 2321 1,Ιεζοο
772 2256 984 2320 dimicandum
1004 2265 1125 2340 putare.

169 2339 242 2419 Qua
264 2341 357 2422 enirn,
385 2342 495 2426 inquit,
524 2343 640 2406 fiducia
668 2352 700 2406 et
733 2364 826 2428 opere
857 2351 888 2404 et
919 2351 1034 2404 natura
1066 2341 1127 2405 loci

168 2425 379 2490 munitissima
401 2439 505 2491 castra
525 2429 701 2513 expugnari
722 2450 815 2512 posse
838 2425 1047 2491 confidimus?
1062 2426 1128 2490 Aut

169 2532 246 2574 vero
269 2511 344 2596 quid
366 2514 561 2597 proficimus,
585 2516 612 2576 si
635 2525 765 2598 accepto
794 2535 909 2598 magno
939 2512 1126 2576 detrimento

170 2596 210 2659 ab
233 2599 465 2682 oppugnatione
493 2611 668 2663 castrorum
695 2598 906 2664 discedimus?
936 2597 1036 2676 Quasi
1064 2619 1127 2660 non

169 2680 302 2745 felicitas
338 2705 444 2746 rerum
479 2695 640 2770 gestarum
682 2687 837 2748 exercitus
874 2683 1127 2746 benevolentiam

135 2812 136 2815 κ
169 2767 412 2853 imperatoribus
435 2780 466 2832 et
480 2793 531 2834 res
548 2769 702 2834 adversae
717 2771 790 2835 odia
812 2769 977 2853 colligant!
1002 2767 1126 2831 (lastro-

169 2873 239 2916 rum
273 2865 377 2918 autem
409 2858 539 2920 mutatio
573 2856 648 2942 quid
675 2856 772 2919 habet
791 2857 854 2918 nisi
875 2867 998 2940 turpem
1019 2853 1127 2936 fugam

171 2947 203 3002 et
225 2939 477 3024 desperationem
497 2944 636 3006 omnium
655 2951 686 3006 et
701 2941 922 3006 alienationem
945 2937 1126 3002 exercitus?

169 3023 252 3090 Nam
280 3048 383 3112 neque
411 3026 566 3112 pudentes
597 3028 751 3113 suspicari
781 3035 904 3112 oportet
933 3024 994 3088 sibi
1015 3045 1150 3108 parum-

172 3110 275 3192 credi,
302 3133 406 3196 neque
427 3113 589 3198 improbos
612 3116 693 3177 scire
724 3134 793 3176 sese
815 3111 934 3194 timeri,
959 3109 1043 3194 quod
1065 3108 1127 3171 illis

170 3194 329 3260 licentiam
355 3200 450 3264 timor
476 3208 591 3283 augeat
617 3209 732 3279 noster,
755 3197 804 3260 his
832 3197 935 3262 studia
957 3195 1127 3260 deminuat.

172 3280 267 3359 Quod
290 3284 317 3345 si
338 3285 411 3367 iam,
433 3286 543 3370 inquit,
570 3283 649 3348 haec
672 3283 834 3368 explorata
849 3281 1030 3361 habeamus
1048 3301 1127 3366 quae

173 3367 213 3431 de
236 3370 394 3433 exercitus
417 3369 606 3434 alienatione
637 3369 792 3451 dicuntur,
817 3389 897 3454 quae
920 3366 1046 3454 quidem
1070 3387 1128 3450 ego

148 3509 155 3524 r
172 3461 228 3518 aut
249 3455 375 3603 omnlino
390 3455 470 3520 falsa
484 3466 538 3519 aut
553 3465 638 3521 carte
653 3457 775 3519 minora
797 3454 942 3601 opiniorge
966 3474 1036 3516 esse
1056 3475 1127 3516 con-

220 3555 300 3595 Caeur
350 3589 358 3604 ,
