2538 3978
449 255 593 321 orror
616 253 752 319 31-34.
1017 249 1089 330 159,
1166 198 1170 200 ⁸

14 461 17 500 ι
115 453 153 498 eo
176 428 297 514 proelio
321 429 426 493 audito
441 426 519 490 nihil
539 428 602 489 iam
618 426 658 490 de
677 424 760 489 bello
783 434 889 497 essent
903 423 1078 510 cogitaturi.

14 545 16 586 ι
115 515 257 598 Dignum
280 514 453 578 adveniens
480 512 616 576 fructum
638 512 764 574 virtutis
787 521 818 574 et
841 512 939 576 animi
959 510 1078 592 magni·

14 623 15 670 l
115 601 233 664 tudinis
266 599 346 664 tulit.
381 599 494 662 Omnis
531 599 616 660 enim
647 594 813 660 multitudo
850 595 1080 681 opidanorum

14 697 15 700 ’
113 686 212 749 armis
243 686 391 770 proiectis
424 682 715 767 munitionibusque
748 683 812 746 suis
840 619 960 746 relictis
989 690 1078 744 veste

114 793 154 833 ea
169 781 302 855 sumpta,
320 793 382 856 qua
394 768 554 853 supplices
564 767 762 832 dominantes
773 767 937 852 deprecari
949 787 1078 829 consue·

113 865 197 935 runt,
225 857 386 940 sacrisque
413 853 560 918 omnibus
591 852 733 938 prolatis,
764 875 897 937 quorum
924 850 1079 934 religione

114 942 239 1025 precari
261 941 397 1005 offensos
419 941 585 1023 iratosque·
601 939 723 1002 animos
745 960 858 1023 regum
879 946 970 1010 erant
985 935 1077 1017 soliti,

58 1094 63 1100 ,
112 1025 296 1090 advenienti
318 1024 448 1089 Caesari
471 1033 679 1088 occurrerunt
708 1047 805 1110 seque
828 1025 858 1087 ei
879 1022 1077 1088 dediderunt.

88 1121 90 1124 '
115 1109 234 1174 Caesar
266 1113 300 1173 in
332 1110 428 1188 fidem
460 1119 606 1194 receptos
640 1108 821 1173 consolatus
853 1131 911 1194 per
943 1107 1079 1172 hostium

113 1196 303 1260 munitiones
333 1197 479 1260 insuam
511 1206 634 1279 partem
663 1192 771 1280 oppidi
799 1217 915 1278 magna
942 1193 1078 1277 gratula-

113 1281 199 1344 tione
225 1283 314 1345 venit
342 1303 487 1362 suorum3
524 1281 579 1366 qui
599 1303 663 1344 non
685 1291 806 1344 tantum
829 1279 948 1343 bellum
973 1279 1078 1364 ipsum

111 1387 152 1428 ac
181 1366 423 1447 dimicationem,
461 1365 518 1428 sed
549 1367 644 1429 etiam
680 1365 776 1429 talem
810 1365 980 1428 adventum
1010 1366 1077 1428 eius

113 1450 240 1514 felicem
268 1453 364 1514 luisse
387 1449 597 1514 laetabantur.

176 1537 227 1600 33.
252 1536 371 1600 Caesar
406 1536 554 1620 Aegypto
597 1545 692 1621 atque
727 1535 925 1600 Alexandria
960 1529 1083 1620 potitus,

113 1643 206 1704 reges
230 1623 398 1702 constituit,
423 1643 501 1706 quos
523 1620 726 1687 Ptolemaeus
741 1632 929 1685 testamento
945 1622 1076 1706 scripse-

111 1716 162 1770 rat
193 1715 288 1792 atque
321 1707 495 1770 obtestatus
530 1717 597 1770 erat
628 1706 780 1792 populum
816 1707 1003 1788 Romanum,
1035 1729 1084 1771 ne

111 1799 317 1857 mutarentur.
351 1791 432 1857 Nam
464 1793 585 1856 maiore
618 1815 659 1856 ex
693 1792 815 1856 duobus
843 1794 960 1876 pueris,
989 1815 1075 1878 rege,

115 1877 231 1940 amisso
253 1878 367 1940 minori
389 1877 669 1961 tradiditreguum
692 1879 870 1963 maiorique
892 1901 933 1942 ex
955 1877 1077 1941 duabus

111 1959 195 2042 filiis,
219 1961 416 2046 Cleopatrae,
440 1984 521 2049 quae
543 1973 705 2027 manserat
716 1965 750 2028 in
770 1963 833 2026 fide
848 1964 1078 2048 praesidiisque

111 2047 197 2110 eius:
220 2049 384 2128 minorem,
408 2047 575 2129 Arsinoen,
600 2049 689 2112 ouius
711 2050 838 2112 nomine
861 2049 913 2112 diu
925 2071 1076 2133 regnasse

110 2131 299 2216 impotenter
326 2132 536 2218 Ganymeden
564 2133 739 2214 docuimus,
777 2133 933 2198 deducere
961 2157 1002 2197 ex
1028 2158 1082 2200 re·-

109 2237 173 2364 {luo
196 2219 314 2298 statuit,
336 2241 457 2304 nequa
477 2240 587 2284 rursus
602 2240 686 2282 nova
707 2219 872 2301 dissensio,
894 2223 1076 2306 priusquam

135 2304 314 2366 'uturnitate
342 2305 610 2368 confirmarentur
632 2326 744 2386 regum
771 2307 914 2390 imperia,
943 2328 1001 2390 per
1022 2305 1083 2372 ho·-

110 2387 211 2450 mines
242 2388 408 2455 seditiosos
438 2399 630 2453 nasceretur.
652 2389 821 2474 ,Legiones
851 2390 896 2453 ibi
923 2401 1089 2456 veterana

109 2480 203 2536 sexta
232 2495 340 2537 secum
369 2474 503 2538 reducta
535 2484 657 2539 ceteras
687 2475 831 2560 reliquit,
860 2497 921 2562 quo
953 2477 1075 2540 firmius

109 2568 194 2622 essct
218 2580 332 2625 ,eorum
362 2581 486 2644 regum
506 2559 682 2646 imperium,
715 2563 769 2644 qui
799 2583 908 2646 neque.
936 2585 1075 2626 amorem

109 2663 239 2708 suorum
260 2644 379 2708 habere
401 2645 657 2732 poterantquod
679 2645 815 2710 fideliter
835 2657 1075 2731 permanserant

108 2728 142 2788 in
169 2726 315 2794 Caesaris
349 2730 497 2812 amicitia,
527 2753 632 2816 neque
660 2733 825 2796 vetustatis
855 2735 1075 2796 auctoritatem

108 2815 218 2896 paucis
241 2815 352 2880 diebus
374 2837 468 2901 reges
497 2817 666 2882 constituti.
690 2815 791 2886 Simul
813 2817 854 2880 ad
875 2819 998 2901 imperii
1019 2840 1073 2880 no-

110 2897 167 2958 stri
189 2896 373 2983 dignitatem
394 2899 623 2987 utilitatemque
643 2902 803 2986 publicam
825 2904 984 2986 pertinere
1007 2903 1072 2966 exi·

109 2982 266 3066 stimabat,
291 2988 318 3048 si
339 2995 563 3070 permanerent
584 2989 617 3050 in
632 2987 695 3052 fide
709 3009 812 3072 reges,
835 2988 1003 3072 praesidiis
1019 3009 1073 3052 eos

107 3069 225 3131 normis
249 3092 319 3134 esse
340 3082 441 3152 tutos,
457 3070 524 3152 hos,
541 3073 568 3134 si
582 3083 690 3136 essent
710 3075 834 3158 ingrati,
858 3095 952 3156 posse
972 3073 1075 3138 isdem

107 3154 276 3238 praesidiis
305 3159 453 3222 coerceri.
482 3155 536 3220 Sic
564 3157 660 3222 rebus
690 3158 834 3224 omuibus
863 3157 1012 3222 confectis
1042 3173 1074 3224 et

107 3235 272 3385 §euocatis
308 3242 378 3326 ipse
414 3242 539 3328 [itinere
575 3246 728 3324 terrestri]
766 3245 925 3329 profectus
961 3253 1010 3308 est
1040 3246 1074 3308 in

131 3345 244 3407 ynam.

173 3409 224 3472 34.
246 3410 333 3476 Dum
362 3410 446 3476 haec
469 3414 503 3476 in
528 3412 675 3498 Aegypto
704 3423 864 3498 geruntur,
892 3434 951 3475 rex
977 3413 1072 3478 Deio*

107 3501 196 3556 tarus
230 3496 272 3559 ad
302 3496 480 3562 Domitium
513 3496 689 3580 Calvinum,
724 3501 775 3563 cui
809 3498 927 3562 Caesar
963 3499 1073 3562 Asiam
