2562 3966
373 229 509 296 COMM.
531 229 594 294 VH
616 230 710 297 ΟΑΡ.
732 232 867 296 20-23,
1040 231 1099 296 153

142 397 266 483 ducem,
295 423 355 464 nec
388 399 428 466 de
455 402 522 466 eius
541 399 617 466 'fide
647 399 863 486 dubitandum,
894 395 955 467 nec
981 404 1101 468 maiore

142 486 267 549 ratione
292 485 413 551 bellum
441 485 654 552 administrari
682 510 786 572 posse.
831 487 988 571 Statuunt,
1018 495 1099 552 utX

141 569 231 644 milia
251 569 413 636 hominum
435 570 560 654 delecta
574 595 614 636 ex
629 572 774 637 omnibus
790 575 893 659 copiis¹
903 574 935 637 in
951 573 1101 660 oppidum

141 657 313 739 mittantur,
337 679 397 722 nec
426 656 502 722 solis
528 655 724 744 Biturigibus
747 681 944 724 communem
967 655 1101 726 salutem

143 741 398 806 committendam
413 753 551 825 censent,
575 743 659 830 quod
680 766 782 829 paene
797 765 838 808 ex
854 744 901 827 eo,
924 745 951 807 si
966 745 1000 808 id
1014 767 1055 831 op
1077 745 1101 808 i-

58 847 62 853 ·
143 825 218 976 dulrp
239 829 450 911 retinuissent,
474 851 628 892 summam
638 829 789 894 victoriae
812 840 956 894 constare
979 767 1101 896 intelle·

165 921 267 980 eant.

141 933 164 998 g
206 998 256 1062 22.
281 995 441 1082 Singulari
470 997 604 1064 militum
632 1007 811 1064 nostrorum
838 1001 948 1064 virtuti
970 997 1103 1066 consilia

142 1083 294 1167 cuiusque
309 1083 394 1147 modi
410 1081 573 1148 Gallorum
594 1083 810 1167 occurrebant,
834 1095 868 1151 ut
890 1095 938 1150 est
960 1106 1101 1162 summae

142 1190 243 1252 genus
266 1167 411 1234 solertiae
427 1180 521 1255 atque
537 1169 578 1233 ad
595 1171 701 1234 omnia
715 1170 866 1236 imitanda
881 1181 912 1236 et
927 1169 1101 1251 efficienda,

143 1275 224 1338 quae
258 1252 299 1317 ab
330 1276 454 1340 quoque
490 1254 670 1338 traduntur,
701 1256 908 1342 aptissimum.
959 1255 1042 1320 Nam
1072 1265 1104 1318 et

142 1338 264 1424 laqueis
285 1336 383 1404 falces
413 1339 606 1424 avertebant,
637 1363 715 1427 quas
739 1363 834 1428 quum
858 1341 1102 1423 destinaverant,

141 1426 306 1488 tormentis
327 1426 480 1490 introrsus
507 1425 709 1509 reducebant,
733 1437 764 1492 et
785 1448 934 1512 aggerem
949 1424 1103 1490 cuniculis
1159 1451 1161 1454 ·

142 1508 387 1592 subtrahebant,
419 1532 456 1575 eo
484 1512 642 1592 scientius,
673 1511 757 1598 quod
784 1511 869 1598 apud
892 1534 946 1576 eos
968 1533 1102 1596 magnae

143 1605 217 1659 sunt
236 1595 390 1659 ferrariae
412 1605 507 1683 atque
530 1619 622 1660 onme
638 1619 739 1684 genus
754 1595 972 1662 cuniculorum
992 1607 1102 1660 notum

143 1691 238 1768 atque
261 1681 409 1746 usitatum
432 1693 489 1746 est
535 1681 650 1747 Totum
679 1691 785 1747 autem
806 1705 931 1747 murum
953 1705 995 1746 ex
1017 1683 1103 1745 omni

141 1775 235 1853 parte
255 1766 396 1832 turribus
418 1766 698 1833 contabulaverant
720 1777 814 1854 atque
828 1766 886 1830 has
909 1768 1002 1832 coriis
1024 1769 1103 1830 inte-

141 1859 266 1917 xerant.
309 1851 390 1916 Tum
421 1851 541 1918 crebris
570 1852 690 1916 diurnis
719 1853 944 1939 nocturnisque
966 1853 1102 1937 eruptio-

142 1937 237 2002 nibus
260 1947 312 2002 aut
335 1938 445 2024 aggeri
471 1938 578 2025 ignem
599 1937 778 2003 inferebant
799 1949 853 2003 aut
873 1937 989 2004 milites
1012 1959 1103 2003 oceu-

142 2033 234 2110 patos
262 2023 296 2086 in
323 2045 419 2109 opere
446 2023 672 2089 adoriebantur
700 2034 732 2087 et
759 2035 939 2090 nostrarum
967 2025 1102 2088 turrium

144 2108 348 2191 altitudinem,
373 2119 523 2196 quantum
538 2109 595 2173 has
611 2110 810 2195 quotidianus
826 2132 924 2196 agger
939 2131 1103 2195 expresse·

144 2204 204 2278 rat,
228 2194 402 2259 commissis
415 2217 543 2260 suarum
561 2197 694 2259 turrium
715 2194 807 2260 malis
829 2194 1050 2281 adaequabant
1072 2202 1104 2258 et

144 2289 271 2380 apertos
301 2280 464 2346 cuniculos
492 2291 641 2367 praeusta
670 2290 702 2345 et
722 2290 901 2429 praeacuta
914 2281 1049 2344 materia
1070 2289 1103 2344 et

143 2387 216 2451 prce
238 2365 411 2430 fervefacta
438 2377 470 2431 et
497 2367 628 2432 maximi
656 2388 720 2451 pon
744 2367 807 2430 eris
830 2367 916 2430 saxis
938 2364 1103 2430 moraban-

144 2460 196 2514 tur
217 2451 445 2538 moenibusque
468 2452 723 2540 appropinquare
745 2451 964 2538 prohibebant.

209 2535 260 2600 23.
289 2535 374 2601 Muri
402 2548 508 2602 autem
536 2560 645 2603 omnes
672 2535 788 2602 Gallici
817 2537 877 2600 hac
905 2537 973 2601 fere
1002 2542 1104 2601 torma

146 2632 229 2688 sunt.
279 2621 403 2688 Trabes
437 2623 575 2687 directae
606 2632 777 2710 perpetuae
811 2624 844 2686 in
877 2621 1103 2708 longitudinem

145 2706 276 2794 paribus
298 2707 493 2791 intervallis,
527 2708 679 2773 distantes
707 2710 790 2774 inter
820 2731 853 2772 se
880 2707 971 2772 binos
992 2706 1102 2793 pedes,
1171 2705 1176 2716 '

145 2795 178 2857 in
201 2792 268 2857 solo
299 2792 501 2866 collocantur.
553 2794 624 2859 Hae
650 2795 868 2858 revinciuntur
896 2795 1049 2858 introrsus
1072 2800 1104 2856 et

146 2879 244 2943 multo
274 2899 391 2966 aggere
419 2881 614 2944 vestiuntur:
649 2901 687 2944 ea
708 2889 823 2962 autem,
847 2901 928 2965 quae
955 2877 1102 2958 diximus,

145 2962 313 3029 intervalla
350 2965 524 3050 grandibus
560 2966 594 3028 in
629 2964 734 3030 fronte
771 2965 855 3030 saxis
891 2965 1103 3029 offarciuutur.

145 3049 206 3114 His
239 3047 400 3116 collocatis
428 3061 459 3115 et
488 3073 545 3116 coa
601 3051 715 3114 entatis
748 3049 827 3116 alius
861 3050 991 3134 insuper
1027 3046 1104 3112 ordo

146 3135 282 3219 additur,
311 3145 347 3200 ut
373 3136 457 3202 idem
486 3073 795 3200 illudsslntervallum
824 3144 978 3216 servetur,
1000 3153 1104 3217 neque

146 3222 230 3284 inter
259 3243 294 3285 se
321 3223 505 3308 contingant
530 3221 647 3304 trahes,
671 3221 878 3306 sedpa1ibus
904 3220 1104 3284 intermissae

147 3308 256 3394 spatiis
285 3307 428 3393 singulae
458 3306 591 3392 singulis
614 3309 700 3370 saxis
722 3307 894 3371 interiectis
916 3313 985 3370 arte
1007 3303 1104 3368 conti·

146 3400 290 3456 neantur.
339 3394 392 3460 Sic
415 3392 565 3477 deinceps
588 3414 681 3457 omne
703 3414 782 3478 opus
807 3391 999 3469 contexitur,
1029 3389 1104 3454 dum

146 3478 230 3543 iusta
254 3479 336 3564 muri
365 3478 497 3544 altitudo
531 3477 707 3562 expleatur.
751 3475 823 3541 Hoc
850 3498 946 3562 quum
972 3477 1006 3539 in
1036 3495 1104 3561 spe·
