2534 3970
293 279 295 284 .
348 225 501 291 comt.
523 227 540 290 r
562 226 836 330 osaea-eo..
1018 231 1060 294 aa

115 397 226 462 montis
255 419 297 460 ex
314 405 469 484 ¹utraque
477 406 574 545 parte
599 399 688 483 ripae
714 398 851 462 fluminis
874 399 1066 483 contingant.

114 481 476 548 Hunc-muruscircum
499 491 568 548 stirs
591 495 697 548 arcem
719 483 816 548 efficit
837 495 958 547 etcum
981 487 1066 570 oppi-

116 567 151 630 do
180 568 351 652 ¹coniungit.
395 565 614 634 Huoffansar
641 570 776 654 magnis¹
792 570 953 632 nocturnis
983 569 1067 633 diur-

113 653 223 737 nisque
250 652 416 718 itineribus
436 652 606 716 contendit
635 663 849 739 occupatoque
878 654 994 738 oppido
1023 654 1067 717 ibi

114 737 306 822 praesidium
328 736 487 802 collocat·

172 822 224 885 39.
255 822 343 889 Dum
371 845 490 908 paucos
518 824 587 890 dies
610 823 657 886 ad
680 823 907 890 Vesontionem
936 827 983 887 rei
1003 825 1066 888 iru-

115 909 284 972 mentariae
316 917 573 994 commeatusque
607 930 703 972 eausa
734 919 887 990 moratur,
923 931 965 972 ex
995 931 1065 995 per-

115 993 295 1058 contatione.
317 1003 497 1058 nostrorum
518 993 711 1080 vocibusque
734 993 899 1060 Gallorum
927 1016 965 1058 ac
986 1017 1066 1059 mer-

113 1086 261 1160 catorum,
278 1079 332 1162 qui
343 1073 464 1162 ingenti
474 1079 689 1164 magnitudine
702 1101 866 1164 corporum
878 1078 1064 1160 Germanos,

112 1163 291 1228 incredibili
318 1165 434 1230 virtute
457 1175 551 1251 atque
575 1165 798 1229 exercitatione
819 1165 971 1228 inarmis
995 1187 1065 1230 esse

112 1247 335 1334 praedicabant
357 1247 692 1335 (saepenumerosese
714 1271 785 1314 cum
807 1249 856 1312 his
880 1272 1065 1336 congressos

112 1356 149 1397 ne
169 1333 294 1398 vultum
315 1334 444 1419 quidem
473 1336 697 1421 atque.·aoiem
723 1332 888 1398 ‘oculorum
919 1335 1066 1400 dicebant

111 1418 191 1483 ferre
204 1418 370 1506 pottnsse),
393 1428 497 1483 tantus
521 1420 624 1486 subito
645 1421 738 1484 timor
753 1441 878 1484 omnem
893 1423 1064 1484 exercitam

113 1505 286 1590 occupavit,
300 1515 335 1568 ut
346 1527 413 1569 non
427 1506 629 1570 mediocriter
643 1507 915 1570 omniumrmentes
930 1507 1064 1570 animos-

113 1611 169 1674 que
194 1589 414 1675 perturbaret.
441 1590 509 1654 Hie·
532 1593 668 1676 primum
682 1625 683 1628 ¹
697 1599 784 1655 ortus
815 1603 863 1654 est
891 1613 910 1654 a
930 1591 1064 1654 tribunis

112 1673 248 1756 militum,
274 1675 442 1759 praefectis
456 1675 659 1762 reliquisque,
683 1677 794 1760 quiex
814 1673 893 1738 urbe
909 1677 1064 1739 amicitiae

112 1779 202 1823 causa
224 1759 399 1824 Caesarem
422 1762 524 1825 secuti
543 1783 607 1826 non
635 1783 786 1844 magnum
814 1761 848 1823 in
874 1783 910 1824 re
936 1760 1065 1824 militari

111 1844 400 1910 nsumthabebante
415 1868 549 1931 quorum
563 1845 644 1910 alius
659 1845 723 1909 alia
738 1867 834 1910 causa
848 1845 945 1928 illata,
969 1867 1064 1932 quam

111 1928 167 1993 sibi
188 1931 229 1994 ad
250 1930 517 2016 proficiscendum
532 1933 744 1996 necessariam
767 1953 838 1996 esse
860 1931 987 2013 diceret,
1010 1953 1064 2016 pe·

111 2013 201 2098 tebat,
223 2026 263 2080 ut
285 2017 352 2080 eius
379 2015 541 2080 voluntate
571 2016 735 2080 discedere
763 2015 887 2100 liceret,
920 2015 1064 2080 nonnulli

110 2099 223 2183 pudore
245 2100 392 2183 adducti,
415 2110 450 2165 ut
471 2103 592 2166 timoris
617 2103 827 2186 suspicionem
848 2105 992 2184 vitarent,
1016 2125 1064 2166 re-

111 2186 290 2250 manebant
322 2186 368 2248 Hi
388 2209 492 2272 neque
502 2186 629 2251 ¹vultum
643 2187 765 2272 fingere
787 2209 890 2273 neque
905 2187 1063 2251 interdum

111 2267 251 2336 lacrimas
277 2279 386 2334 tenere
407 2277 570 2358 poterant:
601 2272 700 2336 abditi
720 2274 753 2335 in
775 2272 986 2337 tabernaculis
1009 2289 1063 2336 ant

111 2375 204 2418 sunm
216 2356 320 2420 fatum
341 2356 571 2440 querebantur,
599 2367 654 2421 aut
675 2380 746 2421 cum
767 2357 975 2422 familiaribus
998 2359 1062 2421 suis

112 2459 270 2506 commune
284 2441 461 2528 periculum
473 2442 714 2525 miserabantur.
744 2443 805 2506 Vul
824 2465 846 2507 o
862 2445 934 2508 totis
950 2446 1062 2506 castris

111 2531 293 2591 testamenta
309 2526 565 2611 obsignabantur.
599 2528 722 2593 Horum
743 2467 875 2592 vocibus
898 2550 936 2592 ae
950 2531 1062 2593 timore

111 2609 255 2756 paulatim
272 2613 370 2675 etiam
382 2613 415 2693 ii,
439 2614 657 2698 quimagnum
682 2615 716 2676 in
731 2614 844 2677 castris
858 2635 951 2677 usum
966 2612 1062 2677 habe-

131 2705 196 2778 ant,
226 2697 344 2761 milites
367 2700 630 2784 centurionesque
653 2701 768 2785 quique
799 2700 950 2785 equitatui
971 2720 1062 2784 prae·

111 2790 201 2863 erant,
223 2780 501 2867 perturbabantur.
540 2782 603 2862 Qui
625 2805 660 2847 se
683 2806 723 2847 ex
745 2783 794 2847 his
809 2786 913 2848 minus
935 2783 1061 2848 timidos

112 2867 280 2936 existimari
300 2865 466 2950 volebant,
497 2890 561 2932 non
584 2869 764 2932 sehosiem
785 2870 904 2950 vereri,
928 2869 985 2933 sed
1008 2891 1061 2932 an-

112 2953 224 3032 gustias
254 2953 392 3033 itineris,
423 2953 675 3038 magnitudinem
705 2952 872 3036 silvarum,
906 2975 987 3038 quae
1016 2957 1060 3018 in-

112 3035 307 3111 tercederent
323 3039 407 3101 inter
438 3038 525 3123 ipsos
556 3049 650 3124 atque
671 3039 881 3121 Ariovistum,
912 3050 966 3102 aut
994 3060 1061 3102 rem

112 3117 348 3204 maneriam,
380 3131 415 3188 ut
440 3124 517 3186 satis
547 3125 709 3188 commode
743 3124 921 3209 supportari
945 3133 1060 3208 posset,

113 3203 213 3270 tmere
236 3207 402 3272 dicebant.
426 3207 577 3272 Nonnulli
599 3210 694 3273 etiam
717 3208 848 3273 Caesari
862 3207 1060 3289 nuntiabant,

113 3309 199 3434 qpum
212 3302 318 3356 castra
334 3293 456 3356 moveri
478 3313 516 3356 ac
539 3293 629 3378 signa
643 3293 719 3358 ferri
733 3295 886 3374 iussisset,
909 3315 974 3356 non
995 3293 1061 3358 fore

113 3372 187 3520 l‘tcto
208 3377 373 3442 audientes
396 3376 510 3441 milites
532 3399 636 3463 neque
658 3388 789 3465 propter
809 3379 955 3442 timorem
971 3378 1063 3463 signa

123 3478 140 3518 a
151 3480 229 3523 uros.
