2490 3974
307 863 1041 1056 asuru'rrasuroas.

467 1275 881 1330 ARGUMENTUM.

197 1434 238 1501 [A.
255 1435 288 1487 U.
307 1433 335 1485 C.
347 1436 404 1484 tot.
424 1434 491 1498 ’(08.1
511 1433 634 1483 Exercitn
651 1431 806 1496 Lilybaeum
817 1437 951 1482 conuecto
963 1431 1062 1483 Caesar
1075 1433 1169 1484 classe

228 1505 257 1552 in
273 1503 386 1553 Africam
409 1502 581 1568 proficiscitur
598 1517 619 1552 c.
640 1503 662 1550 1.
681 1503 705 1554 2.
723 1503 835 1554 Navium
853 1508 927 1566 parte
944 1501 978 1552 ad
989 1501 1167 1552 Adrumetum

229 1571 341 1623 collecta
358 1571 483 1636 (reliquas
502 1575 641 1636 tempestas
660 1586 676 1619 a
694 1586 771 1620 cursu
789 1571 929 1638 averterat)
949 1571 1046 1620 Caesar
1069 1573 1166 1636 copias

230 1642 336 1706 exponit
363 1645 499 1706 castraque
526 1639 560 1688 ad
587 1637 710 1702 oppidum
733 1639 845 1689 collocat
863 1654 884 1687 a
903 1639 927 1690 3.
955 1638 1084 1704 captivus
1104 1655 1166 1689 cum

229 1709 322 1760 litteris
341 1709 375 1760 ad
393 1708 552 1769 Considium,
571 1707 616 1771 qui
634 1708 729 1771 oppido
748 1712 876 1772 praeerat,
896 1709 991 1758 missus
1009 1715 1123 1759 necatur
1143 1725 1165 1758 c

229 1780 254 1830 4.
284 1777 471 1828 Deficientibus
498 1776 532 1827 ad
558 1775 682 1841 oppidum
708 1777 909 1842 expugnandum
935 1777 1034 1827 viribus
1062 1778 1165 1829 Cacsar

231 1851 317 1897 casua
334 1847 368 1896 ad
384 1846 528 1911 Ruspinam
545 1849 632 1894 movet
650 1860 672 1894 o.
690 1846 714 1894 ὁ.
733 1847 758 1907 6,
776 1846 837 1895 iude
856 1845 890 1894 ad
908 1845 1015 1910 Leptim
1039 1861 1093 1912 quo
1113 1863 1162 1912 op-

143 1920 147 1928 '
229 1915 292 1981 pido
309 1920 413 1981 recepto
430 1917 458 1964 in
475 1912 550 1964 litore
568 1917 653 1963 castra
670 1915 751 1978 ponit,
768 1915 871 1980 iamque
888 1929 934 1979 per
951 1913 1050 1966 litteras
1062 1916 1164 1966 auxilia

231 1999 263 2033 ex
282 1983 402 2034 Sardinia
418 1981 583 2047 finitimisque
601 1982 742 2046 provinciis
761 1983 869 2032 arcessit
887 1987 912 2031 et
930 1983 1029 2048 copias,
1048 1999 1117 2048 quae
1136 1986 1163 2033 in

231 2049 321 2102 Sicilia
338 2055 522 2112 remanserant,
539 2050 749 2100 transmittendas
763 2057 836 2100 curat
847 2065 869 2100 c.
883 2051 957 2100 ‘1-9.
970 2052 1058 2102 Nares
1071 2067 1163 2103 errore

212 2119 366 2182 abductae,
385 2135 449 2184 qaas
468 2119 566 2169 Caesar
589 2121 647 2183 ipse
668 2119 753 2169 classe
777 2133 921 2169 conscensa
942 2120 995 2169 iarn
1020 2125 1077 2170 erat
1099 2135 1162 2172 cou-

232 2188 381 2254 quisiturus,
399 2189 540 2240 adveniunt
557 2203 579 2236 c
599 2189 638 2236 10.
663 2189 701 2236 11.
719 2187 803 2237 Paulo
824 2194 884 2252 post
900 2188 1001 2252 proelio
1022 2191 1162 2242 commisso

232 2257 329 2307 Caesar
346 2259 423 2307 unica
439 2257 478 2306 rei
495 2255 613 2306 militaris
624 2257 719 2320 peritia
735 2256 824 2306 hostes
842 2256 966 2320 imprimis
980 2259 1095 2320 equitum
1113 2273 1162 2307 nn-

231 2339 302 2374 mero
321 2327 467 2391 superiores
481 2325 555 2390 fugat
572 2325 717 2376 e12-1s.
737 2325 810 2384 Quae
823 2323 948 2384 Labieno,
965 2324 1080 2374 hostiurn
1092 2325 1161 2388 duci,

232 2397 292 2442 ante
309 2393 436 2458 proelium
453 2394 531 2443 fuerit
547 2391 644 2443 fiduua
663 2391 788 2458 perfugae
806 2398 832 2442 et
843 2389 948 2457 'captivi
965 2393 1060 2442 docent
1077 2409 1100 2445 c.
1119 2397 1162 2444 19.

233 2459 330 2511 Caesar
348 2463 440 2513 castris
457 2462 601 2512 muniendis
620 2461 852 2526 comparandisque
870 2461 948 2511 rebus
960 2461 994 2510 ad
1006 2461 1106 2512 bellum
1115 2475 1161 2512 ne·

233 2531 353 2580 causariis
366 2545 471 2594 operam
483 2531 540 2592 dat3
553 2530 664 2580 classem
675 2530 709 2579 ad
721 2545 803 2580 naves
815 2531 947 2580 onerarias
960 2546 992 2579 ex
1002 2545 1090 2580 errore
1099 2546 1161 2580 oon-

233 2598 372 2662 quirendas
382 2600 458 2648 mittit
470 2615 491 2650 c.
501 2601 540 2649 20.
553 2601 593 2647 21.
608 2599 653 2650 en.
664 2599 802 2663 Pompeius
812 2597 881 2648 filius
890 2613 907 2647 a
919 2597 955 2650 ld.
968 2598 1067 2648 Catone
1078 2601 1161 2664 patris

233 2666 406 2716 admonitione
424 2668 523 2717 adrem
536 2675 640 2717 strenue
653 2667 793 2732 gerendam
804 2667 925 2716 incitatur
937 2682 959 2718 c.
972 2667 1013 2715 22.
1032 2667 1159 2716 Ascurum

233 2734 404 2785 Mauritaniae
423 2737 545 2801 oppidum
563 2735 673 2786 navibus
691 2741 785 2796 tentat;
808 2735 942 2799 eruptione
966 2733 999 2784 ab
1023 2735 1160 2800 oppidanis

232 2802 300 2853 facta
311 2804 339 2852 in
350 2819 431 2854 naves
444 2805 592 2870 compulsus
603 2803 703 2854 insulas
721 2802 845 2854 Baleares
857 2803 922 2868 petit
938 2818 960 2852 c.
976 2805 1017 2853 23.
1031 2803 1160 2869 Scipionis

234 2873 326 2936 copiae
353 2887 411 2922 cum
437 2873 524 2922 Petrei
552 2877 577 2922 et
603 2873 714 2922 Labieni
741 2874 932 2937 coniunguntur
959 2887 981 2920 c.
995 2873 1036 2934 24,
1067 2872 1159 2936 quibus

235 2942 312 2989 etiam
328 2939 399 2990 «Iuba
426 2944 566 2992 exereitum
593 2944 762 2992 adiuncturus
791 2949 853 2998 erat,
882 2940 929 2989 sed
956 2955 1035 3004 quum
1060 2939 1123 2990 fines
1143 2958 1159 2990 a

233 3009 347 3069 Boccho,
365 3009 537 3060 Mauritaniae
557 3025 629 3075 rege,
649 3015 674 3058 et
691 3009 720 3058 P.
741 3009 825 3070 Sittio,
852 3008 958 3058 Caesari
981 3023 1039 3057 oum
1057 3009 1160 3058 exulum

233 3092 340 3126 numero
367 3077 516 3140 auxiliante,
543 3083 716 3138 vastarentur,
743 3093 774 3126 ex
796 3079 888 3127 itinere
910 3077 938 3124 in
961 3091 1069 3142 regnum
1086 3091 1159 3126 revo-

234 3151 307 3195 catur
325 3161 346 3198 c.
365 3147 406 3195 26.
425 3146 522 3198 Caesar
541 3147 625 3196 denuo
645 3147 678 3196 de
696 3147 811 3197 exercitu
828 3144 983 3196 adducendo
1000 3147 1028 3194 in
1047 3145 1159 3195 Siciliam

194 3268 199 3282 Ι
234 3215 352 3264 anutium
368 3215 457 3276 mittit;
475 3217 629 3265 munitiones
648 3221 791 3266 castrorum
809 3218 888 3281 auget
905 3228 926 3263 c.
947 3215 990 3265 26.
1009 3213 1095 3278 Soipio
1108 3213 1158 3262 ele·

234 3282 337 3348 phautis
356 3283 390 3332 ad
407 3299 522 3350 pugnam
539 3284 705 3334 instituendis
724 3299 830 3348 operam
857 3282 969 3332 collocat
987 3297 1009 3333 c.
1028 3284 1069 3333 27.
1095 3283 1158 3330 Ver-

236 3349 322 3415 gilius,
341 3350 447 3416 Thapso
465 3352 620 3417 praefectus,
638 3353 700 3402 navi
719 3350 877 3402 Caesariana
893 3351 992 3416 potitur
1010 3366 1032 3402 c.
1051 3350 1089 3399 28.
1109 3349 1158 3398 Pu-

235 3419 333 3482 gnandi
349 3419 472 3470 facultate
491 3420 523 3470 ab
543 3421 665 3485 Scipione
683 3419 772 3470 oblata
790 3420 888 3469 Caesar
905 3420 1047 3468 exercitum
1070 3419 1158 3468 castris

235 3489 356 3548 confinet,
375 3503 453 3553 quum
471 3493 609 3554 antequam
626 3489 724 3538 auxilia
742 3488 917 3547 advexissent,
944 3501 1062 3552 pugnare
1080 3486 1158 3536 nollet
