2534 3970
375 165 510 231 oouu.
529 167 549 252 ‚1
572 166 664 230 car.
689 166 822 230 1e-1a
1000 251 1002 255 ι
1034 165 1073 230 13

124 337 183 400 bus
226 337 423 401 raesentibus
451 359 504 400 eas
532 358 585 400 res
613 337 725 400 iactari
753 335 895 418 nolebat,
929 336 1074 402 celeriter

125 360 290 486 eonedium
312 422 447 503 dimittit,
471 421 599 484 Liscum
620 423 743 484 retinet.
788 419 920 498 Quaerit
941 443 983 484 ex
1004 420 1072 486 solo

125 529 170 588 ea,
195 528 275 592 quae
297 508 329 570 in
352 517 510 572 conventu
539 507 672 570 dixerat.
705 506 792 569 Dicit
818 505 948 570 liberius
978 516 1073 591 atque

124 591 283 656 audacius.
323 591 447 656 Eadem
476 600 598 656 secreto
621 590 660 654 ab
684 591 754 655 aliis
784 591 921 675 quaerit:
954 592 1074 676 reperit

126 698 195 740 esse
209 699 300 740 vera:
322 678 426 761 ipsum
449 699 518 742 esse
533 675 770 760 Dumnorigem,
794 699 915 740 summa
932 676 1073 757 audacia,

124 783 239 845 magna
273 763 356 847 apud
388 761 514 847 plebem
547 770 674 846 propter
706 760 928 826 liberalitatem
963 762 1073 846 gratia,

127 868 164 908 ou
186 846 273 908 idum
294 869 400 911 rerum
414 868 578 910 novarum.
613 844 798 931 Complures
814 869 912 912 annos
934 846 1075 932 portoria

125 869 308 1016 reliquaque
330 933 434 995 omnia
455 931 659 998 Haeduorum
680 932 848 1015 vectigalia
875 953 974 1016 parvo
1003 951 1074 1016 pre·

49 1057 51 1063 ·
125 1017 165 1080 tio
180 1016 323 1079 redemta
335 1015 464 1098 habere,
486 1027 656 1102 propterea
670 1017 753 1102 quod
767 1015 821 1081 illo
837 1015 950 1080 licente
966 1024 1075 1079 contra

124 1099 212 1164 liceri
227 1101 343 1165 audeat
356 1123 459 1166 nemo.
492 1102 552 1164 His
573 1101 668 1165 rebus
692 1111 723 1164 et
745 1123 834 1164 suam
855 1123 923 1165 rem
944 1099 1074 1164 familia·

124 1208 190 1249 rem
222 1188 348 1250 auxisse
382 1197 413 1251 et
438 1187 606 1251 ,taediatos
640 1187 680 1250 ad
712 1187 909 1272 largiendum
944 1206 1075 1271 magnas

125 1292 340 1357 comparasse3
362 1293 512 1357 magnum
526 1295 690 1336 numerum
707 1273 861 1358 equitatus
877 1295 932 1336 suo
949 1279 1074 1355 sumptu

125 1378 248 1442 semper
262 1356 348 1420 alere
364 1367 394 1422 et
409 1359 525 1421 circum
541 1380 575 1422 se
590 1357 716 1439 habere,
739 1380 843 1442 neque
858 1357 959 1422 solum
980 1355 1074 1438 domi,

126 1441 289 1506 sedetiam
312 1443 395 1526 apud
408 1443 557 1506 finitimas
573 1445 715 1507 civitates
730 1442 858 1526 largiter
896 1463 966 1506 osse
981 1450 1075 1540 atque

124 1526 214 1590 huius
236 1529 398 1675 potentiae
420 1549 516 1591 causa
537 1537 670 1592 matrem
690 1529 724 1591 in
738 1466 934 1613 Biturigibus
956 1526 1076 1592 homim
1193 1542 1202 1567 ⁸

124 1605 186 1675 illio
199 1635 241 1675 no
265 1612 396 1676 ilissimo
419 1635 456 1677 ac
473 1614 689 1698 potentissimo
705 1611 884 1688 collocasse,
908 1615 1012 1697 ipsum
1035 1631 1076 1674 ex

124 1695 278 1798 Helvetiis
300 1720 434 1762 uxorem
455 1697 582 1780 habere,
606 1720 745 1763 sororem
767 1720 808 1760 ex
828 1705 930 1761 matre
953 1704 984 1760 et
1005 1717 1075 1781 pro-

123 1803 256 1930 pqnquas
290 1804 364 1847 suas
396 1793 527 1869 nuptum
555 1785 589 1846 in
616 1783 693 1846 alias
721 1784 863 1848 civitates
893 1781 1075 1846 collocasse.

151 1889 245 1933 avere
267 1878 300 1932 et
321 1890 436 1953 cupere
457 1867 612 1936 Helvetiis
634 1879 763 1954 propter
785 1891 855 1932 eam
883 1867 1076 1948 affinitatem,

22 1985 40 1994 „
125 1952 228 2016 odisse
244 1955 339 2017 etiam
355 1976 411 2018 suo
426 1955 552 2019 nomine
568 1953 739 2019 Gaesarem
755 1964 786 2018 et
799 1954 968 2034 Romanos,
992 1951 1076 2036 quod

125 2059 232 2101 eorum
250 2039 390 2103 adventu
411 2041 551 2125 potentia
572 2042 639 2104 eius
661 2039 829 2121 deminuta,
853 2048 884 2102 et
898 2038 1076 2101 Divitiacus

123 2123 219 2187 frater
238 2125 274 2186 in
296 2127 458 2210 antiquum
480 2125 583 2189 locum
612 2127 731 2210 gratiae
758 2135 852 2210 atque
879 2124 1007 2188 honoris
1037 2123 1077 2184 sit

125 2211 297 2272 restitutus.
337 2209 372 2273 Si
402 2209 477 2295 quid
506 2210 628 2274 accidat
656 2211 823 2292 Romanis,
857 2230 1011 2273 summam
1042 2207 1077 2270 in

124 2314 213 2378 spem
235 2317 293 2379 per
313 2294 478 2359 Helvetios
499 2298 591 2379 regni
611 2295 772 2360 obtinendi
793 2296 919 2376 venire;
942 2293 1075 2378 imperio
1092 2353 1096 2360 ,

123 2378 232 2463 populi
253 2379 388 2444 Romani
416 2403 479 2445 non
501 2381 594 2444 modo
621 2381 660 2444 de
681 2403 794 2464 regno,
829 2380 885 2443 sed
915 2381 1007 2443 etiam
1037 2377 1077 2441 de

19 2473 33 2482 ‘
124 2484 172 2563 ea,
197 2485 291 2549 quam
306 2464 430 2547 habeat,
454 2467 554 2550 gratia
569 2465 745 2550 desperare.
771 2464 961 2550 Reperiebat
983 2466 1078 2527 etiam

123 2571 157 2611 1n
176 2549 357 2635 quaerendo
374 2549 501 2632 Caesar,
526 2551 609 2634 quod
629 2551 783 2636 proelium
800 2558 945 2638 equestre
968 2549 1077 2612 adver·

124 2655 192 2696 sum
215 2635 325 2719 paucis
348 2644 421 2699 ante
444 2635 554 2699 diebus
585 2646 668 2699 esset
696 2636 830 2717 factum,
858 2637 980 2698 initium
1009 2635 1077 2696 eius

123 2718 218 2803 fugae
239 2720 357 2782 factum
372 2720 601 2804 aDumnorige
623 2730 720 2806 atque
732 2722 798 2784 eius
814 2743 832 2784 e
854 2720 969 2784 uitibus
991 2718 1078 2806 (nam

125 2805 291 2888 equitatui,
326 2826 419 2890 quern
453 2804 569 2870 auxilio
600 2805 730 2872 Caesari
758 2744 884 2869 Haedui
916 2807 1076 2887 miserant,

123 2887 306 2953 Dumnorix
320 2886 496 2978 praeeratl:
521 2913 630 2956 eorum
643 2891 719 2977 fuga
732 2891 888 2978 reliquum
905 2913 975 2954 esse
991 2892 1076 2976 equi-

124 2982 224 3038 tatum
246 2977 455 3060 perterritum.

191 3059 240 3123 19.
275 3059 398 3138 Quibus
430 3060 527 3125 rebus
561 3062 710 3146 cognitis,
745 3083 840 3147 quum
873 3061 913 3124 ad
942 3059 999 3123 has
1028 3081 1077 3123 su-

126 3146 284 3229 spiciones
307 3146 500 3210 certissimae
513 3143 573 3210 ¹res
596 3146 792 3229 accederent,
836 3146 900 3210 uod
921 3167 977 3230 per
998 3143 1078 3209 lines

125 3229 344 3315 Sequanorum
359 3230 522 3298 Helvetios
537 3232 736 3314 traduxisset,
759 3170 843 3332 qudd
858 3230 983 3310 obsides
997 3231 1080 3294 inter

126 3338 180 3380 eos
204 3315 326 3380 dandos
350 3325 498 3400 curasset,
521 3316 605 3402 quod
634 3339 673 3381 ea
702 3339 806 3381 omma
832 3337 897 3380 non
918 3315 1011 3381 modo
1033 3317 1078 3380 in·

124 3401 212 3466 iussu
235 3423 292 3466 suo
316 3409 349 3466 et
371 3401 522 3485 civitatis,
556 3402 613 3466 sed
643 3403 738 3466 etiam
766 3401 971 3466 inscientibus
1001 3401 1077 3486 ipsis
