2562 3970
194 245 234 310 16
478 249 539 314 DE
560 249 702 315 BELLO
726 249 857 316 CIVILI

191 415 251 480 bus
275 425 311 481 VI
355 421 485 502 ervenit,
520 422 677 486 veteranis
706 426 741 486 111
770 430 801 485 et
821 419 961 504 reliquis,
994 441 1071 504 quas
1102 442 1142 483 ex

190 524 275 567 novo
298 439 422 569 delectu
444 505 623 571 confecerat
650 516 744 593 atque
766 508 799 570 in
819 507 932 570 itinere
965 503 1141 590 compleve-

190 597 256 669 rat;
284 589 482 654 Domitianas
504 592 588 656 enim
617 591 763 658 cohortes
796 591 938 676 protinus
960 611 980 652 a
1002 588 1140 654 Corfinio

189 674 223 736 in
245 673 384 739 Siciliam
406 678 543 740 miserat.
572 677 702 765 Reperit
731 676 876 742 consules
904 673 1140 762 Dyrrhachium

189 760 348 845 profectos
381 783 453 826 cum
483 784 601 848 magna
631 773 723 850 parte
751 764 916 842 exercitus,
954 760 1140 846 Pompeium

189 866 354 912 remanere
385 845 546 912 Brundisii
578 870 650 914 cum
665 848 850 914 cohortibus
877 847 1004 931 viginti3
1036 868 1141 932 neque

190 939 311 995 certum
332 932 468 996 inveniri
489 942 622 1018 poterat,
646 933 848 998 obtinendine
861 931 1023 996 Brundisii
1044 952 1141 994 causa

189 1017 234 1081 ibi
254 1018 467 1099 remansisset,
491 1041 552 1104 quo
568 1019 695 1104 ¹facilius
710 1042 802 1084 omne
817 1018 1037 1084 Hadriaticum
1051 1037 1140 1080 mare

189 1104 340 1166 extremis
361 1101 471 1167 Italiac
493 1104 638 1190 partibus
660 1104 907 1191 regionibusque
929 1101 1082 1167 Graeciae
1104 1102 1138 1165 in

187 1197 342 1273 potestate
371 1187 503 1254 haberet
531 1200 625 1276 atque
658 1213 699 1254 ex
730 1200 864 1276 utraque
895 1196 987 1274 parte
1018 1185 1139 1250 bellum

188 1275 407 1338 administrare
429 1285 545 1359 posset,
569 1299 609 1340 an
623 1277 731 1362 inopia
745 1278 874 1339 navium
895 1274 940 1338 ibi
961 1273 1137 1353 restitisset,

187 1361 380 1446 veritusque,
416 1381 457 1424 ne
478 1360 533 1426 ille
553 1359 679 1425 Italiam
701 1359 915 1426 dimittendam
939 1380 1002 1422 non
1031 1358 1138 1421 existi·

187 1453 297 1526 maret,
321 1446 423 1510 exitus
446 1446 794 1531 administrationesque
815 1444 998 1509 Brundisini
1026 1453 1137 1529 portus

186 1531 339 1616 impedire
360 1532 501 1596 instituit
525 1531 668 1610 Quorum
691 1554 822 1618 operum
849 1531 928 1594 haec
958 1536 1026 1593 erat
1046 1529 1136 1592 ratio.

188 1617 260 1697 Qua
280 1618 387 1681 fauces
409 1627 501 1681 erant
522 1619 763 1704 angustissimae
784 1627 904 1702 portus,
926 1613 1026 1681 moles
1041 1622 1073 1676 at
1096 1635 1137 1677 ue

186 1717 338 1788 aggerem
360 1703 400 1768 ab
422 1712 555 1788 utraque
576 1713 667 1788 parte
689 1702 790 1767 litoris
812 1700 958 1781 iaciebat,
981 1637 1137 1786 quodlris
1257 1783 1259 1788 Α

186 1786 263 1852 locis
286 1798 353 1854 erat
373 1788 527 1854 vadosum
537 1811 633 1852 mare.
656 1789 798 1874 Longius
820 1807 1016 1876 progressus,
1033 1807 1137 1933 guum

186 1895 285 1960 agger
306 1874 415 1940 altiore
438 1895 522 1960 aqua
543 1877 699 1939 contineri
713 1896 777 1939 non
792 1883 908 1960 posset,
931 1881 1017 1936 rates
1055 1869 1136 1955 upli-

186 1979 239 2022 ces
273 1981 398 2046 quoquo
430 1981 543 2024 versus
575 1959 692 2044 pedum
725 1967 803 2023 XXX
836 1983 854 2024 e
882 1957 1011 2042 regione
1043 1955 1136 2020 molis

186 2043 371 2110 collocabat.
418 2045 486 2109 Has
525 2047 686 2131 quaternis
720 2047 844 2110 ancoris
877 2067 918 2110 ex
941 2039 1136 2125 triangulis

185 2129 373 2212 destinabat,
406 2153 447 2195 ne
469 2130 617 2195 fiuctibus
645 2142 856 2198 moverentur.
893 2129 954 2193 His
985 2125 1135 2212 perlectis

185 2214 409 2303 collocatisque
441 2216 519 2280 alias
552 2216 702 2304 deinceps
723 2218 792 2303 pari
813 2214 1029 2300 magnitudine
1049 2220 1136 2275 rates

183 2301 343 2387 iungebat
365 2302 434 2367 Has
455 2312 541 2367 tena
562 2311 655 2388 atque
677 2325 793 2389 aggere
815 2299 986 2386 integebat,
1008 2317 1049 2360 ne
1070 2296 1136 2360 adi·

183 2396 233 2449 tus
256 2396 349 2474 atque
370 2389 516 2452 incursus
538 2387 580 2451 ad
601 2389 832 2453 defendendum
859 2385 1081 2471 impediretur3
1116 2403 1137 2446 a

183 2472 284 2536 fronte
307 2484 400 2559 atque
423 2473 463 2538 ab
486 2483 620 2561 utroque
651 2474 750 2539 latere
783 2471 921 2538 cratibus
954 2493 990 2535 ac
1018 2467 1136 2554 pluteis

182 2559 385 2645 protegebat;
405 2560 439 2623 in
462 2567 574 2646 quarta
596 2583 719 2647 quaque
742 2581 851 2624 earum
865 2566 967 2621 turres
989 2556 1136 2620 binorum

182 2642 395 2710 tabulatorum
423 2642 591 2725 excitabat,
629 2669 690 2731 quo
724 2643 917 2711 commodius
946 2641 987 2705 ab
1014 2641 1135 2725 impetu

90 2751 93 2758 ’
182 2729 310 2795 navium
331 2731 548 2816 incendiisque
571 2731 764 2806 defenderet.

245 2816 295 2879 26.
320 2816 438 2880 Oontra
459 2816 538 2881 haec
559 2816 728 2902 Pompeius
749 2837 848 2881 naves
870 2837 923 2879 ma
944 2835 1003 2878 nas
1024 2833 1135 2876 onera-

181 2901 253 2983 rias,
277 2923 354 2988 quas
376 2903 409 2966 in
430 2911 523 2988 portu
543 2901 734 2968 Brundisino
757 2903 797 2967 de
819 2838 1016 2980 rehende'rat
1040 2895 1133 2961 ador-

180 2984 286 3051 nabat.
319 2986 369 3050 Ibi
390 2996 492 3052 trures
514 3010 586 3052 crun
607 2989 705 3052 ternis
726 2987 780 3052 tab
816 2988 875 3051 atis
898 2983 1042 3071 erigebat
1064 3003 1133 3045 eas-

182 3091 242 3156 que
263 3071 370 3136 multis
391 3075 553 3138 tormentis
580 3083 612 3138 et
638 3078 723 3140 omni
772 3095 866 3138 enere
894 3071 1028 3136 telorum
1049 3090 1134 3133 com-

180 3155 281 3240 pletas
303 3157 345 3221 ad
366 3179 462 3244 opera
491 3158 639 3224 Caesaris
652 3196 654 3201 ·
669 3098 860 3246 appellebat,
893 3168 928 3221 ut
952 3166 1037 3220 rates
1059 3175 1133 3239 per·

179 3252 339 3326 rumperet
360 3252 454 3331 atque
470 3266 566 3329 opera
581 3245 782 3312 distnbaret.
805 3244 859 3309 Sic
871 3241 1008 3329 quotidie
1023 3240 1132 3304 utrim-

181 3346 241 3408 que
264 3329 386 3393 eminus
408 3330 523 3411 frmdis,
554 3332 677 3416 sagittis
699 3331 895 3418 reliquisque
916 3327 987 3392 telis
1009 3349 1131 3412 pugna·

178 3410 281 3474 batur.
318 3413 423 3500 Atque
444 3414 523 3479 haec
539 3408 657 3481 Caesar
671 3419 715 3480 ita
730 3411 980 3496 administrabat,
1004 3422 1039 3477 ut
1056 3433 1130 3477 con-

181 3494 313 3560 ditiones
334 3499 421 3583 pacis
444 3499 644 3567 dimittendas
666 3499 732 3568 non
752 3502 962 3581 existimaret3
990 3520 1027 3562 ac
1051 3507 1130 3563 tam-
