<?xml version="1.0" encoding="UTF-8"?>
<!DOCTYPE html PUBLIC "-//W3C//DTD XHTML 1.0 Transitional//EN"
    "http://www.w3.org/TR/xhtml1/DTD/xhtml1-transitional.dtd">
<html xmlns="http://www.w3.org/1999/xhtml" xml:lang="en" lang="en">
 <head>
  <title>
</title>
<meta http-equiv="Content-Type" content="text/html;charset=utf-8" />
  <meta name='ocr-system' content='tesseract 3.04.00' />
  <meta name='ocr-capabilities' content='ocr_page ocr_carea ocr_par ocr_line ocrx_word'/>
</head>
<body>
  <div class='ocr_page' id='page_1' title='image "./ciuliicaesarisc01hirtgoog_0459.png"; bbox 0 0 2538 3978; ppageno 0'>
   <div class='ocr_carea' id='block_1_1' title="bbox 174 167 845 234">
    <p class='ocr_par' dir='ltr' id='par_1_1' title="bbox 174 167 845 234">
     <span class='ocr_line' id='line_1_1' title="bbox 174 167 845 234; baseline 0.004 -2"><span class='ocrx_word' id='word_1_1' title='bbox 174 168 236 232; x_wconf 81' lang='lat'><strong>112</strong></span> <span class='ocrx_word' id='word_1_2' title='bbox 462 167 523 232; x_wconf 83' lang='lat' dir='ltr'><strong>DE</strong></span> <span class='ocrx_word' id='word_1_3' title='bbox 544 168 688 234; x_wconf 80' lang='lat' dir='ltr'>BELLO</span> <span class='ocrx_word' id='word_1_4' title='bbox 711 167 845 234; x_wconf 82' lang='lat' dir='ltr'>OIVILI</span> 
     </span>
    </p>
   </div>
   <div class='ocr_carea' id='block_1_2' title="bbox 171 337 1250 1431">
    <p class='ocr_par' dir='ltr' id='par_1_2' title="bbox 171 337 1250 1431">
     <span class='ocr_line' id='line_1_2' title="bbox 174 337 1151 426; baseline 0.002 -22"><span class='ocrx_word' id='word_1_5' title='bbox 174 349 307 425; x_wconf 80' lang='lat' dir='ltr'><strong>paverat</strong></span> <span class='ocrx_word' id='word_1_6' title='bbox 328 349 368 420; x_wconf 87' lang='lat' dir='ltr'><strong>et,</strong></span> <span class='ocrx_word' id='word_1_7' title='bbox 392 340 477 426; x_wconf 90' lang='lat' dir='ltr'><strong>quod</strong></span> <span class='ocrx_word' id='word_1_8' title='bbox 499 363 537 406; x_wconf 90' lang='lat' dir='ltr'><strong>eo</strong></span> <span class='ocrx_word' id='word_1_9' title='bbox 565 339 635 406; x_wconf 90' lang='lat' dir='ltr'><strong>loco</strong></span> <span class='ocrx_word' id='word_1_10' title='bbox 678 339 764 404; x_wconf 86' lang='lat' dir='ltr'><strong>lures</strong></span> <span class='ocrx_word' id='word_1_11' title='bbox 794 347 862 402; x_wconf 89' lang='lat' dir='ltr'><strong>erat</strong></span> <span class='ocrx_word' id='word_1_12' title='bbox 883 338 913 404; x_wconf 95' lang='lat' dir='ltr'><strong>le</strong></span> <span class='ocrx_word' id='word_1_13' title='bbox 937 339 1023 404; x_wconf 83' lang='lat' dir='ltr'><strong>&#39;ones</strong></span> <span class='ocrx_word' id='word_1_14' title='bbox 1045 337 1151 406; x_wconf 64' lang='lat' dir='ltr'><strong>habi.</strong></span> 
     </span>
     <span class='ocr_line' id='line_1_3' title="bbox 174 362 1140 506; baseline -0.001 -17"><span class='ocrx_word' id='word_1_15' title='bbox 174 435 272 506; x_wconf 85' lang='lat' dir='ltr'><strong>turus,</strong></span> <span class='ocrx_word' id='word_1_16' title='bbox 294 425 405 490; x_wconf 90' lang='lat' dir='ltr'><strong>relicto</strong></span> <span class='ocrx_word' id='word_1_17' title='bbox 426 427 577 491; x_wconf 89' lang='lat' dir='ltr'><strong>interiore</strong></span> <span class='ocrx_word' id='word_1_18' title='bbox 605 363 691 490; x_wconf 83' lang='lat' dir='ltr'><strong>vallo</strong></span> <span class='ocrx_word' id='word_1_19' title='bbox 713 426 865 488; x_wconf 89' lang='lat' dir='ltr'><strong>maiorem</strong></span> <span class='ocrx_word' id='word_1_20' title='bbox 887 362 1046 488; x_wconf 53' lang='lat' dir='ltr'><strong>affecerat</strong></span> <span class='ocrx_word' id='word_1_21' title='bbox 1066 447 1140 488; x_wconf 91' lang='lat' dir='ltr'><strong>mu-</strong></span> 
     </span>
     <span class='ocr_line' id='line_1_4' title="bbox 174 509 1139 582; baseline -0.002 -6"><span class='ocrx_word' id='word_1_22' title='bbox 174 512 334 576; x_wconf 90' lang='lat' dir='ltr'><strong>nitionem.</strong></span> <span class='ocrx_word' id='word_1_23' title='bbox 366 511 417 582; x_wconf 86' lang='lat' dir='ltr'><strong>Ita</strong></span> <span class='ocrx_word' id='word_1_24' title='bbox 445 514 569 576; x_wconf 88' lang='lat' dir='ltr'><strong>minora</strong></span> <span class='ocrx_word' id='word_1_25' title='bbox 598 522 704 574; x_wconf 92' lang='lat' dir='ltr'><strong>castra</strong></span> <span class='ocrx_word' id='word_1_26' title='bbox 733 509 855 574; x_wconf 85' lang='lat' dir='ltr'><strong>inclusa</strong></span> <span class='ocrx_word' id='word_1_27' title='bbox 887 509 1059 574; x_wconf 86' lang='lat' dir='ltr'><strong>maioribus</strong></span> <span class='ocrx_word' id='word_1_28' title='bbox 1083 531 1139 574; x_wconf 89' lang='lat' dir='ltr'><strong>ca·</strong></span> 
     </span>
     <span class='ocr_line' id='line_1_5' title="bbox 174 594 1139 683; baseline 0 -23"><span class='ocrx_word' id='word_1_29' title='bbox 174 596 258 660; x_wconf 88' lang='lat' dir='ltr'><strong>stelli</strong></span> <span class='ocrx_word' id='word_1_30' title='bbox 280 607 374 683; x_wconf 88' lang='lat' dir='ltr'><strong>atque</strong></span> <span class='ocrx_word' id='word_1_31' title='bbox 396 598 480 660; x_wconf 88' lang='lat' dir='ltr'><strong>arcis</strong></span> <span class='ocrx_word' id='word_1_32' title='bbox 502 597 605 662; x_wconf 90' lang='lat' dir='ltr'><strong>locum</strong></span> <span class='ocrx_word' id='word_1_33' title='bbox 636 596 828 660; x_wconf 86' lang='lat' dir='ltr'><strong>obtinebant.</strong></span> <span class='ocrx_word' id='word_1_34' title='bbox 852 596 932 660; x_wconf 88' lang='lat' dir='ltr'><strong>Item</strong></span> <span class='ocrx_word' id='word_1_35' title='bbox 954 595 994 658; x_wconf 89' lang='lat' dir='ltr'><strong>ab</strong></span> <span class='ocrx_word' id='word_1_36' title='bbox 1017 594 1139 678; x_wconf 87' lang='lat' dir='ltr'><strong>angulo</strong></span> 
     </span>
     <span class='ocr_line' id='line_1_6' title="bbox 174 679 1139 766; baseline -0.004 -20"><span class='ocrx_word' id='word_1_37' title='bbox 174 691 350 747; x_wconf 88' lang='lat' dir='ltr'><strong>castromm</strong></span> <span class='ocrx_word' id='word_1_38' title='bbox 373 683 499 747; x_wconf 88' lang='lat' dir='ltr'><strong>sinistro</strong></span> <span class='ocrx_word' id='word_1_39' title='bbox 515 684 722 748; x_wconf 90' lang='lat' dir='ltr'><strong>munitionem</strong></span> <span class='ocrx_word' id='word_1_40' title='bbox 737 682 779 744; x_wconf 90' lang='lat' dir='ltr'><strong>ad</strong></span> <span class='ocrx_word' id='word_1_41' title='bbox 800 681 918 746; x_wconf 88' lang='lat' dir='ltr'><strong>flumen</strong></span> <span class='ocrx_word' id='word_1_42' title='bbox 940 679 1139 766; x_wconf 88' lang='lat' dir='ltr'><strong>perduxerat</strong></span> 
     </span>
     <span class='ocr_line' id='line_1_7' title="bbox 173 763 1136 854; baseline -0.003 -23"><span class='ocrx_word' id='word_1_43' title='bbox 173 768 299 832; x_wconf 80' lang='lat' dir='ltr'><strong>circiter</strong></span> <span class='ocrx_word' id='word_1_44' title='bbox 319 790 430 853; x_wconf 85' lang='lat' dir='ltr'><strong>passus</strong></span> <span class='ocrx_word' id='word_1_45' title='bbox 454 774 550 852; x_wconf 82' lang='lat' dir='ltr'>CCCC;</span> <span class='ocrx_word' id='word_1_46' title='bbox 574 791 636 854; x_wconf 91' lang='lat' dir='ltr'><strong>quo</strong></span> <span class='ocrx_word' id='word_1_47' title='bbox 659 767 789 832; x_wconf 89' lang='lat' dir='ltr'><strong>liberius</strong></span> <span class='ocrx_word' id='word_1_48' title='bbox 812 790 832 830; x_wconf 85' lang='lat' dir='ltr'><strong>a</strong></span> <span class='ocrx_word' id='word_1_49' title='bbox 852 763 994 852; x_wconf 89' lang='lat' dir='ltr'><strong>periculo</strong></span> <span class='ocrx_word' id='word_1_50' title='bbox 1016 763 1136 828; x_wconf 86' lang='lat' dir='ltr'><strong>milites</strong></span> 
     </span>
     <span class='ocr_line' id='line_1_8' title="bbox 173 850 1137 940; baseline -0.002 -24"><span class='ocrx_word' id='word_1_51' title='bbox 173 864 377 939; x_wconf 88' lang='lat' dir='ltr'><strong>aquarentur.</strong></span> <span class='ocrx_word' id='word_1_52' title='bbox 411 853 476 918; x_wconf 85' lang='lat' dir='ltr'><strong>Sed</strong></span> <span class='ocrx_word' id='word_1_53' title='bbox 504 855 531 917; x_wconf 92' lang='lat' dir='ltr'><strong>is</strong></span> <span class='ocrx_word' id='word_1_54' title='bbox 559 876 684 940; x_wconf 91' lang='lat' dir='ltr'><strong>quoque</strong></span> <span class='ocrx_word' id='word_1_55' title='bbox 711 863 830 916; x_wconf 84' lang='lat' dir='ltr'><strong>mutato</strong></span> <span class='ocrx_word' id='word_1_56' title='bbox 853 851 984 916; x_wconf 83' lang='lat' dir='ltr'><strong>consilio</strong></span> <span class='ocrx_word' id='word_1_57' title='bbox 1006 850 1137 938; x_wconf 90' lang='lat' dir='ltr'><strong>quibus-</strong></span> 
     </span>
     <span class='ocr_line' id='line_1_9' title="bbox 173 937 1137 1026; baseline -0.003 -24"><span class='ocrx_word' id='word_1_58' title='bbox 173 937 244 1002; x_wconf 86' lang='lat' dir='ltr'><strong>dam</strong></span> <span class='ocrx_word' id='word_1_59' title='bbox 269 937 308 1004; x_wconf 91' lang='lat' dir='ltr'><strong>de</strong></span> <span class='ocrx_word' id='word_1_60' title='bbox 331 941 445 1021; x_wconf 86' lang='lat' dir='ltr'><strong>causis,</strong></span> <span class='ocrx_word' id='word_1_61' title='bbox 468 961 547 1026; x_wconf 89' lang='lat' dir='ltr'><strong>quas</strong></span> <span class='ocrx_word' id='word_1_62' title='bbox 575 939 815 1003; x_wconf 88' lang='lat' dir='ltr'><strong>commemorari</strong></span> <span class='ocrx_word' id='word_1_63' title='bbox 835 960 968 1002; x_wconf 90' lang='lat' dir='ltr'><strong>necesse</strong></span> <span class='ocrx_word' id='word_1_64' title='bbox 989 959 1053 1000; x_wconf 91' lang='lat' dir='ltr'><strong>non</strong></span> <span class='ocrx_word' id='word_1_65' title='bbox 1076 948 1137 1017; x_wconf 87' lang='lat' dir='ltr'><strong>est,</strong></span> 
     </span>
     <span class='ocr_line' id='line_1_10' title="bbox 173 1023 1139 1110; baseline -0.004 -22"><span class='ocrx_word' id='word_1_66' title='bbox 173 1045 211 1088; x_wconf 88' lang='lat' dir='ltr'><strong>eo</strong></span> <span class='ocrx_word' id='word_1_67' title='bbox 240 1023 310 1089; x_wconf 88' lang='lat' dir='ltr'><strong>loeo</strong></span> <span class='ocrx_word' id='word_1_68' title='bbox 339 1035 530 1099; x_wconf 75' lang='lat' dir='ltr'><strong>excesserat</strong></span> <span class='ocrx_word' id='word_1_69' title='bbox 570 1024 621 1088; x_wconf 90' lang='lat' dir='ltr'><strong>Ita</strong></span> <span class='ocrx_word' id='word_1_70' title='bbox 642 1023 820 1110; x_wconf 86' lang='lat' dir='ltr'><strong>complures</strong></span> <span class='ocrx_word' id='word_1_71' title='bbox 853 1023 920 1086; x_wconf 84' lang='lat' dir='ltr'><strong>dies</strong></span> <span class='ocrx_word' id='word_1_72' title='bbox 952 1031 1139 1086; x_wconf 79' lang='lat' dir='ltr'><strong>manserant</strong></span> 
     </span>
     <span class='ocr_line' id='line_1_11' title="bbox 173 1110 1069 1197; baseline -0.002 -25"><span class='ocrx_word' id='word_1_73' title='bbox 173 1119 292 1190; x_wconf 80' lang='lat' dir='ltr'><strong>castra3</strong></span> <span class='ocrx_word' id='word_1_74' title='bbox 314 1111 502 1173; x_wconf 88' lang='lat' dir='ltr'><strong>munitiones</strong></span> <span class='ocrx_word' id='word_1_75' title='bbox 525 1110 652 1197; x_wconf 88' lang='lat' dir='ltr'><strong>quidem</strong></span> <span class='ocrx_word' id='word_1_76' title='bbox 674 1130 783 1174; x_wconf 89' lang='lat' dir='ltr'><strong>omnes</strong></span> <span class='ocrx_word' id='word_1_77' title='bbox 805 1111 947 1194; x_wconf 86' lang='lat' dir='ltr'><strong>integrae</strong></span> <span class='ocrx_word' id='word_1_78' title='bbox 969 1117 1069 1170; x_wconf 87' lang='lat' dir='ltr'><strong>erant.</strong></span> 
     </span>
     <span class='ocr_line' id='line_1_12' title="bbox 236 1192 1137 1282; baseline -0.002 -24"><span class='ocrx_word' id='word_1_79' title='bbox 236 1194 358 1260; x_wconf 83' lang='grc' dir='ltr'><strong>67.Εο</strong></span> <span class='ocrx_word' id='word_1_80' title='bbox 381 1197 471 1280; x_wconf 88' lang='lat' dir='ltr'><strong>signo</strong></span> <span class='ocrx_word' id='word_1_81' title='bbox 493 1196 626 1282; x_wconf 84' lang='lat' dir='ltr'><strong>legionis</strong></span> <span class='ocrx_word' id='word_1_82' title='bbox 653 1195 740 1258; x_wconf 88' lang='lat' dir='ltr'><strong>illato</strong></span> <span class='ocrx_word' id='word_1_83' title='bbox 763 1193 978 1281; x_wconf 81' lang='lat' dir='ltr'><strong>speculatores</strong></span> <span class='ocrx_word' id='word_1_84' title='bbox 1002 1192 1137 1257; x_wconf 83' lang='lat' dir='ltr'><strong>Caesari</strong></span> 
     </span>
     <span class='ocr_line' id='line_1_13' title="bbox 171 1279 1250 1364; baseline -0.003 -21"><span class='ocrx_word' id='word_1_85' title='bbox 171 1283 399 1344; x_wconf 85' lang='lat' dir='ltr'><strong>renuntiarunt</strong></span> <span class='ocrx_word' id='word_1_86' title='bbox 422 1281 493 1345; x_wconf 90' lang='lat' dir='ltr'><strong>Hoc</strong></span> <span class='ocrx_word' id='word_1_87' title='bbox 521 1281 607 1346; x_wconf 91' lang='lat' dir='ltr'><strong>idem</strong></span> <span class='ocrx_word' id='word_1_88' title='bbox 633 1282 738 1345; x_wconf 88' lang='lat' dir='ltr'><strong>visum</strong></span> <span class='ocrx_word' id='word_1_89' title='bbox 765 1303 806 1344; x_wconf 86' lang='lat' dir='ltr'><strong>ex</strong></span> <span class='ocrx_word' id='word_1_90' title='bbox 828 1303 865 1344; x_wconf 92' lang='lat' dir='ltr'><strong>su</strong></span> <span class='ocrx_word' id='word_1_91' title='bbox 889 1279 1043 1344; x_wconf 90' lang='lat' dir='ltr'><strong>erioribus</strong></span> <span class='ocrx_word' id='word_1_92' title='bbox 1066 1281 1135 1364; x_wconf 92' lang='lat' dir='ltr'><strong>qui·</strong></span> <span class='ocrx_word' id='word_1_93' title='bbox 1249 1285 1250 1296; x_wconf 58' lang='lat'>³</span> 
     </span>
     <span class='ocr_line' id='line_1_14' title="bbox 172 1303 1136 1431; baseline -0.004 -1"><span class='ocrx_word' id='word_1_94' title='bbox 172 1364 308 1430; x_wconf 88' lang='lat' dir='ltr'><strong>busdam</strong></span> <span class='ocrx_word' id='word_1_95' title='bbox 335 1365 474 1431; x_wconf 82' lang='lat' dir='ltr'><strong>castellis</strong></span> <span class='ocrx_word' id='word_1_96' title='bbox 504 1366 779 1430; x_wconf 81' lang='lat' dir='ltr'><strong>confirmaverrmt.</strong></span> <span class='ocrx_word' id='word_1_97' title='bbox 811 1365 844 1430; x_wconf 82' lang='lat' dir='ltr'><strong>is</strong></span> <span class='ocrx_word' id='word_1_98' title='bbox 865 1303 960 1430; x_wconf 80' lang='lat' dir='ltr'><strong>locus</strong></span> <span class='ocrx_word' id='word_1_99' title='bbox 982 1364 1092 1428; x_wconf 86' lang='lat' dir='ltr'><strong>aberat</strong></span> <span class='ocrx_word' id='word_1_100' title='bbox 1115 1386 1136 1426; x_wconf 91' lang='lat' dir='ltr'><strong>a</strong></span> 
     </span>
    </p>
   </div>
   <div class='ocr_carea' id='block_1_3' title="bbox 86 1451 1134 1879">
    <p class='ocr_par' dir='ltr' id='par_1_3' title="bbox 86 1451 1134 1879">
     <span class='ocr_line' id='line_1_15' title="bbox 86 1451 1133 1538; baseline -0.001 -25"><span class='ocrx_word' id='word_1_101' title='bbox 86 1475 88 1478; x_wconf 92' lang='lat'>·</span> <span class='ocrx_word' id='word_1_102' title='bbox 173 1451 264 1514; x_wconf 90' lang='lat' dir='ltr'><strong>novis</strong></span> <span class='ocrx_word' id='word_1_103' title='bbox 300 1451 433 1537; x_wconf 89' lang='lat' dir='ltr'><strong>Pompei</strong></span> <span class='ocrx_word' id='word_1_104' title='bbox 468 1454 580 1516; x_wconf 83' lang='lat' dir='ltr'><strong>castris</strong></span> <span class='ocrx_word' id='word_1_105' title='bbox 618 1453 741 1517; x_wconf 88' lang='lat' dir='ltr'><strong>circiter</strong></span> <span class='ocrx_word' id='word_1_106' title='bbox 782 1473 894 1538; x_wconf 86' lang='lat' dir='ltr'><strong>passus</strong></span> <span class='ocrx_word' id='word_1_107' title='bbox 934 1451 1133 1536; x_wconf 89' lang='lat' dir='ltr'><strong>quingentos.</strong></span> 
     </span>
     <span class='ocr_line' id='line_1_16' title="bbox 171 1535 1133 1622; baseline -0.001 -23"><span class='ocrx_word' id='word_1_108' title='bbox 171 1535 265 1600; x_wconf 86' lang='lat' dir='ltr'><strong>Hanc</strong></span> <span class='ocrx_word' id='word_1_109' title='bbox 286 1536 444 1622; x_wconf 86' lang='lat' dir='ltr'><strong>legionem</strong></span> <span class='ocrx_word' id='word_1_110' title='bbox 473 1559 603 1602; x_wconf 83' lang='lat' dir='ltr'><strong>serane</strong></span> <span class='ocrx_word' id='word_1_111' title='bbox 632 1537 750 1602; x_wconf 77' lang='lat' dir='ltr'><strong>Caesar</strong></span> <span class='ocrx_word' id='word_1_112' title='bbox 777 1559 811 1600; x_wconf 87' lang='lat' dir='ltr'><strong>se</strong></span> <span class='ocrx_word' id='word_1_113' title='bbox 839 1537 1016 1622; x_wconf 90' lang='lat' dir='ltr'><strong>opprimere</strong></span> <span class='ocrx_word' id='word_1_114' title='bbox 1038 1557 1133 1621; x_wconf 92' lang='lat' dir='ltr'><strong>posse</strong></span> 
     </span>
     <span class='ocr_line' id='line_1_17' title="bbox 171 1619 1134 1708; baseline -0.003 -22"><span class='ocrx_word' id='word_1_115' title='bbox 171 1631 204 1686; x_wconf 92' lang='lat' dir='ltr'><strong>et</strong></span> <span class='ocrx_word' id='word_1_116' title='bbox 226 1625 356 1708; x_wconf 87' lang='lat' dir='ltr'><strong>cupiens</strong></span> <span class='ocrx_word' id='word_1_117' title='bbox 378 1624 446 1688; x_wconf 91' lang='lat' dir='ltr'><strong>eius</strong></span> <span class='ocrx_word' id='word_1_118' title='bbox 495 1624 539 1690; x_wconf 93' lang='lat' dir='ltr'><strong>iei</strong></span> <span class='ocrx_word' id='word_1_119' title='bbox 566 1623 788 1688; x_wconf 89' lang='lat' dir='ltr'><strong>detrimentum</strong></span> <span class='ocrx_word' id='word_1_120' title='bbox 811 1625 929 1686; x_wconf 88' lang='lat' dir='ltr'><strong>sarcire</strong></span> <span class='ocrx_word' id='word_1_121' title='bbox 951 1619 1078 1708; x_wconf 90' lang='lat' dir='ltr'><strong>reliquit</strong></span> <span class='ocrx_word' id='word_1_122' title='bbox 1098 1621 1134 1684; x_wconf 90' lang='lat' dir='ltr'><strong>in</strong></span> 
     </span>
     <span class='ocr_line' id='line_1_18' title="bbox 171 1708 1132 1794; baseline -0.002 -22"><span class='ocrx_word' id='word_1_123' title='bbox 171 1730 268 1794; x_wconf 89' lang='lat' dir='ltr'><strong>opere</strong></span> <span class='ocrx_word' id='word_1_124' title='bbox 292 1708 435 1774; x_wconf 85' lang='lat' dir='ltr'><strong>cohortes</strong></span> <span class='ocrx_word' id='word_1_125' title='bbox 458 1709 546 1790; x_wconf 87' lang='lat' dir='ltr'><strong>duas,</strong></span> <span class='ocrx_word' id='word_1_126' title='bbox 570 1731 651 1794; x_wconf 87' lang='lat' dir='ltr'><strong>quae</strong></span> <span class='ocrx_word' id='word_1_127' title='bbox 678 1710 817 1794; x_wconf 91' lang='lat' dir='ltr'><strong>speciem</strong></span> <span class='ocrx_word' id='word_1_128' title='bbox 838 1709 1020 1772; x_wconf 88' lang='lat' dir='ltr'><strong>munitionis</strong></span> <span class='ocrx_word' id='word_1_129' title='bbox 1042 1728 1132 1792; x_wconf 88' lang='lat' dir='ltr'><strong>prae·</strong></span> 
     </span>
     <span class='ocr_line' id='line_1_19' title="bbox 172 1792 1132 1879; baseline -0.002 -21"><span class='ocrx_word' id='word_1_130' title='bbox 172 1792 299 1878; x_wconf 84' lang='lat' dir='ltr'><strong>berent;</strong></span> <span class='ocrx_word' id='word_1_131' title='bbox 321 1798 390 1879; x_wconf 89' lang='lat' dir='ltr'><strong>ipse</strong></span> <span class='ocrx_word' id='word_1_132' title='bbox 413 1794 539 1860; x_wconf 78' lang='lat' dir='ltr'><strong>diverso</strong></span> <span class='ocrx_word' id='word_1_133' title='bbox 555 1795 667 1858; x_wconf 88' lang='lat' dir='ltr'><strong>itinero</strong></span> <span class='ocrx_word' id='word_1_134' title='bbox 690 1817 783 1879; x_wconf 84' lang='lat' dir='ltr'><strong>quam</strong></span> <span class='ocrx_word' id='word_1_135' title='bbox 799 1795 900 1879; x_wconf 90' lang='lat' dir='ltr'><strong>potuit</strong></span> <span class='ocrx_word' id='word_1_136' title='bbox 921 1792 1132 1858; x_wconf 90' lang='lat' dir='ltr'><strong>occultissime</strong></span> 
     </span>
    </p>
   </div>
   <div class='ocr_carea' id='block_1_4' title="bbox 109 1878 1134 3165">
    <p class='ocr_par' dir='ltr' id='par_1_4' title="bbox 109 1878 1134 2800">
     <span class='ocr_line' id='line_1_20' title="bbox 172 1878 1134 1966; baseline -0.003 -23"><span class='ocrx_word' id='word_1_137' title='bbox 172 1879 310 1966; x_wconf 86' lang='lat' dir='ltr'><strong>reliquas</strong></span> <span class='ocrx_word' id='word_1_138' title='bbox 343 1880 498 1960; x_wconf 85' lang='lat' dir='ltr'><strong>cohortes,</strong></span> <span class='ocrx_word' id='word_1_139' title='bbox 531 1903 663 1944; x_wconf 90' lang='lat' dir='ltr'><strong>numero</strong></span> <span class='ocrx_word' id='word_1_140' title='bbox 692 1886 818 1961; x_wconf 83' lang='lat' dir='ltr'><strong>xxxm,</strong></span> <span class='ocrx_word' id='word_1_141' title='bbox 850 1880 882 1942; x_wconf 89' lang='lat' dir='ltr'><strong>in</strong></span> <span class='ocrx_word' id='word_1_142' title='bbox 918 1878 1031 1965; x_wconf 90' lang='lat' dir='ltr'><strong>quibus</strong></span> <span class='ocrx_word' id='word_1_143' title='bbox 1065 1888 1134 1942; x_wconf 88' lang='lat' dir='ltr'><strong>erat</strong></span> 
     </span>
     <span class='ocr_line' id='line_1_21' title="bbox 171 1963 1131 2049; baseline -0.002 -21"><span class='ocrx_word' id='word_1_144' title='bbox 171 1963 255 2049; x_wconf 85' lang='lat' dir='ltr'><strong>legio</strong></span> <span class='ocrx_word' id='word_1_145' title='bbox 277 1987 363 2030; x_wconf 92' lang='lat' dir='ltr'><strong>nona</strong></span> <span class='ocrx_word' id='word_1_146' title='bbox 383 1965 490 2030; x_wconf 90' lang='lat' dir='ltr'><strong>multis</strong></span> <span class='ocrx_word' id='word_1_147' title='bbox 513 1967 638 2028; x_wconf 88' lang='lat' dir='ltr'><strong>amissis</strong></span> <span class='ocrx_word' id='word_1_148' title='bbox 654 1965 891 2032; x_wconf 86' lang='lat' dir='ltr'><strong>centurionibus</strong></span> <span class='ocrx_word' id='word_1_149' title='bbox 907 1965 1131 2048; x_wconf 87' lang='lat' dir='ltr'><strong>deminutoque</strong></span> 
     </span>
     <span class='ocr_line' id='line_1_22' title="bbox 170 2049 1132 2136; baseline -0.002 -22"><span class='ocrx_word' id='word_1_150' title='bbox 170 2050 303 2114; x_wconf 89' lang='lat' dir='ltr'><strong>militum</strong></span> <span class='ocrx_word' id='word_1_151' title='bbox 326 2073 467 2133; x_wconf 87' lang='lat' dir='ltr'><strong>numero,</strong></span> <span class='ocrx_word' id='word_1_152' title='bbox 491 2050 532 2114; x_wconf 87' lang='lat' dir='ltr'><strong>ad</strong></span> <span class='ocrx_word' id='word_1_153' title='bbox 553 2050 710 2136; x_wconf 86' lang='lat' dir='ltr'><strong>legionem</strong></span> <span class='ocrx_word' id='word_1_154' title='bbox 733 2051 866 2136; x_wconf 90' lang='lat' dir='ltr'><strong>Pompei</strong></span> <span class='ocrx_word' id='word_1_155' title='bbox 888 2059 1054 2136; x_wconf 88' lang='lat' dir='ltr'><strong>castraque</strong></span> <span class='ocrx_word' id='word_1_156' title='bbox 1076 2049 1132 2112; x_wconf 90' lang='lat' dir='ltr'><strong>mi·</strong></span> 
     </span>
     <span class='ocr_line' id='line_1_23' title="bbox 170 2135 1132 2222; baseline 0 -24"><span class='ocrx_word' id='word_1_157' title='bbox 170 2158 249 2200; x_wconf 90' lang='lat' dir='ltr'><strong>nora</strong></span> <span class='ocrx_word' id='word_1_158' title='bbox 277 2135 321 2200; x_wconf 92' lang='lat' dir='ltr'><strong>du</strong></span> <span class='ocrx_word' id='word_1_159' title='bbox 343 2135 397 2200; x_wconf 87' lang='lat' dir='ltr'><strong>lici</strong></span> <span class='ocrx_word' id='word_1_160' title='bbox 426 2139 494 2202; x_wconf 91' lang='lat' dir='ltr'><strong>acie</strong></span> <span class='ocrx_word' id='word_1_161' title='bbox 525 2136 643 2201; x_wconf 85' lang='lat' dir='ltr'><strong>eduxit.</strong></span> <span class='ocrx_word' id='word_1_162' title='bbox 673 2137 784 2222; x_wconf 89' lang='lat' dir='ltr'><strong>Neque</strong></span> <span class='ocrx_word' id='word_1_163' title='bbox 808 2159 879 2200; x_wconf 88' lang='lat' dir='ltr'><strong>eum</strong></span> <span class='ocrx_word' id='word_1_164' title='bbox 900 2137 1006 2221; x_wconf 85' lang='lat' dir='ltr'><strong>prima</strong></span> <span class='ocrx_word' id='word_1_165' title='bbox 1027 2135 1132 2220; x_wconf 87' lang='lat' dir='ltr'><strong>opinio</strong></span> 
     </span>
     <span class='ocr_line' id='line_1_24' title="bbox 171 2159 1133 2307; baseline -0.001 -23"><span class='ocrx_word' id='word_1_166' title='bbox 171 2220 292 2286; x_wconf 85' lang='lat' dir='ltr'><strong>fefellit.</strong></span> <span class='ocrx_word' id='word_1_167' title='bbox 314 2159 396 2286; x_wconf 66' lang='lat' dir='ltr'><strong>liam</strong></span> <span class='ocrx_word' id='word_1_168' title='bbox 419 2232 450 2288; x_wconf 89' lang='lat' dir='ltr'><strong>et</strong></span> <span class='ocrx_word' id='word_1_169' title='bbox 471 2225 618 2306; x_wconf 85' lang='lat' dir='ltr'><strong>pervenit</strong></span> <span class='ocrx_word' id='word_1_170' title='bbox 631 2227 729 2307; x_wconf 90' lang='lat' dir='ltr'><strong>prius,</strong></span> <span class='ocrx_word' id='word_1_171' title='bbox 754 2245 848 2307; x_wconf 89' lang='lat' dir='ltr'><strong>quam</strong></span> <span class='ocrx_word' id='word_1_172' title='bbox 870 2221 1041 2306; x_wconf 88' lang='lat' dir='ltr'><strong>Pompeius</strong></span> <span class='ocrx_word' id='word_1_173' title='bbox 1063 2243 1133 2284; x_wconf 90' lang='lat' dir='ltr'><strong>sen-</strong></span> 
     </span>
     <span class='ocr_line' id='line_1_25' title="bbox 169 2307 1132 2392; baseline 0 -22"><span class='ocrx_word' id='word_1_174' title='bbox 169 2307 229 2370; x_wconf 88' lang='lat' dir='ltr'><strong>tire</strong></span> <span class='ocrx_word' id='word_1_175' title='bbox 258 2317 382 2392; x_wconf 62' lang='lat' dir='ltr'><strong>posset,⁸</strong></span> <span class='ocrx_word' id='word_1_176' title='bbox 404 2319 435 2372; x_wconf 88' lang='lat' dir='ltr'><strong>et</strong></span> <span class='ocrx_word' id='word_1_177' title='bbox 461 2309 587 2371; x_wconf 87' lang='lat' dir='ltr'><strong>tametsi</strong></span> <span class='ocrx_word' id='word_1_178' title='bbox 615 2318 707 2372; x_wconf 87' lang='lat' dir='ltr'><strong>erant</strong></span> <span class='ocrx_word' id='word_1_179' title='bbox 735 2309 925 2372; x_wconf 89' lang='lat' dir='ltr'><strong>munitiones</strong></span> <span class='ocrx_word' id='word_1_180' title='bbox 955 2317 1132 2371; x_wconf 85' lang='lat' dir='ltr'><strong>castrorum</strong></span> 
     </span>
     <span class='ocr_line' id='line_1_26' title="bbox 169 2391 1133 2478; baseline -0.003 -22"><span class='ocrx_word' id='word_1_181' title='bbox 169 2414 315 2478; x_wconf 84' lang='lat' dir='ltr'><strong>magnae,</strong></span> <span class='ocrx_word' id='word_1_182' title='bbox 337 2404 443 2457; x_wconf 88' lang='lat' dir='ltr'><strong>tamen</strong></span> <span class='ocrx_word' id='word_1_183' title='bbox 459 2394 585 2458; x_wconf 85' lang='lat' dir='ltr'><strong>sinistro</strong></span> <span class='ocrx_word' id='word_1_184' title='bbox 601 2416 709 2476; x_wconf 80' lang='lat' dir='ltr'><strong>cornu,</strong></span> <span class='ocrx_word' id='word_1_185' title='bbox 732 2393 787 2458; x_wconf 90' lang='lat' dir='ltr'><strong>ubi</strong></span> <span class='ocrx_word' id='word_1_186' title='bbox 803 2404 870 2458; x_wconf 86' lang='lat' dir='ltr'><strong>erat</strong></span> <span class='ocrx_word' id='word_1_187' title='bbox 883 2394 962 2478; x_wconf 89' lang='lat' dir='ltr'><strong>ipse,</strong></span> <span class='ocrx_word' id='word_1_188' title='bbox 986 2391 1133 2456; x_wconf 90' lang='lat' dir='ltr'><strong>celeriter</strong></span> 
     </span>
     <span class='ocr_line' id='line_1_27' title="bbox 171 2477 1130 2564; baseline -0.002 -24"><span class='ocrx_word' id='word_1_189' title='bbox 171 2500 339 2562; x_wconf 89' lang='lat' dir='ltr'><strong>agressus</strong></span> <span class='ocrx_word' id='word_1_190' title='bbox 375 2479 585 2564; x_wconf 87' lang='lat' dir='ltr'><strong>Pompeianos</strong></span> <span class='ocrx_word' id='word_1_191' title='bbox 622 2501 663 2542; x_wconf 86' lang='lat' dir='ltr'><strong>ex</strong></span> <span class='ocrx_word' id='word_1_192' title='bbox 697 2479 782 2544; x_wconf 82' lang='lat' dir='ltr'><strong>vallo</strong></span> <span class='ocrx_word' id='word_1_193' title='bbox 818 2479 1007 2544; x_wconf 90' lang='lat' dir='ltr'><strong>deturbavit.</strong></span> <span class='ocrx_word' id='word_1_194' title='bbox 1052 2477 1130 2540; x_wconf 84' lang='lat' dir='ltr'><strong>Erat</strong></span> 
     </span>
     <span class='ocr_line' id='line_1_28' title="bbox 171 2501 1129 2650; baseline -0.001 -22"><span class='ocrx_word' id='word_1_195' title='bbox 171 2501 312 2628; x_wconf 59' lang='lat' dir='ltr'><strong>adiectus</strong></span> <span class='ocrx_word' id='word_1_196' title='bbox 334 2566 432 2650; x_wconf 89' lang='lat' dir='ltr'><strong>portis</strong></span> <span class='ocrx_word' id='word_1_197' title='bbox 455 2566 578 2630; x_wconf 88' lang='lat' dir='ltr'><strong>ericius.</strong></span> <span class='ocrx_word' id='word_1_198' title='bbox 608 2565 672 2628; x_wconf 90' lang='lat' dir='ltr'><strong>Hic</strong></span> <span class='ocrx_word' id='word_1_199' title='bbox 693 2564 855 2650; x_wconf 89' lang='lat' dir='ltr'><strong>paulisper</strong></span> <span class='ocrx_word' id='word_1_200' title='bbox 876 2574 926 2628; x_wconf 89' lang='lat' dir='ltr'><strong>est</strong></span> <span class='ocrx_word' id='word_1_201' title='bbox 946 2573 1129 2649; x_wconf 88' lang='lat' dir='ltr'><strong>pugnatum,</strong></span> 
     </span>
     <span class='ocr_line' id='line_1_29' title="bbox 109 2648 1130 2800; baseline -0.002 -88"><span class='ocrx_word' id='word_1_202' title='bbox 109 2665 114 2676; x_wconf 85' lang='lat'><strong>·</strong></span> <span class='ocrx_word' id='word_1_203' title='bbox 171 2672 267 2800; x_wconf 73' lang='lat' dir='ltr'><strong>quum</strong></span> <span class='ocrx_word' id='word_1_204' title='bbox 288 2652 463 2736; x_wconf 90' lang='lat' dir='ltr'><strong>irrumpere</strong></span> <span class='ocrx_word' id='word_1_205' title='bbox 484 2652 584 2714; x_wconf 87' lang='lat' dir='ltr'><strong>nostri</strong></span> <span class='ocrx_word' id='word_1_206' title='bbox 606 2660 805 2731; x_wconf 84' lang='lat' dir='ltr'><strong>conarentur,</strong></span> <span class='ocrx_word' id='word_1_207' title='bbox 829 2648 875 2713; x_wconf 92' lang='lat' dir='ltr'><strong>illi</strong></span> <span class='ocrx_word' id='word_1_208' title='bbox 898 2661 1003 2714; x_wconf 86' lang='lat' dir='ltr'><strong>castra</strong></span> <span class='ocrx_word' id='word_1_209' title='bbox 1025 2649 1130 2713; x_wconf 88' lang='lat' dir='ltr'><strong>desen·</strong></span> 
     </span>
    </p>

    <p class='ocr_par' dir='ltr' id='par_1_5' title="bbox 169 2734 1130 3165">
     <span class='ocr_line' id='line_1_30' title="bbox 192 2734 1129 2820; baseline -0.003 -22"><span class='ocrx_word' id='word_1_210' title='bbox 192 2738 283 2800; x_wconf 89' lang='lat' dir='ltr'><strong>erent</strong></span> <span class='ocrx_word' id='word_1_211' title='bbox 305 2735 473 2800; x_wconf 85' lang='lat' dir='ltr'><strong>fortissime</strong></span> <span class='ocrx_word' id='word_1_212' title='bbox 496 2735 567 2800; x_wconf 86' lang='lat' dir='ltr'><strong>Tito</strong></span> <span class='ocrx_word' id='word_1_213' title='bbox 583 2736 726 2818; x_wconf 88' lang='lat' dir='ltr'><strong>Pulione,</strong></span> <span class='ocrx_word' id='word_1_214' title='bbox 743 2737 830 2799; x_wconf 91' lang='lat' dir='ltr'><strong>cuius</strong></span> <span class='ocrx_word' id='word_1_215' title='bbox 854 2757 951 2820; x_wconf 89' lang='lat' dir='ltr'><strong>opera</strong></span> <span class='ocrx_word' id='word_1_216' title='bbox 994 2734 1129 2799; x_wconf 88' lang='lat' dir='ltr'><strong>reditum</strong></span> 
     </span>
     <span class='ocr_line' id='line_1_31' title="bbox 170 2759 1128 2905; baseline -0.002 -19"><span class='ocrx_word' id='word_1_217' title='bbox 170 2823 348 2886; x_wconf 84' lang='lat' dir='ltr'><strong>exercitum</strong></span> <span class='ocrx_word' id='word_1_218' title='bbox 378 2820 414 2885; x_wconf 83' lang='lat' dir='ltr'><strong>O.</strong></span> <span class='ocrx_word' id='word_1_219' title='bbox 437 2821 556 2885; x_wconf 87' lang='lat' dir='ltr'><strong>Antoni</strong></span> <span class='ocrx_word' id='word_1_220' title='bbox 583 2821 878 2902; x_wconf 87' lang='lat' dir='ltr'><strong>demonstravimus,</strong></span> <span class='ocrx_word' id='word_1_221' title='bbox 909 2843 946 2884; x_wconf 90' lang='lat' dir='ltr'><strong>eo</strong></span> <span class='ocrx_word' id='word_1_222' title='bbox 968 2759 1039 2886; x_wconf 78' lang='lat' dir='ltr'><strong>ldco</strong></span> <span class='ocrx_word' id='word_1_223' title='bbox 1060 2841 1128 2905; x_wconf 89' lang='lat' dir='ltr'><strong>prc-</strong></span> 
     </span>
     <span class='ocr_line' id='line_1_32' title="bbox 169 2905 1129 2993; baseline -0.003 -22"><span class='ocrx_word' id='word_1_224' title='bbox 169 2917 341 2993; x_wconf 86' lang='lat' dir='ltr'><strong>pugnante.</strong></span> <span class='ocrx_word' id='word_1_225' title='bbox 364 2905 429 2973; x_wconf 82' lang='lat' dir='ltr'><strong>Sed</strong></span> <span class='ocrx_word' id='word_1_226' title='bbox 450 2918 556 2972; x_wconf 89' lang='lat' dir='ltr'><strong>tamen</strong></span> <span class='ocrx_word' id='word_1_227' title='bbox 583 2908 683 2972; x_wconf 89' lang='lat' dir='ltr'><strong>nostri</strong></span> <span class='ocrx_word' id='word_1_228' title='bbox 704 2909 820 2972; x_wconf 81' lang='lat' dir='ltr'><strong>virtute</strong></span> <span class='ocrx_word' id='word_1_229' title='bbox 841 2908 988 2972; x_wconf 84' lang='lat' dir='ltr'><strong>vicerunt</strong></span> <span class='ocrx_word' id='word_1_230' title='bbox 1011 2907 1129 2970; x_wconf 87' lang='lat' dir='ltr'><strong>exciso-</strong></span> 
     </span>
     <span class='ocr_line' id='line_1_33' title="bbox 170 2991 1130 3078; baseline -0.003 -21"><span class='ocrx_word' id='word_1_231' title='bbox 170 3015 232 3078; x_wconf 90' lang='lat' dir='ltr'><strong>que</strong></span> <span class='ocrx_word' id='word_1_232' title='bbox 259 2995 356 3058; x_wconf 89' lang='lat' dir='ltr'><strong>ericio</strong></span> <span class='ocrx_word' id='word_1_233' title='bbox 383 2994 485 3078; x_wconf 90' lang='lat' dir='ltr'><strong>primo</strong></span> <span class='ocrx_word' id='word_1_234' title='bbox 512 2996 546 3058; x_wconf 91' lang='lat' dir='ltr'><strong>in</strong></span> <span class='ocrx_word' id='word_1_235' title='bbox 575 2994 696 3056; x_wconf 86' lang='lat' dir='ltr'><strong>maiore</strong></span> <span class='ocrx_word' id='word_1_236' title='bbox 718 3004 832 3074; x_wconf 84' lang='lat' dir='ltr'><strong>castra,</strong></span> <span class='ocrx_word' id='word_1_237' title='bbox 866 3000 938 3077; x_wconf 88' lang='lat' dir='ltr'><strong>post</strong></span> <span class='ocrx_word' id='word_1_238' title='bbox 971 2993 1066 3055; x_wconf 87' lang='lat' dir='ltr'><strong>etiarn</strong></span> <span class='ocrx_word' id='word_1_239' title='bbox 1097 2991 1130 3054; x_wconf 93' lang='lat' dir='ltr'><strong>in</strong></span> 
     </span>
     <span class='ocr_line' id='line_1_34' title="bbox 169 3077 1128 3165; baseline -0.006 -21"><span class='ocrx_word' id='word_1_240' title='bbox 169 3078 344 3161; x_wconf 84' lang='lat' dir='ltr'><strong>castellum,</strong></span> <span class='ocrx_word' id='word_1_241' title='bbox 368 3079 542 3165; x_wconf 88' lang='lat' dir='ltr'><strong>quoderat</strong></span> <span class='ocrx_word' id='word_1_242' title='bbox 567 3077 724 3143; x_wconf 88' lang='lat' dir='ltr'><strong>inclusum</strong></span> <span class='ocrx_word' id='word_1_243' title='bbox 750 3078 924 3158; x_wconf 85' lang='lat' dir='ltr'><strong>maioribus</strong></span> <span class='ocrx_word' id='word_1_244' title='bbox 946 3077 1067 3160; x_wconf 87' lang='lat' dir='ltr'><strong>castris,</strong></span> <span class='ocrx_word' id='word_1_245' title='bbox 1090 3077 1128 3138; x_wconf 94' lang='lat' dir='ltr'><strong>ir-</strong></span> 
     </span>
    </p>
   </div>
   <div class='ocr_carea' id='block_1_5' title="bbox 168 3155 1250 3250">
    <p class='ocr_par' dir='ltr' id='par_1_6' title="bbox 168 3155 1250 3250">
     <span class='ocr_line' id='line_1_35' title="bbox 168 3155 1250 3250; baseline -0.005 -21"><span class='ocrx_word' id='word_1_246' title='bbox 168 3175 322 3250; x_wconf 89' lang='lat' dir='ltr'><strong>ruperunt</strong></span> <span class='ocrx_word' id='word_1_247' title='bbox 354 3173 394 3246; x_wconf 92' lang='lat' dir='ltr'><strong>et,</strong></span> <span class='ocrx_word' id='word_1_248' title='bbox 429 3165 513 3250; x_wconf 89' lang='lat' dir='ltr'><strong>quod</strong></span> <span class='ocrx_word' id='word_1_249' title='bbox 548 3186 586 3230; x_wconf 90' lang='lat' dir='ltr'><strong>eo</strong></span> <span class='ocrx_word' id='word_1_250' title='bbox 615 3163 707 3248; x_wconf 89' lang='lat' dir='ltr'><strong>pulsa</strong></span> <span class='ocrx_word' id='word_1_251' title='bbox 735 3163 818 3250; x_wconf 89' lang='lat' dir='ltr'><strong>legio</strong></span> <span class='ocrx_word' id='word_1_252' title='bbox 852 3186 923 3228; x_wconf 91' lang='lat' dir='ltr'><strong>sese</strong></span> <span class='ocrx_word' id='word_1_253' title='bbox 954 3171 1140 3248; x_wconf 70' lang='lat' dir='ltr'><strong>receperat.</strong></span> <span class='ocrx_word' id='word_1_254' title='bbox 1249 3155 1250 3166; x_wconf 45' lang='lat'>¹</span> 
     </span>
    </p>
   </div>
   <div class='ocr_carea' id='block_1_6' title="bbox 168 3249 1129 3507">
    <p class='ocr_par' dir='ltr' id='par_1_7' title="bbox 168 3249 1129 3507">
     <span class='ocr_line' id='line_1_36' title="bbox 168 3249 894 3336; baseline 0 -23"><span class='ocrx_word' id='word_1_255' title='bbox 168 3249 336 3316; x_wconf 89' lang='lat' dir='ltr'><strong>nonnullos</strong></span> <span class='ocrx_word' id='word_1_256' title='bbox 358 3249 403 3314; x_wconf 89' lang='lat' dir='ltr'><strong>ibi</strong></span> <span class='ocrx_word' id='word_1_257' title='bbox 424 3259 637 3336; x_wconf 88' lang='lat' dir='ltr'><strong>repugnantes</strong></span> <span class='ocrx_word' id='word_1_258' title='bbox 660 3250 894 3314; x_wconf 86' lang='lat' dir='ltr'><strong>interfecerunt.</strong></span> 
     </span>
     <span class='ocr_line' id='line_1_37' title="bbox 232 3334 1129 3421; baseline -0.003 -22"><span class='ocrx_word' id='word_1_259' title='bbox 232 3335 281 3399; x_wconf 82' lang='lat'><strong>68.</strong></span> <span class='ocrx_word' id='word_1_260' title='bbox 307 3335 372 3401; x_wconf 87' lang='lat' dir='ltr'><strong>Sed</strong></span> <span class='ocrx_word' id='word_1_261' title='bbox 393 3336 534 3418; x_wconf 84' lang='lat' dir='ltr'><strong>fortuna,</strong></span> <span class='ocrx_word' id='word_1_262' title='bbox 558 3357 639 3421; x_wconf 91' lang='lat' dir='ltr'><strong>quae</strong></span> <span class='ocrx_word' id='word_1_263' title='bbox 661 3335 830 3420; x_wconf 89' lang='lat' dir='ltr'><strong>plurimum</strong></span> <span class='ocrx_word' id='word_1_264' title='bbox 875 3343 957 3400; x_wconf 92' lang='lat' dir='ltr'><strong>otest</strong></span> <span class='ocrx_word' id='word_1_265' title='bbox 979 3356 1076 3419; x_wconf 90' lang='lat' dir='ltr'><strong>quum</strong></span> <span class='ocrx_word' id='word_1_266' title='bbox 1097 3334 1129 3396; x_wconf 91' lang='lat' dir='ltr'><strong>in</strong></span> 
     </span>
     <span class='ocr_line' id='line_1_38' title="bbox 169 3358 1129 3507; baseline 0 -23"><span class='ocrx_word' id='word_1_267' title='bbox 169 3419 300 3506; x_wconf 72' lang='lat' dir='ltr'><strong>reliquis</strong></span> <span class='ocrx_word' id='word_1_268' title='bbox 326 3419 423 3486; x_wconf 88' lang='lat' dir='ltr'><strong>rebus</strong></span> <span class='ocrx_word' id='word_1_269' title='bbox 452 3431 520 3486; x_wconf 89' lang='lat' dir='ltr'><strong>tum</strong></span> <span class='ocrx_word' id='word_1_270' title='bbox 546 3421 717 3507; x_wconf 84' lang='lat' dir='ltr'><strong>praecipue</strong></span> <span class='ocrx_word' id='word_1_271' title='bbox 745 3422 779 3484; x_wconf 92' lang='lat' dir='ltr'><strong>in</strong></span> <span class='ocrx_word' id='word_1_272' title='bbox 796 3358 900 3505; x_wconf 78' lang='lat' dir='ltr'><strong>belle,</strong></span> <span class='ocrx_word' id='word_1_273' title='bbox 929 3419 1036 3506; x_wconf 82' lang='lat' dir='ltr'><strong>parvis</strong></span> <span class='ocrx_word' id='word_1_274' title='bbox 1066 3441 1129 3484; x_wconf 93' lang='lat' dir='ltr'><strong>mo-</strong></span> 
     </span>
    </p>
   </div>
   <div class='ocr_carea' id='block_1_7' title="bbox 0 0 1274 3978">
    <p class='ocr_par' dir='ltr' id='par_1_8' title="bbox 0 0 1274 3978">
     <span class='ocr_line' id='line_1_39' title="bbox 0 0 1274 3978; baseline 0 1"><span class='ocrx_word' id='word_1_275' title='bbox 0 0 1274 3978; x_wconf 95' lang='lat' dir='ltr'><strong> </strong></span> 
     </span>
    </p>
   </div>
  </div>
 </body>
</html>
