2534 3970
163 226 203 288 10
421 224 481 287 DE
502 223 645 288 BELLO
669 224 859 291 GALLIUO

160 396 301 458 mitatem
315 393 431 480 populo
446 395 588 458 Romano
602 395 759 477 intulerat,
784 419 821 460 ea
834 400 980 482 princeps
1019 420 1113 464 oenas

160 479 319 565 persolvit.
370 479 441 558 Qua
469 481 502 542 in
528 502 563 542 re
593 479 711 544 Caesar
739 500 803 544 non
832 482 932 546 solum
960 421 1112 567 pulrlioas,

162 565 218 628 sed
233 567 327 628 etiam
341 566 479 648 privatas
499 566 627 628 iniurias
648 565 730 628 ultus
747 578 803 648 est,
827 567 910 651 quod
926 569 991 630 eius
1013 572 1114 632 soceri

161 649 198 712 L.
220 650 345 712 Pisonis
369 671 472 732 avum,
494 649 531 712 L.
553 651 701 714 Pisonem
724 649 876 735 legatum,
900 652 1043 738 Tigurini
1065 675 1113 719 eo·

161 735 232 800 dem
254 735 383 819 proelio,
408 756 468 820 quo
492 733 646 817 Cassium,
669 737 900 800 interfecerant.

226 821 274 883 13.
298 820 368 885 Hoc
388 820 509 904 proelio
524 820 607 886 facto
621 820 759 906 reliquas
775 825 881 907 copias
898 822 1113 886 Helvetiorum

159 916 194 968 ut
210 905 359 990 consequi
377 915 493 990 posset,
516 917 642 990 pontem
663 908 698 968 in
711 905 813 970 Arare
835 907 1012 971 faciendum
1028 918 1115 972 curat

162 1001 256 1075 atque
278 993 323 1053 ita
345 993 518 1054 exereitum
533 991 677 1054 traducit.
706 991 846 1056 Helvetii
868 994 1030 1077 repentino
1046 995 1114 1056 eius

161 1075 297 1140 adventu
325 1077 484 1156 commoti,
522 1097 618 1159 quum
644 1077 690 1154 id,
728 1076 811 1162 quod
837 1079 898 1162 ipsi
925 1077 1035 1140 diebus
1059 1085 1114 1142 ,xx

161 1163 334 1244 aegerrime
362 1159 574 1241 confecerant,
605 1170 640 1223 ut
667 1160 785 1225 flumen
811 1165 996 1236 transirent,
1025 1161 1114 1232 illum

160 1267 222 1308 uno
246 1245 296 1310 die
311 1245 423 1308 fecisse
438 1245 666 1329 intellegerent,
689 1245 810 1330 legatos
826 1248 867 1310 ad
889 1270 961 1310 eum
974 1248 1114 1329 mittunt3

161 1332 249 1394 citius
271 1330 439 1414 legationis
460 1329 575 1394 Divico
597 1333 745 1416 princeps
766 1333 833 1414 fuit,
857 1335 911 1418 qui
931 1332 1016 1398 bello
1040 1332 1115 1397 Cas·

161 1417 249 1478 siano
278 1415 343 1478 dux
364 1415 583 1480 Helvetiorum
604 1415 715 1479 fuerat.
759 1417 790 1478 Is
812 1420 857 1482 ita
884 1440 955 1480 cum
977 1417 1115 1482 Caesare

161 1502 237 1584 egit:
251 1500 286 1564 Si
296 1522 406 1585 pacem
421 1501 555 1585 populus
563 1501 723 1564 Romanus
736 1523 807 1564 cum
817 1503 973 1567 Helvetiis
987 1503 1113 1584 faceret,

159 1585 276 1648 ineam
299 1595 421 1670 partem
436 1587 534 1649 ituros
556 1596 650 1672 atque
672 1586 717 1650 ibi
731 1586 851 1651 futuros
865 1588 1039 1670 Helvetios,
1059 1587 1115 1651 ubi

161 1692 214 1736 eos
245 1669 366 1734 Caesar
396 1672 609 1735 constituisset
641 1681 735 1756 atque
766 1695 836 1736 esse
868 1673 1033 1754 voluisset3
1067 1674 1115 1734 sin

161 1755 246 1820 bello
268 1757 417 1841 persequi
435 1766 663 1839 perseveraret,
686 1759 940 1822 reminisceretur
955 1770 986 1822 et
999 1759 1113 1822 veteris

159 1841 350 1905 incommodi
366 1841 473 1924 populi
488 1841 622 1905 Romani
642 1851 673 1906 et
687 1843 838 1926 pristinae
858 1845 983 1906 virtutis
999 1842 1114 1906 Helve-

159 1929 282 1990 tiorum.
317 1925 409 2003 Quod
430 1928 600 2010 improviso
623 1949 720 1989 unum
734 1949 851 2012 pagum
873 1928 998 1992 adortus
1021 1937 1113 2008 esset,

161 2033 257 2097 quum
278 2013 314 2092 ii,
338 2012 391 2094 qui
413 2009 530 2072 flumen
551 2012 746 2093 transissent,
771 2013 836 2075 suis
859 2013 1011 2076 auxilium
1032 2012 1114 2075 ferre

160 2119 224 2160 non
250 2105 394 2181 possent,
427 2117 468 2156 ne
491 2095 530 2159 ob
553 2107 624 2158 earn
650 2119 718 2160 rem
740 2107 795 2160 aut
821 2119 895 2161 suae
923 2119 1115 2182 magnopere

160 2183 267 2245 virtuti
289 2181 441 2243 tribueret
463 2189 516 2242 aut
537 2182 623 2264 ipsos
647 2182 831 2265 despiceret.
862 2182 903 2246 Se
922 2185 967 2246 ita
982 2207 1001 2246 a
1019 2184 1115 2268 patri-

160 2266 220 2330 bus
249 2264 482 2348 maioribusque
512 2267 577 2328 suis
608 2266 773 2348 didicisse,
807 2279 841 2331 ut
869 2269 970 2352 magis
998 2271 1130 2334 virtute,

162 2373 254 2437 quarn
270 2350 342 2413 dolo
358 2350 583 2414 contenderent
597 2361 651 2414 aut
664 2352 787 2416 insidiis
801 2355 984 2417 niterentur.
1009 2353 1114 2432 Quare

160 2458 201 2500 ne
231 2431 454 2516 committeret,
485 2447 519 2498 ut
541 2438 568 2498 is
598 2436 703 2519 loeus,
732 2437 788 2501 ubi
817 2439 1044 2520 constitissent,
1075 2459 1115 2502 ex

162 2522 340 2584 calamitate
355 2520 477 2605 «populi
498 2521 632 2584 Romani
660 2533 691 2585 et
716 2523 930 2587 internecione
960 2526 1115 2588 exercitus

161 2627 275 2670 nomen
298 2617 424 2689 caperet
445 2615 499 2670 aut
520 2609 704 2670 memoriam
726 2609 881 2692 proderet.

226 2692 275 2754 14.
320 2691 378 2754 His
407 2689 525 2754 Caesar
552 2695 596 2756 ita
629 2693 806 2777 respondit:
840 2693 888 2756 Eo
919 2694 980 2757 sibi
1012 2697 1115 2756 minus

162 2775 363 2839 dubitationis
387 2776 462 2858 dari,
487 2779 571 2861 quod
593 2801 646 2842 eas
668 2800 737 2860 res,
760 2801 837 2862 quas
860 2779 956 2863 legati
977 2778 1115 2842 Helvetii

162 2871 466 2943 commemorassent,
489 2865 640 2928 memoria
659 2872 788 2944 teneret,
813 2875 906 2949 atque
929 2886 966 2928 eo
988 2866 1114 2947 gravius

161 2946 257 3027 serre,
282 2967 343 3030 quo
366 2948 470 3010 minus
493 2951 602 3012 merito
626 2949 734 3032 populi
755 2948 889 3012 Romani
911 2949 1113 3013 accidissent:

162 3032 214 3113 qui
245 3032 271 3092 si
301 3031 431 3094 alicuius
461 3033 592 3096 iniuriae
624 3034 684 3096 sibi
713 3037 858 3098 conscius
891 3034 1016 3115 fuisset,
1050 3055 1114 3096 non

162 3116 258 3179 fuisse
281 3116 406 3179 difficile
430 3139 558 3191 cavere3
582 3118 638 3180 sed
654 3141 690 3182 eo
706 3117 882 3203 deceptum,
907 3119 991 3203 quod
1012 3141 1115 3204 neque
1149 3163 1153 3172 ·

163 3203 362 3274 commissum
385 3225 404 3265 a
427 3225 460 3264 se
482 3203 696 3286 intellegeret,
726 3225 823 3290 quare
845 3207 983 3285 timeret,
1010 3225 1116 3289 neque

163 3286 230 3348 sine
253 3308 348 3349 causa
369 3288 542 3351 timendum
564 3297 697 3374 putaret.
740 3288 834 3369 Quod
856 3291 883 3352 si
904 3290 1020 3352 veteris
1043 3311 1115 3352 con-

162 3371 309 3435 tumeliae
331 3371 475 3435 oblivisci
496 3373 607 3456 vellet,
629 3397 707 3438 num
728 3377 822 3440 etiam
843 3377 1016 3438 recentium
1036 3375 1115 3436 iniu-

162 3462 287 3536 riarum,
312 3457 395 3540 quod
418 3480 454 3521 eo
476 3459 574 3524 invito
595 3461 656 3524 iter
676 3480 735 3543 per
756 3461 950 3544 provinciam
971 3481 1029 3543 per
1050 3461 1114 3521 vim
