2562 3970
194 217 286 284 XOH
550 219 807 284 PRAEFATIO.

195 402 297 476 rent,
321 404 354 454 ut
368 429 409 438 -
424 428 476 473 -,
498 403 606 471 postea
629 397 665 455 ab
682 398 734 454 iis
750 403 815 457 cett.
839 389 1019 456 Admodum
1037 388 1149 476 probo,

196 475 281 561 quod
310 476 348 538 N.
378 475 568 623 sinffislarom
595 477 761 540 numerum
790 475 906 560 ubique
936 474 1150 555 restitutit,.in

196 582 258 645 quo
281 584 390 626 omnes
412 560 435 625 li
457 563 576 626 ricons
600 563 690 643 irent,
715 571 747 625 at
769 561 961 646 singularem
982 579 1150 623 numerum

195 645 270 709 ideo
293 645 333 709 ab
357 655 484 710 auctore
507 585 606 712 libelii
635 669 705 711 esse
728 645 910 728 adhibitum,
933 645 1017 732 quod
1045 643 1149 710 solum

196 730 325 794 Sittium
357 755 391 795 se
415 753 678 796 commemorasse
710 741 856 816 putaret,
888 734 945 795 vix
976 728 1150 794 verisimile

195 815 315 898 habeo3
338 818 439 900 magis
466 817 571 901 placet
593 818 762 902 genuinam
790 816 957 882 lectionem
978 815 1075 879 fuisse
1098 823 1110 878 i
1116 837 1148 877 s-

197 922 266 980 que
283 908 413 974 Catum,-
451 925 601 966 nonomen
617 902 896 966 demonstrativum
911 903 1060 966 omissum
1076 921 1150 964 esse

198 988 341 1071 suspicor
363 987 403 1050 ab
426 925 564 1069 iibrnrin,
589 989 642 1072 qui
669 986 795 1051 Sittium
817 997 848 1051 et
868 987 1030 1050 Bocchum
1052 986 1149 1049 etiam

197 1072 231 1134 in
247 1073 450 1156 sequentibus
467 1072 600 1136 subiecti
614 1072 719 1137 locum
731 1082 909 1138 servaturos
921 1095 991 1136 esse
1005 1069 1149 1156 putabat.

264 1155 300 1220 O.
331 1158 372 1220 26
402 1158 439 1223 N.
470 1157 616 1222 lacunam
643 1160 764 1222 notavit
791 1160 824 1221 in
853 1157 976 1222 verbis:
1012 1161 1149 1232 Quorum

196 1249 333 1306 lacrimis
357 1249 547 1322 querelisque
570 1249 684 1308 Caesar
706 1259 867 1308 commotus
882 1265 948 1309 cum
971 1253 1060 1306 antea
1075 1261 1149 1306 cen·-

194 1335 342 1392 stituisset
363 1351 379 1393 e
400 1337 518 1392 statiuis
541 1338 652 1393 castris
675 1344 788 1393 aestate
809 1337 882 1393 inan
908 1335 1027 1393 cunctis
1046 1333 1151 1406 comis

194 1420 381 1492 auxiliisque
417 1422 553 1479 accitis.
578 1461 684 1478 .....
714 1422 819 1480 bellum
849 1437 914 1480 eum
943 1421 1009 1477 suis
1037 1419 1149 1476 aduer-

194 1506 290 1562 sariis
311 1521 419 1577 qerere
441 1506 571 1564 instituit
591 1507 757 1580 litterisque
786 1508 924 1565 celeriter
950 1507 982 1563 in
1009 1504 1148 1563 Siciliam

193 1586 325 1665 [missis]
348 1594 389 1650 ael
410 1593 547 1650 Alienum
562 1599 590 1650 et
603 1591 760 1650 Rabirium
774 1592 944 1651 Postumum
960 1589 1150 1665 conscriptis

193 1673 252 1750 [et]
282 1691 340 1748 per
369 1685 564 1750 catascopum
589 1680 687 1748 mittit,
721 1685 755 1736 ut
781 1679 848 1736 sine
875 1691 961 1734 mora
990 1692 1028 1734 ac
1061 1675 1147 1734 nulla

195 1765 391 1820 excusatione
412 1763 516 1820 hiemis
538 1769 750 1836 uentorumque
773 1779 859 1836 quam
881 1763 1035 1822 celerrime
1056 1777 1147 1818 eaer-

194 1848 274 1904 citus
306 1849 369 1905 silui
402 1855 673 1922 transportaretur.
717 1842 884 1906 Lacunosa
925 1863 995 1904 esse
1033 1837 1147 1922 verba,

195 1924 301 2010 qualia
324 1926 412 1990 libris
435 1929 551 2009 insunt,
574 1951 637 1992 non
659 1950 751 1992 nemo
775 1929 882 2010 sentit3
912 1937 1019 1990 tamen
1046 1923 1149 1989 verba
1255 1977 1258 1982 .

194 2033 258 2074 non
282 2033 319 2074 ea
342 2012 427 2093 sede,
451 2035 544 2098 quam
579 2013 790 2098 Nipperdeius
828 2011 1028 2092 monstravit,
1060 2010 1148 2073 exci-

194 2095 280 2159 disse
303 2109 394 2181 puto,
425 2121 520 2183 quum
550 2101 655 2162 omnia
683 2121 782 2185 usque
812 2099 853 2167 ad
881 2120 989 2176 qerere
1009 2094 1146 2160 verbum

195 2182 356 2266 aptissime
390 2182 566 2246 decurrant.
611 2183 721 2270 Itaque
758 2185 903 2248 lacunam
934 2182 1041 2246 notavi
1073 2189 1148 2265 post

192 2288 320 2343 qurere;
342 2267 420 2332 haec
442 2279 545 2332 autem
566 2269 633 2332 fere
656 2270 810 2334 excidisse
840 2277 899 2332 iam
926 2289 1008 2332 nune
1035 2289 1146 2345 qererc

193 2351 365 2438 (instituit),
400 2357 630 2439 repetitumque
663 2363 791 2431 qerenui
823 2353 955 2419 verbum
978 2355 1021 2417 ‘in
1048 2373 1148 2416 causa

193 2435 301 2518 fuisse,
326 2460 381 2500 cur
403 2439 594 2518 exciderint,
617 2438 709 2502 facilc
737 2441 914 2525 suspiceris.
939 2477 978 2486 -—
1000 2437 1145 2502 Alteram

134 2522 138 2530 '
192 2524 414 2587 enuntiationis
436 2535 566 2608 partem,
591 2546 671 2610 quae
695 2527 770 2588 satis
784 2524 911 2588 turbata
932 2533 989 2606 est,
1011 2525 1044 2587 in
1058 2522 1146 2588 hunc

191 2607 318 2671 modum
341 2611 503 2672 constitui:
519 2647 561 2657 -
577 2618 714 2685 instituit,
739 2614 935 2691 litterislque]
957 2617 1095 2674 celeriter
1111 2617 1143 2674 in

190 2698 325 2758 Siciliam
348 2702 389 2758 ad
408 2701 545 2758 Alienum
560 2707 588 2760 et
600 2701 757 2760 Rabirium
767 2702 939 2760 Postumum
955 2701 1145 2774 conscriptis

191 2792 219 2842 et
237 2799 295 2856 per
318 2791 511 2856 catascopum
538 2789 689 2858 missis,
720 2793 753 2845 ut
778 2790 845 2846 sine
870 2802 956 2846 mora
984 2801 1027 2845 ac
1056 2787 1143 2844 nulla

190 2871 387 2928 eucrrsutione
409 2871 513 2928 hiemis
534 2902 577 2913 —
597 2903 639 2914 -
661 2867 933 2945 transportaretur.
969 2865 1074 2945 Quum
1097 2863 1144 2928 la-

191 2970 308 3014 cunosa
323 2960 406 3012 esset
418 2950 504 3034 prior
515 2953 688 3015 sententiae
700 2975 785 3038 pars,
807 2975 871 3017 non
887 2954 1000 3014 mirum
1012 2959 1068 3032 est,
1086 2972 1147 3016 our

190 3033 320 3097 alterius
336 3036 524 3098 constructio
540 3059 693 3121 perversa
708 3040 748 3102 sit
769 3047 899 3122 recepta
920 3033 976 3099 illa
989 3035 1147 3122 particula

191 3141 248 3198 que
271 3129 302 3184 et
322 3129 442 3184 mutato
464 3122 628 3208 participio
643 3132 743 3187 missis
758 3126 791 3187 in
805 3131 900 3187 mittit.
922 3122 1015 3186 Adsti
1038 3121 1147 3186 ulatur

189 3214 296 3268 tamen
325 3205 577 3270 emendationis
598 3229 649 3272 me
693 3210 851 3294 repositae
882 3207 964 3271 liber
1022 3206 1145 3290 indob.,

190 3289 244 3372 qui
273 3313 369 3374 quum
396 3299 498 3354 missis
552 3294 636 3356 riore
668 3231 723 3358 iiio
753 3292 822 3358 loco
853 3302 924 3378 post
953 3300 983 3356 in
1007 3297 1145 3358 Siciliam

189 3394 253 3437 non
276 3375 400 3457 habeat,
424 3376 483 3440 hoc
509 3315 607 3442 aiiero
623 3378 692 3443 loco
706 3386 808 3442 missis
823 3400 886 3442 non
902 3386 989 3442 mittit
1001 3377 1146 3464 praebet.

254 3457 289 3520 O.
306 3460 348 3550 34
369 3463 493 3525 restitui
513 3462 674 3546 vulgatam
696 3463 876 3530 lectionem:
901 3469 993 3528 Cuius
1013 3469 1147 3530 aduentu
