2538 3978
177 274 220 339 ‘10
465 272 527 338 DE
548 272 692 338 BELLO
716 271 849 338 CIVILI

176 467 217 507 ne
234 467 291 506 sua
312 445 486 529 pertinacia
509 446 647 508 omnium
668 443 809 509 fortunas
831 441 1009 528 perturbari
1030 440 1139 506 vellet.

176 529 267 593 Haeo
290 553 385 614 quom
408 538 583 616 agerentur,
603 532 705 594 nuntii
719 530 886 615 praemissi,
906 528 945 591 ab
967 549 1043 611 rege
1058 525 1139 590 Iuba

178 623 341 696 venerunt,
364 617 419 700 qui
440 614 530 680 illum
559 615 671 679 adesse
694 639 765 679 cum
787 615 910 698 magnis
933 614 1031 698 copiis
1054 612 1136 675 dioe-

177 710 250 763 rent
273 709 303 762 et
326 700 365 763 de
388 700 531 765 custodia
553 723 590 764 ao
611 700 793 766 defensione
816 699 904 763 urbis
927 698 1138 762 hortarentur.

178 784 341 865 Quaeres
364 808 472 849 eorum
501 789 683 872 perterritos
707 788 827 850 animos
851 784 1058 850 confirmavit.

139 927 141 933 .
241 869 292 934 37.
315 871 548 935 Nuntiabantur
576 872 656 936 haee
683 871 794 936 eadem
823 868 969 951 Curioni,
997 868 1054 932 sed
1082 867 1137 932 ali-

177 955 329 1041 quamdiu
357 956 436 1021 fides
469 957 538 1020 fieri
573 980 638 1021 non
657 966 810 1042 poterat:
843 965 964 1018 tantam
999 953 1140 1018 habebat

177 1064 308 1105 suarum
320 1063 427 1105 rerum
441 1041 597 1106 fiduciam.
621 1042 751 1127 Iamque
767 1039 912 1105 Caesaris
927 1041 961 1104 in
982 1039 1141 1124 Hispania

176 1148 228 1190 res
251 1126 408 1190 secundae
435 1129 469 1190 in
497 1128 639 1191 Africam
660 1128 777 1190 nuntiis
800 1148 838 1188 ao
866 1125 978 1190 litteris
1000 1124 1138 1210 perfere-

176 1211 302 1275 bantur.
326 1211 450 1291 Quibus
473 1213 618 1277 omnibus
640 1213 736 1276 rebus
764 1211 904 1275 sublatus
925 1209 1006 1274 nihil
1028 1218 1139 1274 contra

178 1319 212 1360 se
244 1319 353 1381 regem
382 1298 523 1361 nisurum
550 1297 759 1362 existimabat.
804 1295 869 1360 Sed
890 1296 945 1361 ubi
966 1297 1061 1360 certis
1084 1317 1138 1359 au-

179 1382 321 1445 ctoribus
344 1385 496 1468 comperit
517 1386 621 1448 minus
644 1393 668 1444 V
692 1393 724 1448 et
752 1389 805 1444 XX
830 1381 957 1446 milibus
980 1381 1073 1466 longe
1096 1379 1138 1444 ab

176 1466 271 1531 Utica
293 1469 360 1533 eius
383 1471 490 1554 copias
519 1470 642 1552 abesse,
671 1469 790 1534 relictis
817 1466 1044 1532 munitionibus
1067 1487 1139 1529 sese

176 1553 210 1616 in
233 1563 337 1617 castra
359 1552 507 1638 Cornelia
527 1556 655 1641 recepit.
685 1555 758 1618 Hue
784 1553 974 1618 frumentum
997 1573 1137 1637 compor-

176 1646 255 1722 tare,
286 1647 390 1702 castra
418 1642 552 1723 munire,
579 1642 745 1706 materiam
771 1640 915 1704 conferre
944 1639 1047 1723 coepit
1076 1646 1138 1700 sta-

176 1725 353 1810 timquein
375 1723 517 1789 Siciliam
532 1728 625 1808 misit,
648 1728 695 1790 uti
717 1726 798 1790 duae
821 1725 961 1809 legiones
982 1723 1137 1870 reliquus·

178 1831 240 1957 que
255 1832 272 1873 e
294 1812 411 1874 uitatus
426 1812 468 1875 ad
482 1835 517 1875 se
531 1815 719 1876 mitteretur.
735 1811 848 1875 Castra
862 1819 952 1875 erant
967 1809 1007 1873 ad
1018 1809 1058 1872 be
1072 1807 1137 1872 lum

200 1834 358 1959 uoendum
373 1899 536 1981 aptissima
549 1908 662 1962 natura
676 1897 739 1961 loci
754 1906 785 1960 et
799 1897 971 1960 munitione
994 1903 1025 1958 et
1039 1895 1138 1956 maris

177 1982 410 2066 propinquitate
440 1993 471 2046 et
498 2005 599 2067 aquae
630 1993 661 2048 et
683 1982 759 2046 salis
788 1984 887 2067 copia,
911 1982 999 2044 cuius
1021 2001 1139 2062 magna

177 2066 312 2130 viciam
341 2089 383 2130 ex
408 2070 561 2152 proximis
584 2079 652 2131 erat
673 2069 781 2132 salinis
810 2091 848 2131 eo
870 2075 1028 2150 congesta.
1065 2064 1137 2129 Non

178 2153 313 2214 materia
334 2152 534 2218 multitudine
557 2154 716 2235 arborum,
739 2176 802 2218 non
824 2153 1023 2233 frumentum,
1047 2152 1139 2215 cuius

178 2247 270 2300 erant
285 2236 460 2321 plenissimi
476 2242 554 2323 agri,
571 2239 708 2303 deficere
722 2249 855 2324 poterat.
871 2238 982 2322 Itaque
998 2237 1138 2300 omnium

178 2343 307 2386 suorum
330 2344 494 2388 consensu
524 2325 619 2390 Curio
649 2323 789 2410 reliquas
819 2325 927 2410 copias
951 2332 1138 2408 exspectare

178 2416 210 2470 et
230 2406 349 2470 bellum
372 2408 488 2475 ducere
510 2411 652 2496 parabat.

243 2493 293 2555 38.
316 2493 375 2556 His
399 2497 576 2561 constitutis
598 2497 693 2560 rebus
715 2496 855 2581 probatis
879 2517 919 2560 ue
934 2493 1074 2558 consiliis
1097 2515 1139 2556 ex

174 2578 318 2662 perfugis
341 2581 528 2664 quibusdam
545 2581 712 2668 oppidanis
728 2580 815 2646 audit
829 2519 940 2645 Iubam
955 2588 1136 2644 revooatum

176 2663 311 2728 finitimo
334 2663 418 2730 bello
435 2677 465 2730 et
481 2668 705 2733 controversiis
726 2667 966 2752 Leptitanorum
981 2665 1138 2729 restitisse
1252 2735 1253 2747 ,

177 2749 212 2811 in
233 2771 340 2834 regno,
371 2751 552 2835 Saburram,
583 2754 650 2816 eius
679 2752 882 2838 praelectum,
916 2773 987 2814 cum
1020 2749 1139 2816 medio·

178 2834 285 2897 eribus
308 2839 407 2920 copiis
429 2839 559 2902 missum
578 2838 689 2903 Uticae
712 2839 975 2924 appropinquare.
1008 2835 1067 2899 His
1083 2856 1135 2898 au-

178 2920 318 2985 ctoribus
332 2934 451 2986 temere
466 2925 599 2989 credens
611 2924 776 2988 consilium
791 2931 961 2986 commutat
972 2930 1003 2985 et
1013 2919 1139 3006 proelio
1251 2917 1252 2939 ¹

177 3027 247 3071 rem
278 3010 474 3073 committere
511 3011 680 3074 constituit.
712 3009 847 3073 Multum
878 3008 920 3072 ad
951 3006 1034 3071 bano
1069 3027 1137 3068 rem

177 3090 375 3176 probandam
404 3094 532 3158 adiuvat
560 3095 783 3175 adolescentia,
816 3092 998 3180 magnitudo
1031 3091 1139 3172 animi,

178 3180 348 3261 superioris
377 3189 440 3243 tem
463 3182 526 3244 oris
555 3190 737 3266 proventus,
766 3179 882 3245 fiducia
907 3179 955 3242 rei
981 3176 1063 3242 bene
1085 3197 1133 3261 ge

176 3262 305 3330 rendae.
328 3265 388 3328 His
410 3203 505 3329 rebus
525 3266 678 3351 impulsus
701 3268 872 3352 equitatum
895 3285 1018 3328 omnem
1039 3265 1142 3347 prima

178 3359 273 3412 noete
295 3351 337 3414 ad
359 3361 463 3414 castra
476 3351 613 3416 hostium
635 3354 730 3415 mittit
745 3351 786 3415 ad
800 3351 918 3415 flumen
939 3347 1141 3434 Bagradam3

179 3433 294 3517 quibus
316 3447 461 3522 praeerat
483 3435 633 3519 Saburra,
657 3437 697 3502 de
720 3460 781 3523 quo
803 3448 876 3502 ante
899 3446 966 3498 erat
987 3433 1140 3514 auditum,

179 3517 238 3580 sed
259 3542 318 3584 rex
340 3522 486 3586 omnibus
512 3524 612 3608 copiis
633 3521 859 3609 insequebatur
882 3531 912 3586 et
934 3543 992 3584 sex
1016 3518 1140 3584 milium
