2538 3978
411 176 546 242 COMM.
568 178 601 242 Π
623 177 716 244 ΟΑΡ.
739 179 874 243 37-40.
1081 176 1117 239 71

165 370 314 436 passuum
342 347 508 412 intervallo
536 370 555 411 a
587 347 729 414 Saburra
758 347 955 412 consederat.
988 339 1120 432 Equites

166 435 253 498 missi
281 444 374 499 nocte
400 435 461 498 iter
490 433 666 516 conficiunt,
694 432 907 518 imprudentes
935 442 1029 515 atque
1055 433 1120 496 ino-

164 523 310 668 qinantes
342 520 448 584 hostes
481 519 715 604 aggrediuntur.
748 517 903 582 Numidae
932 518 1016 580 enim
1046 537 1127 616 qua.

189 628 239 668 am
261 604 398 668 barbara
420 603 647 668 consuetudine
678 603 774 668 bullis
809 601 970 666 ordinibus
999 623 1120 686 passrm

166 690 381 754 consederant.
405 689 473 752 Hos
490 711 657 774 oppressos
674 711 783 753 somno
799 697 830 754 et
845 688 1004 773 dispersos
1017 687 1120 752 adorti

165 797 315 860 magnum
338 793 445 838 eorum
467 797 632 837 numerum
653 773 860 855 interficiunt3
889 773 979 836 multi
1001 783 1118 858 perter-

164 862 217 924 riti
238 859 428 945 profugiunt.
463 858 533 937 Quo
563 859 646 923 facto
669 859 710 923 ad
732 858 901 923 Curionem
925 859 1048 944 equites
1069 879 1118 922 re-

165 954 332 1009 vertuntur
355 947 558 1030 captivosque
582 945 622 1008 ad
645 967 716 1008 eum
738 944 901 1007 reducunt.

229 1030 279 1094 39.
304 1028 399 1094 Curio
423 1051 494 1093 cum
517 1031 660 1094 omnibus
683 1030 781 1114 copiis
805 1038 917 1114 quarta
932 1027 1043 1112 vigilia
1064 1049 1113 1090 ex-

163 1117 245 1180 ierat
277 1115 459 1179 cohortibus
490 1123 514 1174 V
545 1117 656 1178 castris
689 1115 847 1200 praesidio
880 1114 1007 1178 relictis
1040 1109 1119 1180 Pro-

164 1223 292 1288 gressus
313 1199 400 1264 milia
421 1223 572 1285 passuum
596 1209 631 1270 VI
654 1201 776 1287 equites
800 1201 954 1280 convenit,
977 1219 1043 1263 rem
1065 1220 1118 1282 ge-

165 1297 246 1351 stam
278 1287 440 1370 cognovit3
474 1287 647 1370 eceptivis
675 1287 804 1371 quaerit,
840 1287 908 1371 quis
943 1285 1055 1348 castris
1078 1283 1119 1347 ad

163 1371 212 1436 Ba
234 1371 345 1436 radam
373 1372 507 1456 praesit:
540 1371 734 1455 respondent
766 1370 946 1434 Saburram.
984 1369 1119 1456 Reliqua

165 1396 267 1522 studio
288 1458 409 1522 itineris
432 1456 617 1521 conficiendi
640 1478 792 1542 quaerere
806 1457 1026 1540 praetermittit
1046 1477 1118 1540 pro-

164 1545 313 1629 ximaque
345 1543 520 1628 respiciens
550 1543 650 1626 signa,
689 1542 863 1622 Videtisne,
896 1542 1004 1626 inquit,
1037 1538 1118 1602 mili-

163 1637 221 1710 tes,
255 1629 449 1713 captivorum
471 1630 644 1692 orationem
666 1650 737 1692 eum
755 1627 896 1711 perfugis
926 1623 1119 1692 convenire?

164 1714 277 1778 abesse
305 1737 424 1798 regem,
462 1715 595 1798 exiguas
628 1735 699 1777 esse
732 1713 838 1798 copias
874 1713 998 1792 missas,
1037 1733 1118 1795 quaa

166 1800 276 1884 paucis
300 1799 456 1884 equitibus
477 1821 571 1884 pares
595 1821 664 1863 esse
686 1821 750 1863 non
772 1797 954 1884 potuerint?
980 1796 1118 1862 Proinde
1185 1807 1191 1825 “

166 1883 207 1946 ad
227 1883 389 1968 praedam,
413 1883 453 1946 ad
475 1883 608 1968 gloriam
627 1893 806 1969 properate,
829 1893 864 1946 ut
885 1884 947 1946 iam
970 1882 1009 1947 de
1028 1904 1117 1967 prae-

164 1970 236 2031 miis
258 1971 372 2032 vestris
396 1979 427 2033 et
449 1969 489 2032 de
510 1968 678 2033 referenda
700 1971 803 2054 gretie
830 1970 969 2054 cogitare
990 1969 1118 2052 incipis

163 2076 243 2116 mus.
287 2054 387 2117 Erant
408 2077 466 2139 per
488 2077 522 2118 se
539 2077 668 2138 magne,
703 2077 783 2140 quae
806 2061 971 2138 gesserant
986 2053 1117 2140 equites,

163 2140 351 2225 praesertim
395 2161 469 2202 uum
489 2162 597 2204 eorum
611 2141 743 2223 exiguus
766 2161 915 2204 numerus
938 2161 1010 2203 cum
1031 2147 1119 2204 tanta

162 2224 362 2288 multitudine
373 2163 590 2289 (llumidarum
613 2225 814 2290 conferretur.
844 2225 934 2289 Haec
955 2233 1062 2288 tamen
1077 2224 1118 2289 ab

161 2310 239 2394 ipsis
260 2309 399 2374 inflatius
422 2309 754 2392 commemorabantur,
778 2321 812 2373 ut
827 2310 866 2374 de
888 2311 954 2374 suis
975 2309 1119 2374 homines

162 2393 308 2458 laudibus
331 2395 466 2458 libenter
487 2396 679 2480 praedicant.
708 2395 809 2460 Multa
830 2406 995 2480 praeterea
1017 2395 1119 2480 spolia

161 2480 429 2565 praeferebantur,
463 2482 546 2565 capti
575 2481 716 2544 homines
739 2483 875 2567 equique
903 2481 1119 2566 produceban-

161 2574 222 2646 tur,
256 2576 299 2646 ut,
334 2565 486 2652 quicquid
512 2566 723 2630 intercederet
744 2567 901 2650 temporis,
939 2566 999 2631 hoc
1026 2587 1122 2634 omne

160 2651 326 2714 victoriam
348 2653 465 2714 morari
486 2651 656 2715 videretur.
689 2651 738 2714 lta
769 2653 835 2736 spei
859 2651 1004 2716 Curionis
1038 2651 1118 2716 mili-

162 2742 228 2798 tum
251 2735 353 2798 studia
374 2758 438 2798 non
466 2735 605 2800 deerant.
637 2735 770 2822 Equites
805 2739 896 2822 sequi
927 2737 1015 2800 iubet
1047 2759 1120 2802 sess
1186 2767 1188 2770 ·

162 2821 285 2906 iterque
307 2821 473 2902 accelerat,
506 2831 541 2884 ut
563 2843 658 2908 quam
679 2824 817 2888 maxime
841 2846 882 2887 ex
902 2823 977 2908 fuga
998 2832 1118 2906 perter-

161 2906 238 2968 ritos
261 2905 376 2971 adoriri
398 2916 514 2991 posset.
537 2907 581 2969 At
602 2906 649 2969 illi
671 2909 784 2972 itinere
806 2909 900 2971 totius
922 2910 1023 2972 noctis
1046 2929 1118 2972 con-

161 2989 236 3052 fecti
259 2990 353 3054 subse
376 2993 409 3055 ui
430 3013 494 3055 non
515 3001 669 3076 poterant,
704 3001 796 3078 atque
820 2993 874 3056 alii
896 2992 957 3056 alio
980 2991 1048 3056 loco
1070 3013 1122 3056 re·-

163 3074 324 3138 sistebant.
356 3015 406 3140 lte
428 3076 507 3141 haec
530 3077 656 3164 quidem
680 3077 852 3142 Curionem
875 3078 916 3142 ad
938 3099 1026 3162 spem
1053 3099 1119 3142 mo

159 3158 322 3224 rebantur.

225 3244 276 3308 40.
299 3244 380 3309 Iuba
407 3249 521 3310 certior
553 3247 652 3311 faetus
676 3271 696 3312 a
717 3246 859 3312 Saburra
892 3247 932 3316 de
963 3255 1121 3312 nocturno

58 3332 63 3343 ‘
161 3329 282 3412 proelio
304 3338 327 3392 ll
350 3331 437 3395 milia
468 3333 683 3418 Hispanorum
712 3343 743 3398 et
773 3333 934 3398 Gallorum
969 3334 1119 3418 equitum,

162 3433 241 3498 quos
265 3436 339 3479 suae
363 3417 524 3481 custodiae
547 3441 651 3512 causa.
665 3420 782 3482 circum
807 3441 840 3484 se
856 3417 973 3482 habere
989 3437 1117 3483 consue-
