2490 3974
170 241 233 307 220
480 243 606 307 BELLl
628 241 819 308 AFRICAE

169 414 316 480 omnibus
349 413 485 501 epibatis
518 424 613 502 atque
647 418 742 480 etiarn
775 415 911 506 hostium
947 415 1151 480 custodibus

170 505 270 562 CXXX
293 501 325 562 in
348 523 387 565 ea
400 522 483 564 nave
498 504 598 586 captia
613 503 775 567 triremem
788 502 926 565 hostium
940 502 1145 586 proximam,

169 603 252 670 quac
273 585 308 649 in
328 586 535 672 repugnando
558 597 628 652 erat
649 596 850 668 commorata,
873 597 1017 651 onustam
1038 590 1147 650 remi-

168 691 244 754 gum
267 670 527 757 epibatarumque
556 674 648 757 cepit.
684 672 837 757 Reliquae
868 693 967 736 naves
994 671 1144 736 hostium

167 757 415 840 promontorium
444 769 631 842 superarunt
660 766 754 842 atque
783 757 991 821 Adrumetum
1017 760 1051 821 in
1083 777 1144 821 ct>

167 841 296 905 thonem
313 864 347 907 se
361 843 529 907 universae
543 843 751 907 contulerunt
774 842 895 907 Caesar
910 842 1020 907 eodem
1034 851 1143 906 vento

167 928 417 1011 promontorium
438 949 591 1012 superare
620 951 684 992 non
713 930 815 1013 potuit
835 939 930 1014 atque
951 930 984 991 in
1007 927 1077 991 salo
1102 931 1141 992 in

168 1015 293 1076 ancoris
316 1035 355 1076 ea
376 1023 469 1076 nocte
491 1025 701 1079 commoratus
717 1015 820 1098 prima
833 1013 905 1077 loce
921 1012 1142 1077 Adrumetnm

167 1096 291 1161 accedit
317 1097 425 1198 ibique
454 1097 589 1162 navibus
617 1101 780 1180 onerariis,
831 1121 892 1163 uae
920 1107 1010 1161 erant
1040 1108 1139 1162 extra

167 1181 344 1264 cothonem,
373 1185 512 1248 lucensis
541 1183 751 1269 omnibusque
783 1121 914 1269 rdiiquis
944 1183 985 1246 ab
1011 1184 1051 1246 iis
1080 1193 1140 1246 aut

167 1266 331 1332 subductis
353 1271 463 1332 autin
485 1267 651 1334 cothonem
666 1269 838 1356 compulsis
860 1268 1023 1355 paulisper
1045 1291 1138 1332 com-

167 1363 317 1434 moratus,
342 1355 369 1416 si
389 1353 469 1419 forte
490 1353 612 1420 vellent
640 1354 742 1420 classe
771 1355 933 1436 dimicare,
964 1375 1079 1417 rursus·
1099 1375 1138 1416 se

166 1440 287 1522 recepit
307 1442 340 1503 in
363 1449 476 1503 castra.

230 1523 344 1587 64.1n
376 1547 415 1589 ea
446 1547 528 1588 nave
561 1535 671 1611 eaptus
694 1537 742 1590 est
774 1527 810 1590 P.
843 1525 998 1606 Vossius,
1033 1545 1137 1610 eques

166 1604 337 1689 Romanus,
368 1619 400 1674 et
420 1610 456 1674 P.
479 1611 517 1673 L‘
542 1612 627 1674 arius
659 1612 862 1693 Afranianus,
893 1633 987 1697 quem
1010 1609 1138 1674 Caesar

166 1693 199 1756 in
222 1693 378 1780 Hispania
399 1717 471 1759 cum
492 1633 623 1781 uliiquis
651 1697 823 1778 dimiserat,
847 1707 880 1761 et
900 1707 1011 1782 postca
1032 1715 1068 1759 se
1092 1695 1137 1759 ad

166 1777 352 1865 Pompeium
382 1780 566 1862 contuderat,
596 1781 672 1847 inde
701 1805 743 1847 ex
769 1783 891 1868 proelio
921 1782 1077 1864 effugerat
1099 1782 1135 1843 in

166 1864 370 1952 Africamque
400 1865 441 1929 ad
470 1867 589 1930 Varum
621 1879 769 1950 venerat3
797 1889 892 1954 quem
924 1866 965 1932 ob
999 1868 1134 1951 periurii

165 1951 332 2034 perfidiam
360 1951 481 2016 Caesar
512 1953 604 2015 iussit
635 1955 751 2016 necari
785 1954 820 2016 P.
853 1953 982 2016 Vestrio
1015 1961 1133 2034 autem,

167 2035 253 2120 quod
275 2038 342 2100 eius
364 2038 461 2101 irater
482 2038 600 2102 Romae
622 2040 791 2122 pecuniam
812 2040 998 2126 imperatam
1021 2057 1133 2101 nume·

165 2132 302 2203 reverat,
326 2133 357 2187 et
401 2121 464 2187 uod
485 2123 555 2208 ipse
578 2145 668 2187 suam
690 2145 819 2188 causam
837 2123 1029 2210 probaverat
1050 2121 1133 2186 Cae·

166 2209 238 2288 seri,
268 2230 302 2272 se
332 2231 352 2272 a
377 2147 489 2272 basiet
518 2207 620 2272 classe
648 2219 782 2294 captum,
817 2231 913 2296 quum
946 2208 987 2271 ad
1018 2229 1131 2272 necem

164 2289 341 2376 duceretui,
365 2293 521 2358 beneficio
543 2295 621 2358 Vari
644 2317 714 2358 esse
742 2307 918 2376 servatum
934 2304 1047 2379 postea
1068 2293 1131 2356 sibi

165 2375 348 2444 facultatem
369 2378 491 2443 nullam
513 2379 620 2444 datam
641 2381 836 2462 transeundi,
859 2381 990 2466 ignovit.

229 2463 280 2525 65.
303 2463 363 2528 Est
390 2466 423 2528 in
450 2464 561 2530 Africa
590 2466 784 2530 consuetudo
811 2465 995 2546 incolarum,
1029 2475 1064 2527 ut
1096 2466 1129 2528 in

164 2547 249 2633 agris
272 2558 305 2613 et
325 2551 358 2613 in
381 2549 526 2614 omuibus
549 2551 616 2616 fere
637 2548 722 2615 villis
745 2550 906 2615 subterra
928 2571 1042 2635 specus
1064 2549 1129 2613 fru-

163 2636 262 2698 menti
283 2634 445 2706 condendi,
462 2637 565 2720 gratia
587 2636 668 2700 elam
683 2635 823 2700 habeant
836 2646 931 2721 atque
952 2635 987 2698 id
1000 2644 1131 2720 propter

163 2717 250 2783 bella
278 2722 415 2785 maxime
443 2721 643 2808 hostiumque
667 2721 804 2786 subitum
839 2723 1010 2786 adventum
1038 2742 1128 2805 prae·

164 2813 287 2890 parent.
311 2804 382 2884 Qua
405 2805 445 2871 de
466 2827 502 2870 re
525 2805 643 2871 Caesar
664 2829 723 2892 per
744 2807 881 2872 indicem
896 2808 1012 2872 certior
1027 2805 1128 2868 sactus

163 2891 256 2955 tertia
282 2890 393 2976 vigilia
422 2892 565 2977 legiones
593 2892 671 2958 duas
701 2913 773 2956 cum
801 2894 942 2979 equitatu
971 2891 1065 2955 mittit
1087 2890 1127 2954 ab

163 2976 277 3040 castris
301 2978 366 3040 suis
388 2976 476 3043 milia
497 2999 650 3062 passuum
672 2985 697 3040 X
720 2989 814 3064 atque
836 2977 911 3041 inde
932 2999 1048 3063 magno
1069 2995 1126 3040 nu·

163 3081 251 3127 mero
266 3061 415 3126 frumenti
430 3073 559 3128 onustos
574 3065 687 3148 recipit
700 3066 733 3128 in
756 3073 868 3128 castra.
893 3062 1016 3141 Quibus
1031 3059 1126 3124 rebus

163 3147 299 3232 cognitis
332 3147 493 3212 Labienus
526 3171 714 3234 progressus
748 3172 768 3213 a
797 3151 861 3213 suis
895 3149 1007 3212 castris
1040 3146 1125 3210 milia

84 3301 93 3311 ,
162 3252 314 3316 passuum
336 3241 385 3296 Vll
408 3255 466 3322 per
486 3235 595 3318 iugum
618 3244 649 3298 et
671 3233 795 3315 collem,
818 3255 876 3320 per
898 3254 992 3320 quem
1008 3231 1125 3296 Caesar

163 3318 266 3401 pridie
288 3320 348 3383 iter
369 3321 497 3384 fecerat.
519 3319 565 3382 ibi
587 3328 691 3384 castra
713 3320 847 3384 duarum
870 3319 1028 3406 legionum
1052 3317 1125 3380 facit
1218 3371 1219 3382 ,

166 3411 258 3488 ‘tque
301 3407 370 3488 ipse
407 3405 547 3491 quotidie
590 3406 775 3470 existimans
809 3403 980 3470 Gaesarem
1016 3403 1124 3467 cadem

203 3507 259 3572 ape
280 3490 493 3555 frumentandi
514 3491 618 3577 gratia
640 3500 887 3556 commeaturum
915 3511 987 3554 cum
1011 3507 1124 3570 magno
