2534 3970
212 207 249 272 18
464 205 528 268 DE·
545 204 687 268 BELLO
711 203 901 269 GALLIOO

208 385 297 458 sent,
331 398 365 440 se
399 375 510 438 eodem
541 373 626 457 loco,
661 396 721 460 quo
753 374 936 456 Helvetios,
969 373 1157 440 habiturum.

209 465 278 547 lpse
299 460 402 524 triduo
425 461 603 525 intermisso
626 481 695 524 cum
719 459 862 524 omnibus
885 461 983 545 copiis
999 482 1054 526 eos
1070 465 1158 547 sequi

208 547 340 631 coepit·

271 631 321 694 27.
351 629 490 695 Helvetii
505 633 642 694 omnium
657 653 762 694 rerum
776 633 828 694 ino
852 631 883 694 ie
897 629 1024 693 adducti
1038 628 1158 714 legatos

209 718 248 782 de
271 716 429 781 deditione
452 716 490 778 ad
514 739 585 780 enm
607 717 767 781 miserunt.
813 653 876 794 (lui
902 737 999 800 quum
1028 737 1098 779 eum
1125 718 1158 780 in

207 803 319 866 itinere
342 803 561 866 convenissent
584 800 839 887 sequecdpedes
861 800 1068 884 proiecissent
1087 823 1158 885 sup·

209 887 392 972 plicitcrqne
413 885 511 950 locuti
531 885 642 950 flentes
663 908 774 971 pacem
796 887 956 971 petissent,
984 897 1077 969 atque
1104 908 1158 948 eos

207 973 241 1036 in
264 994 299 1036 eo
329 970 408 1052 loco,
433 994 493 1056 quo
516 981 582 1038 tum
605 980 718 1050 essent,
742 993 833 1036 enum
855 969 1025 1034 adventum
1048 992 1158 1055 exspe-

209 1065 294 1120 ctare
316 1057 467 1136 iussisset,
490 1065 671 1140 paruerunt.
698 1055 746 1120 Eo
768 1064 934 1140 postquam
950 1053 1069 1118 Caesar
1086 1059 1158 1140 'per-

210 1143 304 1221 venit,
328 1141 461 1221 obsides
486 1163 715 1222 a1·mc,eervos,
740 1143 793 1226 qui
808 1140 848 1204 ad
871 1163 924 1204 cos
940 1140 1157 1225 perfugissent,
1245 1175 1246 1184 ÷

209 1228 358 1321 poposcit.
381 1225 466 1288 Dum
490 1249 527 1290 en
549 1228 776 1311 conquiruntur
791 1237 822 1291 et
837 1225 1047 1306 conferuntur,
1066 1234 1158 1288 nocte
1245 1235 1246 1246 ¹

209 1311 386 1376 intermissa
408 1312 531 1376 circiter
553 1311 712 1376 hominum
735 1310 821 1374 milia
844 1318 877 1371 Vl
910 1311 976 1372 eius
999 1311 1082 1394 pegi,
1106 1312 1158 1409 qui
1245 1325 1246 1330 ’

209 1396 405 1480 Verbigenus
422 1395 604 1480 appelletur,
622 1399 688 1459 sive
704 1398 815 1460 timore
827 1397 992 1480 perterriti,
1010 1417 1049 1458 ne
1061 1417 1158 1458 armis

194 1481 330 1546 traditis
353 1481 505 1566 supplicio
522 1481 727 1559 efficerentur,
738 1539 741 1543 .
752 1481 818 1546 sive
834 1502 889 1564 spe
905 1479 1013 1544 salutis
1030 1480 1158 1561 inducti,

210 1566 293 1650 quod
316 1571 347 1628 in
369 1576 458 1630 tante
480 1565 677 1630 multitudine
701 1566 916 1629 dediticiorum
939 1588 1028 1628 suam
1053 1564 1159 1649 fugem
1245 1563 1246 1570 '

210 1661 262 1714 aut
283 1649 433 1716 occultari
455 1663 508 1714 aut
530 1653 654 1714 omnino
670 1652 807 1736 ignorari
826 1672 918 1735 posse
936 1651 1158 1730 existimarent,

209 1737 311 1820 prime
335 1746 427 1799 nocte
450 1739 559 1799 castris
582 1736 799 1800 Helvetiorum
815 1737 934 1820 egressi
956 1735 995 1798 ad
1015 1734 1159 1798 Rhenum

209 1821 350 1906 finesque
373 1820 600 1886 Germanorum
626 1821 861 1887 contenderunt.

273 1906 323 1968 26.
364 1904 458 1984 Quod
486 1905 541 1968 ubi
571 1905 689 1970 Caesar
710 1907 826 1987 resciit,
850 1928 979 1991 quorum
1002 1927 1059 1988 per
1080 1903 1158 1968 fines

209 1993 310 2054 ierant
317 2040 324 2070 ,
347 1990 396 2053 his
403 2039 411 2071 ‚
442 1993 487 2054 uti
514 1993 735 2076 conquirerent
765 2001 795 2055 et
825 1991 1018 2070 reducerent,
1049 1990 1074 2052 si
1098 1988 1157 2052 sibi

211 2077 335 2160 purgati
357 2097 426 2138 esse
449 2075 575 2156 vellent,
598 2078 778 2161 imperavit:
802 2075 947 2139 reductos
969 2077 1001 2137 in
1023 2074 1158 2138 hostium

210 2182 339 2224 numero
351 2159 475 2242 habuit3
497 2161 556 2225 reli
577 2183 635 2224 uos
652 2183 759 2225 omncs
775 2159 946 2241 obsidibus,
963 2161 1067 2240 ermis,
1090 2181 1158 2244 per·

210 2245 291 2330 iugis
313 2246 435 2309 traditis
457 2247 490 2309 in
513 2185 702 2310 deditionem
724 2247 854 2330 accepit.
899 2243 1071 2326 Helvetios,
1098 2244 1159 2307 Tu-

210 2330 321 2415 lingos,
343 2330 510 2395 Letovicos
531 2333 564 2394 in
585 2331 664 2395 fines
688 2354 775 2413 suos,
798 2330 882 2394 unde
910 2340 998 2394 erent
1019 2329 1158 2414 profecti,

209 2417 326 2480 reverti
359 2417 463 2497 iussit,
497 2426 528 2480 et
554 2416 638 2502 quod.
666 2416 809 2480 omnibus
846 2414 998 2479 fructibus
1036 2415 1159 2478 amissis

210 2499 293 2565 domi
319 2500 398 2565 nihil
420 2510 497 2583 erat,
521 2523 582 2586 quo
604 2501 720 2565 famem
734 2500 913 2580 tolerarent,
935 2499 1160 2585 Allobrogibus

209 2584 391 2680 imperavit,
425 2596 460 2650 ut
488 2587 527 2650 iis
554 2587 700 2651 frumenti
734 2588 857 2670 copiam
889 2585 1040 2649 facerent:
1075 2587 1160 2670 ipsos

210 2692 227 2734 ο
251 2670 324 2756 pide
345 2673 503 2756 vicosque,
528 2693 605 2771 quos
633 2672 846 2752 incenderent,
869 2672 1032 2734 restituere
1057 2672 1158 2736 iussit.

209 2693 249 2820 ll
268 2778 306 2819 ea
327 2758 463 2820 maxime
485 2767 604 2821 ratione
626 2756 709 2838 fecit,
733 2756 817 2842 quod
838 2754 939 2819 noluit
960 2755 1030 2819 enm
1046 2753 1159 2837 locum,

209 2840 292 2906 unde
318 2841 456 2905 Helvetii
479 2841 697 2923 discesserant,
720 2863 844 2921 vocare,
867 2862 908 2903 ne
923 2850 1051 2926 propter
1071 2839 1160 2904 boni-

208 2935 303 2990 tatem
319 2949 465 3026 agrorum
481 2925 639 3009 Germani,
660 2923 820 3011 qui'trens
841 2925 986 2991 Rhenum
1010 2925 1160 3007 incolunt,

209 3033 226 3074 e
249 3013 313 3075 suis
336 3011 450 3076 linibus
472 3012 505 3076 in
527 3010 742 3076 Helvetiorum
764 3011 843 3074 fines
858 3011 1026 3074 transirent
1047 3022 1078 3072 et
1091 3011 1162 3074 fini-

207 3097 275 3160 timi
291 3095 414 3161 (ialliae
452 3097 609 3162 revinciae
624 3095 911 3180 Allobrogibusque
928 3105 1041 3158 essent.
1063 3095 1161 3160 Boios

208 3181 386 3267 petentibus
446 3181 575 3263 aeduis,
609 3181 692 3266 qnod
714 3183 843 3266 egregie
862 3183 977 3244 virtute
1000 3189 1089 3244 erent
1109 3201 1163 3244 eo·

208 3267 296 3350 gniti,
318 3276 353 3329 ut
374 3268 407 3330 in
422 3266 536 3331 finibus
552 3267 616 3330 suis
631 3265 831 3346 collocarent,
854 3267 1024 3347 concessit3
1047 3264 1163 3349 quibus

209 3350 253 3416 illi
282 3373 374 3437 agros
404 3351 558 3416 dederunt
587 3373 728 3438 quosque
756 3363 865 3438 postea
892 3351 925 3414 in
952 3371 1060 3436 parem
1081 3351 1163 3414 iuris

207 3435 424 3522 libertatisque
437 3435 656 3515 conditionem,
674 3447 766 3522 atque
778 3438 839 3521 ipsi
851 3444 948 3517 erent,
963 3447 1163 3519 receperunt.
