2562 3970
187 211 228 276 28
471 213 533 278 DE
554 213 697 278 BELLO
721 212 855 278 clvm

187 385 289 470 primo
322 405 493 470 congressu
524 393 616 470 terga
644 393 771 448 vertere
810 384 1007 470 cotgissentr
1043 384 1146 448 nostri

187 478 301 550 sutem,
325 469 409 556 quod
429 471 474 534 ini
496 490 536 534 uo
558 469 628 536 loco
650 479 744 556 atque
765 471 878 554 impari
899 469 1062 554 congressi
1085 490 1146 532 nu-

187 577 275 618 mero
314 556 452 640 quinque
510 556 574 619 oris
606 555 761 640 proelium
793 555 1024 633 sustinuissent,
1077 552 1147 618 uod

187 651 327 704 montem
348 638 461 724 gladiis
484 639 640 704 destrictis
662 641 887 721 ascendissent,
910 639 996 725 quod
1017 576 1145 702 exloco

188 727 349 809 superiore
370 734 462 810 terga
483 734 608 789 vertere
630 726 831 789 adversarios
854 726 1032 809 ootgissent
1046 733 1144 809 atque

188 812 222 873 in
244 809 394 894 oppidum
426 809 660 895 compulissent.
697 809 750 872 Illi
782 833 855 874 eum
885 807 1049 888 tumulum,
1083 830 1144 893 pro

189 916 250 980 quo
274 904 447 979 pugnatum
470 904 526 975 est,
548 897 673 980 magnis
696 894 844 980 operibus
859 895 1039 958 muniemmt
1052 915 1144 978 prae·

188 979 364 1064 sidiumque
387 978 432 1042 ibi
454 990 636 1064 posuerunt.

250 1065 302 1128 48.
324 1063 450 1128 Accidit
464 1065 558 1128 etiam
577 1087 611 1128 re
636 1067 775 1128 antinum
789 1064 1019 1130 incommodum
1035 1063 1143 1146 bidae,

189 1171 251 1235 quo
270 1149 353 1212 haec
374 1158 464 1233 gesta
486 1159 568 1213 sunt.
592 1087 695 1214 iluna
710 1151 793 1213 enim
808 1159 977 1236 tempestas
993 1149 1143 1229 cooritur,

187 1245 222 1298 ut
242 1238 414 1320 numquam
435 1233 497 1298 illis
520 1233 597 1298 loeis
619 1237 754 1300 maiores
776 1257 874 1320 aquas
896 1234 993 1298 fuisse
1022 1242 1146 1297 consta-

188 1329 245 1383 ret.
268 1319 350 1383 Tum
372 1328 477 1383 autem
500 1341 541 1384 ex
563 1319 707 1384 omnibus
734 1320 892 1385 montibus
913 1321 1004 1383 nives
1025 1317 1145 1403 proluit

189 1427 227 1470 ac
248 1427 386 1469 summas
409 1405 494 1489 ripas
516 1405 656 1470 fluminis
672 1407 835 1490 superavit
849 1414 1025 1490 pontesque
1040 1403 1144 1486 ambo,

190 1512 268 1576 quos
292 1488 328 1553 O.
350 1489 470 1554 Fabius
500 1489 629 1572 fecerat,
662 1513 726 1556 uno
759 1491 810 1554 die
842 1491 1018 1574 interrupit.
1052 1487 1144 1566 Quae

189 1597 241 1640 res
267 1594 399 1659 magnas
433 1574 633 1640 difficultates
667 1577 820 1639 exercitui
854 1575 998 1640 Caesaris
1030 1573 1142 1638 attulit

190 1660 303 1724 Castra
325 1662 419 1741 enim,
440 1669 476 1724 ut
497 1683 594 1744 supra
616 1659 863 1725 demonstratum
885 1670 942 1742 est,
976 1681 1072 1745 quum
1095 1681 1143 1723 es·

190 1757 260 1809 sent
281 1747 364 1809 inter
386 1744 517 1810 flumina
549 1745 621 1826 duo,
655 1745 789 1810 Sicorim
811 1757 843 1810 et
865 1746 1008 1830 (lingum,
1042 1747 1144 1829 spatio

188 1831 309 1895 milium
341 1838 428 1911 XXX,
461 1840 607 1896 neutrum
635 1831 748 1895 horum
769 1832 896 1896 transiri
948 1839 1056 1911 oterat,
1089 1851 1143 1906 ne-

189 1917 389 2001 cessarioque
411 1939 520 1981 omnes
542 1916 591 1980 his
613 1917 766 2000 angustiis
796 1853 1044 1982 continebantur.
1081 1914 1143 1978 Ne-

189 2023 250 2086 que
272 2001 426 2081 civitates,
460 2023 541 2087 quac
563 2001 604 2066 ad
626 2001 775 2066 Caesaris
803 2002 971 2066 amicitiam
1000 2022 1143 2064 accesse-

188 2097 267 2167 rant,
290 2085 480 2150 frumentum
503 2097 698 2172 supportare,
721 2110 825 2182 peque
839 2088 871 2168 ii,
894 2088 949 2173 qui
958 2085 1144 2172 pabulatum

189 2170 313 2257 longius
335 2172 497 2256 progressi
519 2181 618 2254 erant,
641 2172 804 2236 interclusi
818 2171 999 2246 fluminibus
1015 2172 1141 2251 reverti,

103 2323 109 2336 ,
188 2279 292 2342 neque
324 2257 453 2320 maximi
485 2266 687 2339 commeatus,
722 2259 776 2343 qui
798 2280 840 2320 ex
860 2257 952 2321 Italia
975 2255 1143 2341 Galliaque

187 2341 367 2421 veniebant,
389 2344 423 2406 in
445 2351 549 2406 castra
563 2344 728 2427 pervenire
745 2352 898 2428 poterant.
921 2342 999 2406 Tem
1021 2363 1058 2404 us
1074 2351 1144 2404 erat

188 2437 292 2490 autem
314 2425 542 2509 difficillimum,
566 2450 627 2513 quo
641 2449 744 2513 neque
761 2429 919 2492 frumenta
940 2449 981 2490 ex
1026 2425 1143 2490 'bernis

188 2521 278 2576 erant
297 2534 443 2598 novaque
465 2512 597 2576 multum
618 2536 638 2576 a
659 2515 837 2578 maturitate
860 2513 1002 2596 aberant,
1033 2533 1070 2574 ac
1099 2513 1141 2576 oi-

187 2597 301 2676 vitates
324 2597 511 2678 exinanitae,
546 2598 630 2684 quod
658 2597 810 2663 Afranius
838 2620 939 2746 paene
962 2595 1092 2662 omnes
1129 2633 1142 2644 -

188 2691 328 2746 mentum
350 2693 422 2745 ante
446 2682 592 2747 Caesaris
626 2684 796 2748 adventum
823 2683 961 2748 Ierdam
985 2703 1141 2746 convexe-

190 2776 248 2850 rat,
270 2766 385 2852 'reliqui
407 2768 434 2830 si
455 2768 531 2854 quid
552 2775 663 2850 tuerat,
697 2768 817 2833 Caesar
838 2767 1052 2855 superioribus
1075 2767 1139 2831 die-

187 2851 248 2916 bus
270 2863 523 2939 consumpserat:
557 2876 682 2939 peoora,
712 2854 798 2939 quod
827 2855 999 2919 secundum
1020 2860 1143 2938 poterat

134 3004 135 3010 ἵ
189 2960 259 3002 esse
280 2939 405 3023 inopiae
428 2939 611 3022 subsidium,
634 2949 764 3026 propter
786 2938 905 3003 bellum
926 2941 1077 3004 finitimae
1099 2941 1142 3002 ci-

189 3026 303 3088 vitates
325 3022 449 3108 longius
471 3034 680 3090 removerant.
703 3021 767 3103 Qui
789 3034 880 3106 erant
901 3023 1074 3110 pabulandi
1088 3035 1142 3086 aut

187 3108 398 3174 frumentandi
420 3132 518 3174 causa
549 3111 717 3195 progressi,
755 3110 811 3174 hos
848 3109 927 3174 levis
965 3119 1141 3174 armaturae

187 3193 331 3258 Lusitani
352 3195 508 3280 peritique
531 3217 641 3258 earum
664 3197 828 3279 regionum
851 3197 962 3259 cetrati
984 3195 1140 3258 citerioris

188 3278 361 3364 Hispaniae
384 3279 664 3362 consectabantur;
694 3279 807 3366 quibus
829 3290 898 3344 erat
918 3280 1058 3365 proclive
1079 3287 1141 3343 tra-

188 3383 265 3425 nare
287 3362 414 3445 flumen,
449 3364 533 3451 quod
565 3363 759 3430 consuetudo
792 3387 901 3429 eorum
924 3367 1061 3430 omnium
1084 3373 1141 3442 est,

190 3454 225 3506 ut
246 3449 314 3512 sine
336 3449 458 3513 utribus
480 3449 521 3514 ad
543 3451 716 3514 exercitum
738 3472 801 3513 non
824 3461 905 3514 eant.
