2490 3974
211 239 274 304 232
518 241 648 306 BELLl
669 240 858 306 AFRICAE

212 410 325 474 itinere
348 423 421 476 ante
444 412 599 497 oppidum
615 412 780 498 Thapsum
809 414 949 478 constitit
970 411 1206 496 elephantos-

212 516 273 580 que
296 503 341 558 LX
363 507 491 562 ornatos
514 506 715 584 armatosque
748 520 819 562 cum
841 497 981 561 turribus
1004 520 1204 562 ornamen-

210 581 314 665 tisque
337 581 443 668 [capit]
458 593 574 667 ,captos
597 593 670 648 ante
692 582 842 668 oppidum
865 585 1033 646 instructos
1059 584 1202 647 consti·

211 666 280 746 tuit,
304 666 337 730 id
359 666 419 730 hoc
440 665 582 749 consilio,
606 671 633 731 si
654 679 761 753 posset
781 668 941 752 Vergilius
964 668 1096 766 quique
1117 690 1201 730 cum

212 771 249 814 eo
272 750 499 816 obsidebantur
520 755 566 816 rei
592 752 676 816 male
709 761 818 838 gestae
851 774 978 816 suorum
1010 751 1154 815 indicio
1181 774 1199 813 a

210 836 384 919 pertinacia
405 837 529 902 deduci.
559 837 685 902 Deinde
706 840 775 923 ipse
797 837 973 923 Vergilium
994 836 1197 922 appellavit

210 921 415 1008 invitavitque
438 921 480 986 ad
501 922 694 989 deditionem
716 945 868 1008 suamque
881 922 1046 986 lenitatem
1064 931 1107 983 et
1127 921 1194 986 cle-

210 1007 360 1070 mentiam
381 1010 647 1073 commemoravit
671 1007 774 1088 Quem
789 1017 953 1093 postquam
969 1006 1192 1070 animadver-

209 1091 247 1154 tit
268 1113 455 1177 responsum
476 1092 539 1156 sibi
565 1116 630 1160 non
662 1094 748 1175 dare,
786 1093 826 1157 ab
861 1091 977 1179 oppido
1011 1091 1190 1154 discessit.

209 1175 341 1242 Postero
364 1177 415 1241 die
443 1177 551 1242 divina
583 1203 619 1244 re
651 1180 735 1243 facta
767 1181 918 1243 concione
951 1176 1124 1241 advocata
1155 1177 1190 1239 in

209 1271 381 1346 conspectu
403 1263 630 1348 oppidanorum
664 1264 780 1328 milites
813 1262 972 1328 collaudat
1003 1270 1187 1348 totumque

209 1349 382 1412 exercitum
418 1358 605 1413 veteranum
641 1350 780 1431 donavit,
817 1350 959 1436 praemia
995 1347 1185 1411 fortissimo

208 1431 321 1517 cuique
344 1455 380 1497 ac
402 1433 485 1498 bene
507 1437 642 1498 merenti
663 1457 722 1519 pro
745 1444 897 1522 suggestu
918 1432 1029 1496 tribuit
1054 1453 1100 1495 ac
1120 1447 1183 1494 sta-

207 1517 262 1580 tim
295 1517 370 1581 indc
402 1519 563 1603 digressus
595 1519 709 1584 Rebilo
741 1519 930 1605 proconsule
963 1539 1036 1581 curn
1072 1524 1117 1577 ΙΙΙ
1142 1515 1183 1580 ad

207 1600 370 1688 Thapsum
402 1604 579 1689 legionibus
613 1615 645 1669 et
677 1602 735 1668 Cn.
764 1605 904 1670 Domitio
937 1626 1009 1667 cum
1044 1601 1180 1664 duabus

206 1686 370 1769 Thisdrae,
404 1689 460 1754 ubi
490 1688 658 1757 Considius
690 1700 846 1775 praeerat,
882 1689 924 1752 ad
956 1686 1178 1752 obsidendum

207 1772 324 1836 relictis
346 1773 389 1837 M.
412 1774 551 1839 Messala
571 1773 698 1838 Uticam
714 1785 786 1841 ante
801 1776 975 1861 praemisso
991 1794 1066 1836 cum
1083 1773 1176 1858 equi·

206 1867 273 1920 tatu
295 1859 363 1943 ipse
385 1860 498 1924 eodem
518 1861 579 1924 iter
599 1860 705 1924 facere
726 1859 898 1926 contendit.

270 1943 320 2008 87.
343 1943 477 2028 Equites
499 1946 626 2008 interim
649 1944 815 2033 Scipionis,
839 1948 893 2031 qui
915 1966 956 2008 ex
976 1939 1106 2029 proelio
1127 1942 1172 2005 fu·

203 2038 325 2111 gerant,
349 2051 446 2115 quum
467 2031 593 2095 Uticam
614 2052 727 2096 versus
750 2033 811 2095 iter
832 2031 982 2109 facerent,
1018 2029 1170 2111 perveni-

206 2123 261 2176 unt
283 2112 324 2178 ad
346 2115 497 2201 oppidum
517 2115 685 2180 Paradam.
708 2117 774 2181 Ubi
817 2139 893 2180 uum
915 2113 955 2178 ab
970 2111 1086 2176 incolis
1104 2135 1168 2175 non

203 2200 430 2284 reciperentur,
462 2200 536 2265 ideo
564 2200 649 2286 quod
681 2204 765 2266 lama
796 2141 838 2266 de
859 2199 991 2264 victoria
1013 2195 1166 2260 Caesaris

203 2287 484 2368 praecucurrisset,
507 2287 541 2350 vi
562 2286 677 2372 oppido
700 2289 790 2373 potiti
811 2290 845 2350 in
866 2283 970 2349 medio
984 2283 1053 2346 foro
1069 2281 1165 2366 lignis

184 2433 186 2438 ,
204 2371 397 2433 coacervatis
419 2370 628 2457 omnibusque
648 2371 743 2438 rebus
759 2393 867 2437 eorum
883 2368 1040 2454 congestis
1055 2367 1163 2451 ignem

204 2450 373 2518 subiiciunt
396 2465 491 2542 atque
513 2457 581 2520 eius
604 2457 712 2543 oppidi
734 2457 855 2522 incolas
887 2455 1039 2538 cuiusque
1068 2473 1161 2534 gene·

202 2537 245 2599 ris
269 2539 443 2626 aetatisque
465 2542 556 2606 vivos
579 2544 828 2627 constrictosque
851 2543 885 2604 in
906 2539 1066 2604 flammam
1087 2558 1157 2600 con·

203 2622 314 2686 iiciunt
336 2634 431 2710 atque
453 2627 497 2689 ita
519 2626 726 2693 acerbissimo
749 2627 890 2690 afficiunt
912 2622 1083 2708 supplicio,
1108 2621 1157 2683 de·

201 2707 275 2770 inde
296 2710 440 2792 protinus
463 2711 591 2777 Uticam
612 2713 811 2798 perveniunt.
834 2710 1004 2796 Superiore
1019 2716 1156 2790 tempore

200 2789 244 2854 M.
268 2791 357 2874 Uato,
394 2795 478 2879 quod
505 2797 540 2860 in
571 2796 776 2862 Uticensibus
808 2804 938 2881 propter
969 2789 1154 2856 beneficium
1215 2837 1216 2844 κ

200 2874 282 2960 legis
304 2877 405 2944 Iuliae
426 2903 539 2965 parum
561 2885 627 2946 suis
649 2882 792 2968 partibus
843 2878 972 2944 caesidii
1000 2897 1070 2940 esse
1090 2877 1152 2938 exi·

201 2963 394 3044 stinraverat,
416 2965 544 3050 plebem
565 2968 720 3032 inermem
742 2904 856 3052 oppido
879 2967 1017 3030 eiecerat
1039 2971 1151 3024 stante

200 3056 325 3130 portam
340 3049 502 3116 bellicam
532 3055 643 3116 castris
671 3052 819 3137 fossaque
847 3048 981 3136 parvula
1007 3045 1150 3109 duntaxat

199 3135 358 3197 munierat
378 3135 486 3222 ibique
514 3137 666 3201 custodiis
689 3136 890 3200 circumdatis
919 3131 1063 3198 habitare
1084 3142 1148 3197 coe·-

198 3229 303 3300 gerat3
320 3231 465 3284 senatum
480 3231 585 3286 autem
602 3222 709 3307 oppidi
724 3222 867 3286 custodia
877 3218 1015 3284 tenebat.
1037 3215 1147 3281 Eorum

199 3313 302 3365 castra
324 3302 358 3366 hi
379 3308 501 3390 equites
523 3305 627 3370 adorti
655 3328 836 3392 expugnare
870 3327 927 3368 coe
951 3311 1049 3382 erunt,
1080 3305 1145 3371 ideo

200 3387 284 3471 quod
306 3409 361 3452 eos
385 3388 532 3455 Caesaris
554 3390 698 3476 partibus
719 3393 835 3456 favisse
869 3327 1019 3468 sciebant,
1052 3403 1082 3454 ut
1103 3395 1145 3456 eis

199 3471 371 3537 interfectis
395 3497 503 3540 eorum
525 3477 667 3560 pernicie
690 3475 829 3541 dolorem
854 3499 944 3540 sunm
966 3473 1143 3542 ulcisceren-
