2538 3978
442 209 585 276 CAPUT
608 210 743 274 45-47.
777 233 780 272 ῐ
1009 207 1067 272 167

18 425 20 464 ,
109 381 239 448 debant.
268 381 438 446 instruitur
465 381 624 467 utrimque
652 381 747 462 acies,
782 380 891 444 ordine
921 380 1073 465 disposita

18 509 19 548 i
109 469 211 552 magis
234 467 419 549 Octauiana,
442 467 581 553 paratior
603 465 745 530 militum·
760 467 872 530 animis
891 465 1071 554 Vatiniana.

106 617 110 624 ,
176 552 228 616 46.
237 553 392 634 Vatinius,
402 551 1074 638 quumanimumadverteretnequenaviurn

111 659 147 702 se
162 638 379 724 magnitudine
392 659 496 723 neque
508 658 640 700 numero
648 649 757 722 parem
772 659 852 718 esse,
866 636 1015 702 fortuitae
1031 652 1074 719 to7

18 773 19 776 η
114 745 181 788 men
195 725 387 789 dimicationi
398 745 465 786 rem
478 723 671 786 committere
686 721 804 787 maluit.
826 721 936 808 Itaque
954 726 1075 809 primus

18 855 19 876 2
114 830 174 872 sua
183 811 259 895 quin
284 809 404 872 ueremi
413 810 445 870 in
455 807 792 892 quadrirememipsius
802 809 915 872 Octavi
923 811 1074 894 impetum

18 887 19 894 ἵ
112 893 200 958 fecit.
224 833 397 958 Celerrime
426 893 657 976 fortissimeque
688 905 797 958 contra
824 893 878 958 illo
901 897 1075 980 remigante

18 1027 19 1036 ,
112 1001 213 1044 naves
236 980 389 1042 adversae
404 979 514 1041 rostris
530 988 755 1040 concurrerunt
769 978 847 1043 adeo
862 979 1075 1059 vehementer,

18 1119 19 1130 ,
112 1073 149 1126 ut
171 1067 262 1130 naris
278 1065 454 1130 Octauiana
469 1072 570 1126 rostro
587 1064 730 1126 discusso
751 1061 836 1148 ligno
852 1067 1075 1129 contineretur.

18 1201 19 1218 1
114 1145 328 1214 Ooinmittitur
357 1149 472 1213 acriter
499 1149 629 1232 reliquis
658 1147 736 1212 locis
758 1149 922 1233 proelium,
946 1173 1076 1214 concur-

18 1229 19 1312 ,
114 1236 258 1320 riturque
282 1234 322 1298 ad
346 1234 441 1298 duces
471 1235 626 1296 maxime:
649 1255 723 1296 nam
746 1255 841 1320 quum
864 1257 920 1298 suo
943 1238 1076 1322 quisque

18 1315 19 1324 ’
115 1319 267 1384 auxilium
289 1319 395 1401 ferret,
418 1340 568 1403 magnum
595 1320 766 1382 comminus
788 1321 821 1382 in
843 1331 976 1406 angusto
999 1325 1078 1386 mari

114 1405 271 1490 proelium
303 1405 421 1470 factum
454 1412 511 1468 est.
546 1402 736 1488 Quantoque
769 1407 943 1470 coniunctis
976 1408 1077 1491 magis

18 1545 19 1570 ,
115 1490 251 1554 navibus
274 1490 464 1575 confligendi
483 1499 623 1574 potestas
639 1489 782 1570 dabatur,
797 1500 886 1556 tanto
901 1494 1078 1577 superiores

18 1577 19 1650 ζ
116 1585 208 1641 erant
229 1575 406 1658 Vatiniani3
437 1578 491 1660 qui
520 1574 704 1640 admiranda
732 1577 848 1640 virtute
876 1599 916 1640 ex
938 1581 1003 1641 suis
1024 1601 1079 1642 na-

18 1659 19 1736 ]
116 1659 212 1724 vibus
234 1662 267 1724 in
290 1661 427 1726 hostium
448 1682 547 1724 naves
575 1659 733 1724 transilire
756 1683 819 1725 non
840 1662 1026 1727 dubitabant
1048 1673 1079 1728 et

18 1751 19 1830 ,
118 1745 319 1812 dimicatione
352 1755 486 1832 aequata
517 1745 613 1832 longe
646 1747 823 1831 superiores
859 1749 976 1812 virtute
1011 1771 1080 1812 rem

117 1830 252 1894 feliciter
280 1831 442 1916 gerebant.
472 1831 669 1916 Deprimitur
697 1832 796 1916 ipsius
820 1832 934 1896 Octavi
955 1833 1080 1920 quadri·

18 1921 19 2002 ,
118 1917 225 1997 remis,
248 1917 364 1982 multae
392 1928 557 2002 praeterea
586 1920 751 2002 capiuntur
773 1928 827 1980 aut
848 1920 957 1981 rostris
979 1918 1081 2003 perfo-

18 2009 19 2012 ’
120 2010 209 2066 ratae
231 2013 433 2088 merguntur,
456 2013 707 2088 propugnatores
731 2003 897 2067 Octaviani
919 2004 1080 2088 partimin

18 2147 19 2170 ,
119 2086 256 2150 navibus
283 2089 472 2172 iugulantur,
502 2089 616 2173 partim
644 2090 677 2152 in
706 2111 792 2152 mare
824 2089 1081 2174 praecipitantur.

18 2171 20 2258 ζ
120 2171 194 2257 Ipse
218 2173 370 2238 Octavius
392 2197 427 2238 se
449 2175 482 2236 in
505 2173 655 2258 scapham
683 2175 816 2254 confe1t3
838 2175 872 2236 in
899 2197 993 2260 quam
1014 2174 1083 2260 plu·

18 2267 19 2342 ζ
120 2279 172 2324 res
203 2280 297 2344 quum
328 2259 541 2344 confugerent,
573 2258 724 2344 depressa
752 2258 870 2342 scapha
898 2260 1083 2324 vulneratus

18 2353 20 2430 ,
121 2351 226 2407 tamen
256 2343 386 2408 adnatat
412 2345 454 2408 ad
482 2367 574 2409 suum
600 2366 835 2430 myoparonem.
858 2345 905 2408 Eo
927 2355 1082 2431 receptus,

18 2431 20 2444 '
122 2449 218 2512 quum
250 2430 405 2516 proelium
438 2452 503 2494 nox
540 2430 708 2513 dirimeret,
745 2440 933 2515 tempestate
962 2453 1083 2515 magna

18 2521 20 2530 ’
121 2512 203 2578 velis
225 2516 372 2600 profugit.
389 2515 571 2602 Sequuntur
586 2515 670 2578 hunc
690 2539 766 2580 suae
781 2538 879 2581 naves
901 2516 1082 2595 nonnullae,

124 2620 202 2684 quas
225 2622 317 2666 casus
339 2601 379 2665 ab
403 2602 456 2667 illo
477 2601 619 2687 periculo
641 2602 827 2666 vindicarat.

181 2685 239 2760 47.
261 2687 306 2749 At
326 2687 479 2752 Vatinius
505 2710 542 2751 re
571 2687 652 2752 bene
680 2697 770 2773 gesta
802 2688 943 2772 receptui
971 2687 1084 2750 cecinit

18 2769 20 2786 '
126 2771 253 2853 suisque
270 2773 414 2837 omnibus
429 2773 637 2838 incolumibus
658 2776 691 2838 in
707 2797 778 2838 eum
795 2795 828 2836 se
865 2782 968 2837 ortum
982 2773 1086 2834 victor

18 2933 19 2944 ,
126 2856 254 2938 recepit,
278 2880 339 2942 quo
363 2880 404 2920 ex
424 2869 517 2943 portu
532 2858 643 2924 classis
674 2859 829 2924 Octavia
873 2855 1086 2923 diruicandum

18 3005 20 3020 ,
127 2952 333 3024 processerat.
369 2941 462 3028 Capit
495 2967 536 3009 ex
568 2967 605 3009 eo
637 2945 759 3030 proelio
791 2953 954 3029 penterem
980 2964 1085 3022 unam,

18 3037 19 3100 j
127 3027 272 3091 triremes
304 3027 394 3110 duas,
428 3029 565 3094 dicrotas
590 3038 649 3090 VIII
680 3031 921 3115 compluresque
950 3029 1086 3111 remiges

128 3110 320 3176 Octavianos
342 3123 532 3200 posteroque
546 3114 592 3179 ibi
614 3116 674 3196 die,
698 3117 772 3180 dum
787 3137 860 3178 suas
883 3114 1086 3198 captivasque

18 3251 19 3272 ,
126 3217 225 3260 naves
246 3201 400 3281 reficeret,
424 3213 599 3281 consumpto
620 3209 691 3285 post
707 3201 790 3264 diem
811 3201 938 3263 tertium
960 3208 1087 3263 conten-

18 3277 19 3302 ¹
129 3280 174 3344 dit
194 3284 228 3346 in
249 3284 385 3348 insulam
407 3285 518 3366 Issam,
548 3287 631 3372 quod
654 3308 690 3350 eo
714 3309 748 3350 se
770 3287 927 3369 recepisse
951 3307 992 3348 ex
1012 3284 1089 3366 fuga

18 3349 20 3389 ³
130 3367 279 3432 credebat
294 3369 471 3434 Octavium.
488 3373 565 3435 Erat
579 3375 612 3435 in
628 3393 665 3434 ea
679 3370 908 3435 nobilissimum
923 3371 1089 3452 regionum

18 3449 19 3460 ’
131 3471 236 3515 earum
259 3455 408 3541 oppidum
425 3458 777 3540 coniunctissimumqne
801 3455 944 3518 Octavio.
968 3453 1039 3532 Quo
1054 3458 1090 3515 ut
