2538 3978
381 241 517 308 COMM.
539 241 588 306 HI
610 240 704 308 CAP.
727 241 864 306 85»81.
1043 241 1104 310 123

144 435 242 502 quum
263 415 327 478 iam
349 424 433 479 esset
461 435 575 498 agmen
604 414 637 476 in
666 414 775 562 portis,
805 411 1025 477 Differendum
1047 422 1103 498 est,

144 500 255 586 inquit,
278 501 340 563 iter
360 500 395 563 in
423 499 604 584 praesentia
629 499 721 562 nois
750 507 781 562 et
810 498 849 561 do
877 497 997 583 proelio
1021 499 1105 584 cogi-

143 585 283 667 tandum,
313 587 393 650 sicut
423 583 548 670 semper
578 583 837 668 depoposcimus3
870 585 976 649 animo
1007 585 1104 649 simus

144 670 186 736 ad
208 670 420 734 dimicandum
442 670 561 754 parati:
581 691 647 732 non
667 669 760 733 facile
783 670 980 734 occasionem
996 678 1106 756 postea
1162 667 1167 684 '

142 758 356 844 reperiemus3
378 755 607 840 confestimque
630 754 796 840 expeditas
818 756 924 841 copias
948 755 1061 820 educit.

209 841 259 905 86.
283 841 451 926 Pompeius
486 862 620 926 quoque,
654 851 690 905 ut
720 850 832 925 postea
859 841 1028 925 cognitum'
1047 850 1104 923 cst,

144 949 273 992 suorum
295 929 434 990 omnium
457 925 585 990 hortatu
612 934 764 990 statuerat
786 925 906 1011 proelio
930 926 1105 990 decertare.

142 1012 287 1097 Namque
311 1013 404 1076 etiam
419 1013 452 1076 in
462 1010 599 1078 consilio
615 1011 828 1096 superioribus
844 1011 954 1076 diebus
971 1011 1105 1094 dixerat,

143 1099 329 1183 priusquam
365 1105 590 1162 concurrerent
625 1099 719 1179 acies,
741 1097 828 1179 1111,
866 1098 912 1160 uti
949 1099 1107 1161 exercitus

145 1182 295 1248 Caesaris
324 1182 506 1269 pelleretur.
536 1181 574 1245 Id
597 1203 692 1267 quum
716 1193 822 1248 essent
865 1181 986 1267 lenique
1009 1182 1107 1246 admi·

143 1271 214 1351 rati,
238 1267 312 1333 Scio
333 1291 394 1350 me,
417 1269 528 1354 inquit,
558 1205 905 1352 paene'incredibilbm
926 1291 994 1332 rem
1016 1267 1107 1354 pelli·

144 1356 223 1436 ceri3
247 1354 304 1416 sed
325 1355 480 1418 rationem
502 1352 626 1418 consilii
640 1355 703 1418 mei
725 1355 867 1438 accipite,
891 1376 952 1439 quo
967 1354 1107 1418 firmiore

144 1442 250 1504 animo
262 1441 296 1504 in
306 1439 460 1538 proelium
472 1437 644 1525 prodeatis.
656 1438 805 1502 Persuasi
821 1439 977 1524 equitibus
990 1441 1107 1504 nostris

145 1524 255 1610 (idque
277 1524 355 1588 mhi
375 1524 512 1589 facturos
535 1523 824 1610 confirmaverunt),
851 1535 895 1606 ut,
919 1547 1016 1610 quum
1037 1546 1108 1609 pro·

144 1612 216 1697 pius
240 1611 281 1674 sit
303 1632 475 1692 accessum,
499 1609 645 1674 dextrum
668 1608 816 1674 Caesaris
839 1631 936 1673 cornu
951 1609 992 1672 ab
1008 1609 1109 1674 latere

31 1746 36 1762 ,
143 1707 253 1781 aperto
276 1696 527 1782 aggrederentur
549 1706 580 1759 et
609 1696 825 1759 circumventa
852 1694 892 1760 ab
921 1704 1012 1780 tergo
1040 1695 1109 1760 acie

144 1783 231 1867 prius
253 1781 473 1868 perturbatum
494 1782 666 1844 exercitum
680 1780 845 1866 pellerent,
861 1803 955 1866 quam
976 1802 996 1842 a
1017 1779 1109 1844 nobis

144 1866 243 1932 telum
266 1870 299 1932 in
321 1868 443 1931 hostem
458 1869 624 1930 iaceretur.
646 1866 695 1930 Ita
710 1868 779 1930 sine
793 1865 933 1951 periculo
949 1865 1110 1950 legionum

146 1961 178 2016 et
198 1975 300 2038 paene
323 1955 390 2016 sine
412 1950 545 2018 vulnere
566 1951 687 2016 bellum
710 1951 922 2016 conficiemus.
945 1950 984 2014 Id
1004 1959 1110 2016 autem

146 2036 274 2102 difficile
310 2060 374 2102 non
406 2048 464 2119 est,
499 2059 596 2123 quum
627 2047 749 2102 tantum
773 2038 913 2123 equitatu
934 2035 1109 2100 valeamus.

146 2121 247 2187 Simul
263 2123 469 2205 denuntiavit,
492 2131 527 2186 ut
539 2133 645 2187 essent
656 2123 761 2191 animo
783 2125 885 2208 parati
898 2123 932 2186 in
946 2130 1109 2207 posterum

146 2219 187 2290 et,
211 2209 359 2294 quoniam
380 2208 471 2272 fieret
494 2209 665 2273 dimicandi
680 2217 829 2294 potestas,
853 2217 888 2270 ut
910 2229 1004 2293 saepe
1024 2209 1110 2292 cogi·

145 2296 309 2443 palparent,
346 2317 389 2358 ne
420 2315 481 2359 usu
513 2315 673 2381 manuque
705 2294 898 2379 reliquorum
932 2295 1111 2379 epimonem

159 2403 177 2444 a
204 2391 302 2443 erent.
893 2425 896 2436 .

210 2467 260 2529 87.
284 2465 380 2529 Hunc
407 2465 569 2530 Labienus
603 2467 728 2551 excepit
761 2474 801 2548 et,
836 2459 932 2551 quum
963 2463 1110 2528 Caesaris

147 2553 252 2636 copias
276 2552 463 2638 despiceret,
484 2551 616 2636 Pompei
639 2550 803 2615 consilium
819 2552 948 2614 summis
964 2549 1110 2614 laudibus

147 2637 283 2718 efferret,
306 2637 389 2720 Noli,
412 2638 523 2724 inquit,
551 2637 743 2719 existimare,
767 2636 909 2722 Pompei,
933 2636 1018 2701 hunc
1041 2654 1110 2700 csse

148 2723 330 2803 exercitum,
369 2725 424 2809 qui
468 2721 605 2786 Galliam
642 2721 911 2808 Germaniamque
947 2721 1109 2787 devicerit.

149 2805 303 2871 Omnibus
325 2808 455 2873 1111111111
479 2807 614 2894 'proeliis
643 2830 747 2894 neque
776 2817 896 2872 temere
917 2807 1111 2892 incognitam

146 2915 213 2957 rem
235 2895 413 2979 pronuntio.
436 2894 616 2978 Perexigua'
630 2915 704 2978 pars
719 2892 804 2956 illius
820 2895 978 2958 exercitus
1002 2913 1110 2977 super-

147 2989 211 3061 est3
233 3001 351 3064 magna
371 3001 445 3065 pars
469 2979 611 3064 deperiit,
637 2977 721 3065 quod
747 2980 891 3044 accidere
913 2988 959 3042 tot
980 2975 1111 3064 proeliis

146 3064 204 3128 fuit
235 3087 377 3147 necesse,
410 3063 525 3130 multos
563 3066 706 3128 autumni
738 3064 920 3149 pestilentia
951 3065 985 3127 in
1021 3061 1112 3128 ltalia

147 3151 356 3236 consumpsit,
380 3150 471 3214 multi
503 3149 632 3213 domum
661 3149 892 3231 discesserunt,
922 3149 1012 3213 11111111
1040 3158 1113 3212 sunt

146 3235 250 3299 relicti
271 3237 304 3298 in
327 3236 510 3300 continenti.
532 3235 586 3298 An
607 3257 671 3300 non
694 3235 827 3299 audistis
849 3257 891 3300 ex
913 3237 961 3316 iis,
986 3236 1038 3320 qui
1054 3255 1112 3318 per

146 3341 274 3384 causam
296 3319 486 3386 ialetudinis
508 3329 737 3403 remanserunt,
762 3321 907 3384 cohortes
924 3342 994 3384 esse
1009 3319 1111 3382 Brun·

146 3403 208 3468 disi
229 3399 349 3471 lactas?
378 3405 449 3470 Hae
477 3407 596 3491 copiae,
621 3429 700 3492 quas
722 3406 847 3488 videtis,
871 3425 912 3468 ex
935 3397 1111 3467 delentibus

145 3489 257 3556 horum
279 3505 433 3556 annorum
454 3492 488 3556 in
511 3493 655 3555 citeriore
683 3489 790 3555 Callia
813 3500 885 3554 sunt
906 3489 1054 3570 refectae,
1079 3495 1110 3549 et
