2538 3978
372 255 507 321 COllll.
530 257 577 321 ΙΙΙ
600 257 693 322 ΟΑΡ.
723 257 860 322 43-45.
1034 256 1091 321 101

133 427 212 489 bant
232 421 402 512 perductas
418 449 457 491 ex
473 429 610 494 castellis
633 432 666 493 in
688 432 832 516 proxima
853 427 993 510 castella,
1010 429 1094 514 quod

132 533 259 598 nequo
282 511 351 576 loco
382 525 585 599 erumperent
612 515 797 602 Pompeiani
819 537 856 580 ae
877 524 1001 582 nostros
1023 523 1095 599 post

133 613 259 684 tergum
279 595 478 663 adorirentur
499 601 661 683 timebant,
684 604 731 666 ita
752 601 798 665 illi
820 601 969 665 interiore
992 601 1093 684 spatio

133 692 303 768 perpetuas
326 685 515 750 munitiones
531 687 720 769 efficiebant,
743 709 783 751 ne
799 709 892 772 quem
912 685 1014 750 locum
1038 707 1092 749 no·

133 769 192 831 stri
207 770 324 834 intrare
340 781 432 918 atque
455 771 540 856 ipsos
563 795 581 836 a
600 782 691 858 tergo
708 774 936 836 circumvenire
952 779 1091 856 possent.

132 851 199 918 Sed
221 853 266 917 illi
291 857 379 942 operi
403 879 439 918 us
454 857 634 939 vincebant,
659 857 743 944 quod
766 867 797 920 et
810 880 942 922 numero
957 856 1091 918 militum

156 940 339 1004 raestabant
369 950 399 1004 et
427 941 576 1006 interiore
606 945 707 1028 spatio
740 944 894 1008 minorem
928 943 1091 1005 circuitum

131 961 301 1089 llabebant.
326 1025 416 1104 Quae
446 1049 542 1111 quum
573 1040 662 1091 erant
684 1028 754 1094 loca
776 1027 905 1092 Caesari
928 1026 1090 1112 capienda,

130 1111 191 1174 etsi
213 1111 383 1196 prohibere
405 1111 573 1199 Pompeius
595 1115 668 1177 totis
689 1115 787 1200 copiis
810 1123 841 1177 et
864 1112 1013 1176 dimicare
1028 1135 1090 1176 non

131 1199 346 1277 constituerat,
362 1207 467 1261 tamen
491 1201 554 1262 suis
567 1199 644 1262 locis
661 1202 837 1284 sagittarios
852 1199 1091 1284 funditoresque

131 1281 286 1364 mittebat,
300 1305 432 1369 quorum
445 1307 593 1370 magnum
604 1284 742 1348 habebat
752 1307 926 1366 numerum,
939 1283 1091 1369 multique

130 1389 173 1430 cx
194 1371 310 1432 nostris
325 1370 583 1452 vulnerabantur,
600 1390 796 1456 magnusque
811 1371 984 1434 incesserat
997 1371 1091 1433 timor

131 1454 324 1540 sagittarum,
349 1463 442 1540 atque
466 1477 574 1518 omnes
603 1456 669 1520 lere
693 1457 807 1521 milites
831 1466 885 1519 aut
898 1465 947 1520 'ex
971 1457 1089 1520 coactis

129 1547 186 1602 aut
215 1561 255 1601 ex
285 1539 470 1604 centonibus
502 1550 555 1604 aut
584 1563 624 1603 ex
654 1544 745 1606 coriis
777 1543 899 1606 tunicas
930 1549 983 1606 aut
1010 1543 1089 1627 tegi-

130 1635 238 1687 menta
259 1625 406 1707 fecerant,
430 1625 542 1712 quibus
565 1627 629 1690 tela
650 1629 814 1692 vitarent.-

195 1709 306 1772 45.1n
337 1712 526 1796 occupandis
554 1713 720 1796 praesidiis
748 1735 864 1797 magna
892 1715 924 1776 vi
954 1722 1088 1797 uterque

129 1794 305 1858 nitebatur:
335 1793 463 1879 Caesar,
486 1806 635 1882 utquam
663 1801 882 1883 angustissime
904 1799 1088 1882 Pompeium
1124 1813 1126 1819 ’

131 1881 320 1962 contineret,
343 1882 521 1968 Pompeius,
537 1894 572 1945 ut
594 1905 688 1966 quam
710 1884 860 1968 plurimos
883 1883 979 1948 colles
995 1903 1088 1969 quam

129 1967 268 2030 maximo
291 1969 420 2030 circuitu
444 1978 619 2053 occuparet,
655 1969 829 2056 crebraque
859 1969 899 2033 ob
923 1991 992 2033 eam
1016 1991 1088 2032 cau-

129 2073 196 2114 sam
219 2051 339 2138 proclia
360 2052 485 2116 fiebant.
509 2053 546 2115 ln
562 2054 611 2118 his
627 2077 722 2139 quum
745 2055 828 2140 legio
844 2054 989 2119 Caesaris
1004 2075 1088 2119 nona

129 2137 320 2222 praesidium
344 2139 501 2224 quoddam
532 2129 749 2225 occupavisset
771 2142 946 2204 eumeniae
969 2141 1086 2224 coepis-

128 2232 185 2303 set,
209 2221 281 2286 huic
297 2223 365 2287 loco
381 2227 590 2309 propinquum
607 2237 637 2289 et
661 2229 851 2291 contrarium
867 2225 979 2292 collem
994 2226 1085 2290 Pom-

84 2377 90 2394 ,
127 2309 216 2392 peius
246 2310 413 2394 occupavit
442 2320 630 2395 nostrosque
660 2320 754 2398 opere
783 2311 953 2397 prohibere
983 2315 1087 2396 coepit

128 2404 167 2474 ct,
184 2415 279 2481 quum
294 2418 357 2459 una
373 2417 412 2458 ex
428 2406 518 2480 parte
541 2419 639 2480 prope
659 2419 793 2482 aequum
810 2398 928 2461 aditum
944 2396 1084 2478 haberet,

149 2481 261 2544 rimum
274 2482 442 2566 sagittariis
454 2481 725 2569 funditoribusque
741 2484 958 2563 circumiectis,
975 2492 1086 2570 postea

126 2503 205 2628 lavis
228 2579 405 2630 armaturae
428 2589 544 2650 magna
570 2567 768 2632 multitudine
790 2570 888 2632 missa
908 2569 1085 2633 tormentis·

127 2673 186 2736 que
208 2651 337 2736 prolatis
353 2654 541 2716 munitiones
561 2654 769 2741 impediebat;
791 2675 895 2738 neque
910 2663 978 2718 erat
991 2652 1085 2718 facile

126 2737 240 2800 nostris
262 2760 324 2802 uno
347 2749 489 2824 tempore
534 2761 713 2824 repugnare
736 2749 767 2802 et
789 2741 920 2804 munire.
954 2737 1083 2818 Caesar,

126 2843 221 2906 quum
254 2845 327 2887 suos
356 2846 396 2886 cx
423 2762 568 2888 omnibus
596 2825 737 2910 partibus
764 2825 924 2889 vulnerari
951 2824 1083 2906 videret,

125 2908 264 2992 recipere
288 2931 321 2972 se
344 2910 434 2972 iussit
454 2919 485 2972 et
507 2909 577 2974 loco
600 2911 764 2975 excedere.
787 2909 866 2975 Erat
888 2932 945 2994 per
960 2909 1083 2974 declive

124 3003 277 3077 receptus
310 2993 362 3058 Illi
390 3005 494 3057 autem
517 2995 577 3060 hoc
599 2997 702 3058 acrius
724 2996 885 3059 instabant
906 3016 1010 3081 neque
1032 3016 1080 3058 re·

124 3078 212 3160 gredi
234 3087 359 3143 nostros
374 3080 582 3164 patiebantur,¹
599 3081 683 3165 quod
702 3083 814 3145 timore
837 3079 963 3144 adducti
979 3077 1082 3143 locum

126 3161 303 3250 relinquere
325 3165 523 3229 videbantur.
554 3165 680 3229 Dicitur
707 3189 745 3231 eo
773 3179 914 3252 tempore
941 3165 1081 3250 glorians

124 3247 206 3334 apud
229 3271 301 3314 suos
323 3250 490 3335 Pompeius
519 3252 653 3315 dixisse:
682 3273 745 3318 non
767 3273 914 3340 recusare
937 3273 981 3333 se,
1005 3252 1081 3337 quin

123 3333 236 3397 nullius
259 3357 334 3399 usus
356 3337 528 3420 imperator
543 3337 786 3421 existimaretur,
811 3340 837 3401 si
860 3339 928 3400 sine
943 3339 1081 3401 maximo

123 3417 306 3485 detrimento
328 3420 411 3505 legio
438 3421 585 3486 Caesaris
613 3445 683 3486 sese
710 3425 883 3510 recepisset
910 3423 994 3506 inde,
1017 3443 1080 3508 quo

121 3513 237 3568 temera
260 3516 344 3570 osset
364 3528 543 3592 progressa.
