2562 3970
422 195 556 263 OOMM.
578 198 617 261 II·
634 197 727 262 OAP.
752 197 843 262 1-3.
1067 196 1109 262 49

216 371 244 432 1.
266 367 353 432 Dum
374 367 455 432 haee
468 369 502 444 in
515 369 674 456 Hispania
693 377 855 454 geruntur,
878 367 914 433 0.
931 367 1109 433 Trebonius

150 452 284 538 legatus,
325 454 379 540 qui
411 453 453 518 ad
487 476 531 540 op
555 455 758 540 ugnationem
788 450 948 518 Massiliae
980 453 1108 518 relictus

149 547 230 688 aa
252 539 374 688 datr
397 477 665 691 trullae
687 541 1108 691 tranuntur

148 647 426 796 navalibusque,ag
428 709 529 774 altera
551 709 592 775 ad
636 720 747 794 artem,
782 647 916 796 quapest
937 648 1041 775 aditds
1065 733 1106 776 ex

150 793 258 859 Gallia
279 805 313 860 at
335 819 375 861 ue
396 796 456 860 His
480 798 561 878 ania,
585 733 634 859 ad
648 795 682 860 id
702 819 800 878 mare,
824 795 909 882 quod
927 795 1051 860 adiacet
1065 796 1108 860 ad

82 928 83 938 ,
150 881 265 944 ostium
287 819 442 945 Rbodani.
457 819 607 946 blaesilia
623 882 709 947 enim
730 885 798 946 fere
821 903 862 946 ex
883 880 984 945 tribus
1000 881 1107 967 oppidi

148 964 292 1050 partibus
314 969 394 1049 mari
416 966 558 1050 alluitur3
581 965 704 1053 reliqua
726 976 839 1053 quarta
860 975 917 1048 est,
940 989 1021 1054 quae
1042 968 1108 1031 adi·

149 1061 216 1114 tum
237 1049 356 1116 habeat
377 1051 417 1116 ab
440 1063 532 1117 terra.
566 1053 669 1116 Huius
700 1075 825 1139 quoque
848 1054 941 1139 spatii
984 1075 1036 1118 ars
1059 1075 1106 1135 ea,

152 1157 234 1236 quae
257 1136 298 1201 ad
320 1159 426 1203 aroem
447 1140 592 1224 pertinet,
625 1137 687 1202 loci
718 1148 835 1203 natura
856 1147 888 1203 et
908 1076 993 1203 valle
1022 1137 1106 1202 altis-

149 1243 229 1285 sima
249 1224 370 1287 munita
391 1222 518 1308 longam
541 1233 572 1290 et
594 1222 753 1288 difficilem
775 1222 872 1288 habet
901 1225 1107 1310 oppugnatio·

147 1328 231 1370 nem.
254 1307 307 1370 Ad
329 1331 367 1373 ea
387 1310 581 1395 perficienda
602 1331 700 1397 opera
711 1307 747 1374 O.
760 1307 937 1382 Trebonius
958 1331 1107 1396 magnam

147 1393 358 1458 iumentorum
391 1403 486 1482 atque
513 1395 676 1460 hominum
703 1393 936 1460 multiurdinem
957 1396 1106 1460 exomni
1221 1393 1224 1402 '

148 1479 313 1578 provincia
346 1489 456 1563 vooat3
497 1481 616 1545 vimina
652 1482 880 1567 materiamque
917 1503 985 1545 oom
1009 1481 1107 1546 ortari

147 1561 245 1628 rubet
269 1563 391 1643 Quibus
414 1569 602 1652 comparatis
624 1565 722 1633 rebus
745 1588 894 1655 aggerem
915 1567 949 1630 in
1002 1565 1106 1630 titudi-

147 1670 222 1713 nem
242 1650 359 1735 pedum
380 1657 479 1713 LXXX
502 1653 644 1716 exstruit.

212 1735 242 1799 2.
265 1733 329 1800 sed
349 1737 431 1801 tanti
452 1746 542 1802 erant
563 1739 735 1825 antiquitus
761 1739 795 1802 in
822 1739 937 1824 oppido
966 1737 1106 1800 omnium

148 1841 256 1884 rerum
266 1820 307 1885 ad
317 1820 436 1887 bellum
451 1833 620 1908 apparatus
631 1833 781 1910 tantaque
792 1823 959 1888 multitudo
969 1831 1105 1888 tormen-

148 1913 261 1988 torum,
272 1915 308 1970 ut
318 1929 427 1972 eorum
436 1909 501 1973 vim
512 1908 618 1975 nullae
630 1918 797 1975 contextae
808 1907 980 1974 viminibus
991 1908 1105 1972 vineae

149 1991 304 2056 sustinere
325 2003 464 2078 possent.
486 1994 622 2060 Asseres
645 1997 729 2060 enim
750 1995 867 2080 pedum
889 2002 939 2057 XII
968 1987 1104 2078 cuspidi·

149 2074 210 2140 bus
232 2078 365 2163 praefixi
394 2087 488 2166 atque
516 2079 550 2144 hi
581 2082 730 2146 maximis
762 2080 898 2146 ballistis
930 2080 1019 2144 missi
1047 2101 1105 2164 per

151 2168 202 2224 1111
228 2161 354 2228 ordines
388 2166 519 2229 cratium
546 2166 579 2228 in
612 2175 699 2231 terra
728 2164 956 2251 defigebantur.
992 2165 1104 2250 Itaque

146 2247 316 2396 «pedalibus
337 2248 432 2334 lignis
454 2252 629 2315 ooniunotia
661 2252 745 2317 inter
766 2273 800 2316 se
822 2253 963 2338 porticus
984 2252 1104 2334 intege-

170 2343 273 2417 antur,
306 2344 401 2422 atque
429 2334 489 2400 hae
511 2359 611 2423 agger
631 2337 714 2401 inter
734 2358 846 2402 manus
896 2336 1102 2401 referebatur.

147 2417 364 2484 Anteoedebat
385 2421 509 2487 testudo
531 2422 647 2509 pedum
668 2430 715 2484 LX
745 2445 867 2510 aequan
891 2425 898 2439 '
921 2422 983 2486 looi
1008 2444 1104 2495 causa

146 2503 229 2568 faeta
249 2506 325 2570 item
347 2527 389 2570 ex
414 2506 592 2572 fortissimis
625 2507 729 2593 lignis,
763 2507 932 2574 convoluta
957 2507 1102 2574 omnibus

145 2588 252 2672 rebus,
275 2589 388 2677 quibus
410 2593 493 2678 ignis
515 2594 616 2658 iaetus
639 2603 670 2657 et
684 2594 805 2680 lapidea
821 2593 948 2659 defendi
962 2603 1100 2678 possent.

147 2672 211 2738 Sed
231 2676 414 2761 magnitudo
436 2700 576 2765 operum,
600 2679 731 2744 altitudo
754 2681 835 2744 muri
849 2689 943 2766 atque
957 2679 1100 2760 turrium,

146 2759 311 2826 multitudo
332 2771 560 2830 tormentorum
582 2784 707 2829 omnem
722 2764 1023 2829 administrationem
1036 2773 1100 2827 tar-
1166 2759 1175 2784 ²

149 2843 254 2910 dabat.
278 2846 417 2912 Crebrae
439 2850 534 2914 etiam
556 2867 615 2936 per
635 2850 765 2915 Albicos
789 2851 967 2936 eruptiones
982 2849 1101 2914 fiebant

148 2952 190 2996 ex
211 2931 337 3080 oppido,
360 2935 514 3021 ignesque
537 2937 646 3022 aggeri
661 2945 692 3000 et
706 2935 844 3000 turribus
866 2934 1099 3016 inserebantur3

145 3038 227 3164 ffirae
262 3018 342 3082 aoile
363 3020 462 3084 nostri
483 3019 597 3086 milites
608 3019 806 3107 repellebant
815 3024 1001 3107 magnisque
1016 3019 1099 3083 ultro

147 3102 154 3116 '
181 3105 241 3166 atis
264 3103 461 3168 detrimentis
484 3127 548 3189 eos,
586 3107 640 3194 qui
662 3100 857 3193 eruptionem
885 3107 1033 3188 fecerant,
1062 3106 1099 3168 in
1193 3163 1201 3171 .

145 3188 295 3273 oppidum
316 3189 510 3255 reiioiebant.
530 3249 536 3258 ,
1097 3197 1107 3224 ⁸

210 3273 240 3338 3.
261 3273 394 3340 Interim
424 3276 462 3340 L.
495 3273 644 3341 Nasidius
676 3276 716 3343 ab
750 3277 810 3342 On.
842 3277 994 3361 Pompeio
1027 3296 1098 3338 oum

147 3356 248 3423 classe
269 3362 399 3426 navium
423 3369 497 3444 XVI,
520 3362 685 3448 inquibus
706 3385 829 3449 paneae
852 3371 940 3426 erant
961 3369 1097 3442 aeratae,

146 3441 183 3506 L.
201 3443 345 3594 domii&
372 3445 686 3533 Massiliensibusque
709 3448 849 3514 subsidio
870 3449 984 3596 {risam
1016 3447 1097 3512 freto

230 3556 278 3588 ⁰⁸¹¹*
322 3578 330 3595 ι
