<?xml version="1.0" encoding="UTF-8"?>
<!DOCTYPE html PUBLIC "-//W3C//DTD XHTML 1.0 Transitional//EN"
    "http://www.w3.org/TR/xhtml1/DTD/xhtml1-transitional.dtd">
<html xmlns="http://www.w3.org/1999/xhtml" xml:lang="en" lang="en">
 <head>
  <title>
</title>
<meta http-equiv="Content-Type" content="text/html;charset=utf-8" />
  <meta name='ocr-system' content='tesseract 3.04.00' />
  <meta name='ocr-capabilities' content='ocr_page ocr_carea ocr_par ocr_line ocrx_word'/>
</head>
<body>
  <div class='ocr_page' id='page_1' title='image "./ciuliicaesarisc01hirtgoog_0286.png"; bbox 0 0 2532 3968; ppageno 0'>
   <div class='ocr_carea' id='block_1_1' title="bbox 466 285 1071 352">
    <p class='ocr_par' dir='ltr' id='par_1_1' title="bbox 466 285 1071 352">
     <span class='ocr_line' id='line_1_1' title="bbox 466 285 1071 352; baseline 0.002 -3"><span class='ocrx_word' id='word_1_1' title='bbox 466 285 722 352; x_wconf 80' lang='lat' dir='ltr'><strong>PRAEFATIO.</strong></span> <span class='ocrx_word' id='word_1_2' title='bbox 962 285 1071 351; x_wconf 73' lang='lat' dir='ltr'><strong>xum</strong></span> 
     </span>
    </p>
   </div>
   <div class='ocr_carea' id='block_1_2' title="bbox 121 449 1071 1054">
    <p class='ocr_par' dir='ltr' id='par_1_2' title="bbox 121 449 1071 1054">
     <span class='ocr_line' id='line_1_2' title="bbox 121 449 1070 543; baseline 0.005 -28"><span class='ocrx_word' id='word_1_3' title='bbox 121 449 290 517; x_wconf 86' lang='lat' dir='ltr'><strong>vorborum</strong></span> <span class='ocrx_word' id='word_1_4' title='bbox 303 455 456 540; x_wconf 84' lang='lat' dir='ltr'><strong>angustiis</strong></span> <span class='ocrx_word' id='word_1_5' title='bbox 472 478 568 520; x_wconf 90' lang='lat' dir='ltr'><strong>unam</strong></span> <span class='ocrx_word' id='word_1_6' title='bbox 585 467 694 543; x_wconf 87' lang='lat' dir='ltr'><strong>patere</strong></span> <span class='ocrx_word' id='word_1_7' title='bbox 706 458 791 522; x_wconf 88' lang='lat' dir='ltr'><strong>viam</strong></span> <span class='ocrx_word' id='word_1_8' title='bbox 806 459 984 542; x_wconf 85' lang='lat' dir='ltr'><strong>suspicatus</strong></span> <span class='ocrx_word' id='word_1_9' title='bbox 1000 480 1070 522; x_wconf 90' lang='lat' dir='ltr'><strong>sum</strong></span> 
     </span>
     <span class='ocr_line' id='line_1_3' title="bbox 121 537 1071 623; baseline 0.006 -23"><span class='ocrx_word' id='word_1_10' title='bbox 121 537 272 602; x_wconf 81' lang='lat' dir='ltr'><strong>mutando</strong></span> <span class='ocrx_word' id='word_1_11' title='bbox 296 549 455 605; x_wconf 81' lang='lat' dir='ltr'><strong>consulatu</strong></span> <span class='ocrx_word' id='word_1_12' title='bbox 470 541 504 605; x_wconf 93' lang='lat' dir='ltr'><strong>in</strong></span> <span class='ocrx_word' id='word_1_13' title='bbox 517 550 682 622; x_wconf 82' lang='lat' dir='ltr'><strong>postulatu.</strong></span> <span class='ocrx_word' id='word_1_14' title='bbox 706 541 872 623; x_wconf 81' lang='lat' dir='ltr'><strong>Quomodo</strong></span> <span class='ocrx_word' id='word_1_15' title='bbox 885 542 960 606; x_wconf 91' lang='lat' dir='ltr'><strong>inde</strong></span> <span class='ocrx_word' id='word_1_16' title='bbox 975 541 1071 606; x_wconf 89' lang='lat' dir='ltr'><strong>libro-</strong></span> 
     </span>
     <span class='ocr_line' id='line_1_4' title="bbox 121 623 1069 713; baseline 0.004 -27"><span class='ocrx_word' id='word_1_17' title='bbox 121 643 192 686; x_wconf 83' lang='lat' dir='ltr'><strong>rum</strong></span> <span class='ocrx_word' id='word_1_18' title='bbox 214 623 325 704; x_wconf 78' lang='lat' dir='ltr'>turbae</span> <span class='ocrx_word' id='word_1_19' title='bbox 348 626 501 710; x_wconf 79' lang='lat' dir='ltr'><strong>originem</strong></span> <span class='ocrx_word' id='word_1_20' title='bbox 524 627 682 709; x_wconf 82' lang='lat' dir='ltr'><strong>duxerint,</strong></span> <span class='ocrx_word' id='word_1_21' title='bbox 706 629 782 691; x_wconf 90' lang='lat' dir='ltr'><strong>satis</strong></span> <span class='ocrx_word' id='word_1_22' title='bbox 797 629 998 713; x_wconf 87' lang='lat' dir='ltr'><strong>perspicuum</strong></span> <span class='ocrx_word' id='word_1_23' title='bbox 1014 639 1069 690; x_wconf 84' lang='lat' dir='ltr'><strong>est.</strong></span> 
     </span>
     <span class='ocr_line' id='line_1_5' title="bbox 122 703 1070 796; baseline 0.004 -24"><span class='ocrx_word' id='word_1_24' title='bbox 122 703 229 786; x_wconf 77' lang='lat' dir='ltr'><strong>Quum</strong></span> <span class='ocrx_word' id='word_1_25' title='bbox 251 711 335 773; x_wconf 91' lang='lat' dir='ltr'><strong>enim</strong></span> <span class='ocrx_word' id='word_1_26' title='bbox 357 712 508 796; x_wconf 89' lang='lat' dir='ltr'><strong>scriptum</strong></span> <span class='ocrx_word' id='word_1_27' title='bbox 531 723 615 776; x_wconf 85' lang='lat' dir='ltr'><strong>esset</strong></span> <span class='ocrx_word' id='word_1_28' title='bbox 637 727 669 776; x_wconf 84' lang='lat' dir='ltr'><strong>ut</strong></span> <span class='ocrx_word' id='word_1_29' title='bbox 683 721 712 776; x_wconf 83' lang='lat' dir='ltr'><strong>si</strong></span> <span class='ocrx_word' id='word_1_30' title='bbox 721 727 850 794; x_wconf 79' lang='lat' dir='ltr'><strong>peracto</strong></span> <span class='ocrx_word' id='word_1_31' title='bbox 862 720 1070 793; x_wconf 75' lang='lat' dir='ltr'><strong>postulatu</strong></span> 
     </span>
     <span class='ocr_line' id='line_1_6' title="bbox 122 797 1071 876; baseline 0.007 -21"><span class='ocrx_word' id='word_1_32' title='bbox 122 797 236 858; x_wconf 75' lang='lat' dir='ltr'><strong>Caesar</strong></span> <span class='ocrx_word' id='word_1_33' title='bbox 252 802 415 876; x_wconf 82' lang='lat' dir='ltr'><strong>profectus</strong></span> <span class='ocrx_word' id='word_1_34' title='bbox 437 811 523 872; x_wconf 82' lang='lat' dir='ltr'><strong>esset,</strong></span> <span class='ocrx_word' id='word_1_35' title='bbox 547 805 630 862; x_wconf 82' lang='lat' dir='ltr'><strong>anila</strong></span> <span class='ocrx_word' id='word_1_36' title='bbox 650 811 745 862; x_wconf 83' lang='lat' dir='ltr'><strong>tamea</strong></span> <span class='ocrx_word' id='word_1_37' title='bbox 761 806 911 863; x_wconf 80' lang='lat' dir='ltr'><strong>mendacii</strong></span> <span class='ocrx_word' id='word_1_38' title='bbox 923 806 1071 876; x_wconf 78' lang='lat' dir='ltr'><strong>reiipione</strong></span> 
     </span>
     <span class='ocr_line' id='line_1_7' title="bbox 122 882 1070 969; baseline 0.004 -27"><span class='ocrx_word' id='word_1_39' title='bbox 122 883 288 944; x_wconf 83' lang='lat' dir='ltr'><strong>obstrictas</strong></span> <span class='ocrx_word' id='word_1_40' title='bbox 309 887 472 963; x_wconf 81' lang='lat' dir='ltr'><strong>videretur,</strong></span> <span class='ocrx_word' id='word_1_41' title='bbox 496 884 647 968; x_wconf 83' lang='lat' dir='ltr'><strong>magister</strong></span> <span class='ocrx_word' id='word_1_42' title='bbox 662 882 790 969; x_wconf 88' lang='lat' dir='ltr'><strong>quidam</strong></span> <span class='ocrx_word' id='word_1_43' title='bbox 800 885 985 965; x_wconf 80' lang='lat' dir='ltr'><strong>postulatum</strong></span> <span class='ocrx_word' id='word_1_44' title='bbox 1000 905 1070 946; x_wconf 89' lang='lat' dir='ltr'><strong>esse</strong></span> 
     </span>
     <span class='ocr_line' id='line_1_8' title="bbox 128 963 1071 1054; baseline 0.005 -29"><span class='ocrx_word' id='word_1_45' title='bbox 128 963 293 1029; x_wconf 87' lang='lat' dir='ltr'><strong>consulum</strong></span> <span class='ocrx_word' id='word_1_46' title='bbox 324 967 558 1050; x_wconf 88' lang='lat' dir='ltr'><strong>significaturus</strong></span> <span class='ocrx_word' id='word_1_47' title='bbox 589 990 684 1054; x_wconf 90' lang='lat' dir='ltr'><strong>super</strong></span> <span class='ocrx_word' id='word_1_48' title='bbox 713 990 782 1032; x_wconf 89' lang='lat' dir='ltr'><strong>eam</strong></span> <span class='ocrx_word' id='word_1_49' title='bbox 811 990 922 1032; x_wconf 87' lang='lat' dir='ltr'><strong>vocem</strong></span> <span class='ocrx_word' id='word_1_50' title='bbox 944 969 1071 1053; x_wconf 81' lang='lat' dir='ltr'><strong>scripsit</strong></span> 
     </span>
    </p>
   </div>
   <div class='ocr_carea' id='block_1_3' title="bbox 120 1048 1069 1244">
    <p class='ocr_par' dir='ltr' id='par_1_3' title="bbox 120 1048 1069 1244">
     <span class='ocr_line' id='line_1_9' title="bbox 124 1048 1069 1162; baseline 0.007 -37"><span class='ocrx_word' id='word_1_51' title='bbox 124 1048 408 1162; x_wconf 53' lang='lat' dir='ltr'><strong>Osi&#39;(¹‚⁰ss&#39;spulapu)3</strong></span> <span class='ocrx_word' id='word_1_52' title='bbox 439 1067 472 1131; x_wconf 91' lang='lat' dir='ltr'><strong>id</strong></span> <span class='ocrx_word' id='word_1_53' title='bbox 500 1070 564 1131; x_wconf 90' lang='lat' dir='ltr'><strong>iam</strong></span> <span class='ocrx_word' id='word_1_54' title='bbox 597 1068 721 1133; x_wconf 86' lang='lat' dir='ltr'><strong>scribae</strong></span> <span class='ocrx_word' id='word_1_55' title='bbox 754 1079 965 1133; x_wconf 77' lang='lat' dir='ltr'><strong>correcturum</strong></span> <span class='ocrx_word' id='word_1_56' title='bbox 999 1091 1069 1133; x_wconf 89' lang='lat' dir='ltr'><strong>esse</strong></span> 
     </span>
     <span class='ocr_line' id='line_1_10' title="bbox 120 1160 1067 1244; baseline 0.002 -20"><span class='ocrx_word' id='word_1_57' title='bbox 120 1161 190 1244; x_wconf 84' lang='lat' dir='ltr'><strong>rati,</strong></span> <span class='ocrx_word' id='word_1_58' title='bbox 214 1170 268 1224; x_wconf 88' lang='lat' dir='ltr'><strong>aut</strong></span> <span class='ocrx_word' id='word_1_59' title='bbox 284 1169 445 1225; x_wconf 80' lang='lat' dir='ltr'><strong>consulatu</strong></span> <span class='ocrx_word' id='word_1_60' title='bbox 459 1160 533 1224; x_wconf 91' lang='lat' dir='ltr'><strong>inde</strong></span> <span class='ocrx_word' id='word_1_61' title='bbox 550 1170 729 1243; x_wconf 86' lang='lat' dir='ltr'><strong>exararunt,</strong></span> <span class='ocrx_word' id='word_1_62' title='bbox 753 1171 807 1225; x_wconf 90' lang='lat' dir='ltr'><strong>aut</strong></span> <span class='ocrx_word' id='word_1_63' title='bbox 817 1170 974 1243; x_wconf 83' lang='lat' dir='ltr'><strong>postulatu</strong></span> <span class='ocrx_word' id='word_1_64' title='bbox 989 1184 1067 1226; x_wconf 80' lang='lat' dir='ltr'><strong>voce</strong></span> 
     </span>
    </p>
   </div>
   <div class='ocr_carea' id='block_1_4' title="bbox 120 1251 1070 1600">
    <p class='ocr_par' dir='ltr' id='par_1_4' title="bbox 120 1251 1070 1600">
     <span class='ocr_line' id='line_1_11' title="bbox 121 1251 1065 1348; baseline 0.001 -22"><span class='ocrx_word' id='word_1_65' title='bbox 121 1264 294 1348; x_wconf 87' lang='lat' dir='ltr'><strong>exstirpata</strong></span> <span class='ocrx_word' id='word_1_66' title='bbox 315 1272 425 1326; x_wconf 90' lang='lat' dir='ltr'><strong>notum</strong></span> <span class='ocrx_word' id='word_1_67' title='bbox 447 1261 525 1326; x_wconf 89' lang='lat' dir='ltr'><strong>illud</strong></span> <span class='ocrx_word' id='word_1_68' title='bbox 548 1263 663 1347; x_wconf 78' lang='lat' dir='ltr'><strong>sigium</strong></span> <span class='ocrx_word' id='word_1_69' title='bbox 679 1251 729 1328; x_wconf 70' lang='lat' dir='ltr'><strong>O‘S</strong></span> <span class='ocrx_word' id='word_1_70' title='bbox 750 1263 804 1328; x_wconf 89' lang='lat' dir='ltr'><strong>vel</strong></span> <span class='ocrx_word' id='word_1_71' title='bbox 820 1251 895 1329; x_wconf 55' lang='lat' dir='ltr'><strong>OffS</strong></span> <span class='ocrx_word' id='word_1_72' title='bbox 917 1286 1065 1348; x_wconf 86' lang='lat' dir='ltr'><strong>reposue-</strong></span> 
     </span>
     <span class='ocr_line' id='line_1_12' title="bbox 120 1349 1069 1413; baseline 0.001 -2"><span class='ocrx_word' id='word_1_73' title='bbox 120 1356 204 1411; x_wconf 89' lang='lat' dir='ltr'><strong>runt.</strong></span> <span class='ocrx_word' id='word_1_74' title='bbox 228 1349 312 1411; x_wconf 89' lang='lat' dir='ltr'><strong>Hinc</strong></span> <span class='ocrx_word' id='word_1_75' title='bbox 334 1349 397 1412; x_wconf 90' lang='lat' dir='ltr'><strong>iam</strong></span> <span class='ocrx_word' id='word_1_76' title='bbox 420 1357 527 1413; x_wconf 87' lang='lat' dir='ltr'><strong>cetera</strong></span> <span class='ocrx_word' id='word_1_77' title='bbox 548 1349 664 1412; x_wconf 90' lang='lat' dir='ltr'><strong>menda</strong></span> <span class='ocrx_word' id='word_1_78' title='bbox 686 1351 883 1413; x_wconf 83' lang='lat' dir='ltr'><strong>exstiterunt.</strong></span> <span class='ocrx_word' id='word_1_79' title='bbox 908 1357 1022 1413; x_wconf 79' lang='lat' dir='ltr'><strong>Caesar</strong></span> <span class='ocrx_word' id='word_1_80' title='bbox 1036 1351 1069 1413; x_wconf 91' lang='lat' dir='ltr'><strong>in</strong></span> 
     </span>
     <span class='ocr_line' id='line_1_13' title="bbox 122 1433 1070 1520; baseline -0.002 -22"><span class='ocrx_word' id='word_1_81' title='bbox 122 1439 267 1498; x_wconf 80' lang='lat' dir='ltr'><strong>Caesaris</strong></span> <span class='ocrx_word' id='word_1_82' title='bbox 294 1442 447 1496; x_wconf 88' lang='lat' dir='ltr'><strong>mutatum</strong></span> <span class='ocrx_word' id='word_1_83' title='bbox 477 1442 540 1516; x_wconf 87' lang='lat' dir='ltr'><strong>est,</strong></span> <span class='ocrx_word' id='word_1_84' title='bbox 570 1433 713 1497; x_wconf 89' lang='lat' dir='ltr'><strong>additum</strong></span> <span class='ocrx_word' id='word_1_85' title='bbox 735 1433 866 1516; x_wconf 85' lang='lat' dir='ltr'><strong>deinde,</strong></span> <span class='ocrx_word' id='word_1_86' title='bbox 890 1456 986 1520; x_wconf 91' lang='lat' dir='ltr'><strong>quum</strong></span> <span class='ocrx_word' id='word_1_87' title='bbox 1008 1433 1070 1496; x_wconf 90' lang='lat' dir='ltr'><strong>iam</strong></span> 
     </span>
     <span class='ocr_line' id='line_1_14' title="bbox 121 1517 1069 1600; baseline 0 -18"><span class='ocrx_word' id='word_1_88' title='bbox 121 1517 298 1582; x_wconf 85' lang='lat' dir='ltr'><strong>subiectum</strong></span> <span class='ocrx_word' id='word_1_89' title='bbox 310 1525 533 1598; x_wconf 78' lang='lat' dir='ltr'><strong>proficiscendi</strong></span> <span class='ocrx_word' id='word_1_90' title='bbox 552 1518 644 1582; x_wconf 89' lang='lat' dir='ltr'><strong>verbi</strong></span> <span class='ocrx_word' id='word_1_91' title='bbox 666 1518 804 1600; x_wconf 79' lang='lat' dir='ltr'>deesset,</span> <span class='ocrx_word' id='word_1_92' title='bbox 829 1529 882 1582; x_wconf 90' lang='lat' dir='ltr'><strong>aut</strong></span> <span class='ocrx_word' id='word_1_93' title='bbox 904 1519 1007 1582; x_wconf 90' lang='lat' dir='ltr'><strong>denuo</strong></span> <span class='ocrx_word' id='word_1_94' title='bbox 1030 1521 1069 1582; x_wconf 90' lang='lat' dir='ltr'><strong>si-</strong></span> 
     </span>
    </p>
   </div>
   <div class='ocr_carea' id='block_1_5' title="bbox 112 1618 1098 3491">
    <p class='ocr_par' dir='ltr' id='par_1_5' title="bbox 119 1618 1069 2302">
     <span class='ocr_line' id='line_1_15' title="bbox 121 1618 1068 1705; baseline 0.001 -23"><span class='ocrx_word' id='word_1_95' title='bbox 121 1618 209 1705; x_wconf 84' lang='lat' dir='ltr'><strong>glum</strong></span> <span class='ocrx_word' id='word_1_96' title='bbox 230 1618 310 1683; x_wconf 91' lang='lat' dir='ltr'><strong>illud</strong></span> <span class='ocrx_word' id='word_1_97' title='bbox 332 1618 397 1702; x_wconf 79' lang='lat' dir='ltr'><strong>OS,</strong></span> <span class='ocrx_word' id='word_1_98' title='bbox 425 1630 479 1683; x_wconf 88' lang='lat' dir='ltr'><strong>aut</strong></span> <span class='ocrx_word' id='word_1_99' title='bbox 501 1627 626 1701; x_wconf 77' lang='lat' dir='ltr'><strong>Pompei</strong></span> <span class='ocrx_word' id='word_1_100' title='bbox 646 1643 769 1684; x_wconf 89' lang='lat' dir='ltr'><strong>nomen.</strong></span> <span class='ocrx_word' id='word_1_101' title='bbox 797 1620 994 1684; x_wconf 87' lang='lat' dir='ltr'><strong>Novissimus</strong></span> <span class='ocrx_word' id='word_1_102' title='bbox 1024 1621 1068 1683; x_wconf 93' lang='lat' dir='ltr'><strong>in-</strong></span> 
     </span>
     <span class='ocr_line' id='line_1_16' title="bbox 120 1703 1069 1791; baseline 0.001 -23"><span class='ocrx_word' id='word_1_103' title='bbox 120 1703 293 1790; x_wconf 87' lang='lat' dir='ltr'><strong>terpolator</strong></span> <span class='ocrx_word' id='word_1_104' title='bbox 314 1705 381 1786; x_wconf 88' lang='lat' dir='ltr'><strong>fuit,</strong></span> <span class='ocrx_word' id='word_1_105' title='bbox 406 1707 461 1791; x_wconf 92' lang='lat' dir='ltr'><strong>qui</strong></span> <span class='ocrx_word' id='word_1_106' title='bbox 483 1706 516 1768; x_wconf 90' lang='lat' dir='ltr'><strong>in</strong></span> <span class='ocrx_word' id='word_1_107' title='bbox 538 1705 646 1770; x_wconf 82' lang='lat' dir='ltr'><strong>codice</strong></span> <span class='ocrx_word' id='word_1_108' title='bbox 663 1705 864 1790; x_wconf 83' lang='lat' dir='ltr'><strong>Scaligerano</strong></span> <span class='ocrx_word' id='word_1_109' title='bbox 887 1727 947 1769; x_wconf 84' lang='lat' dir='ltr'><strong>noa</strong></span> <span class='ocrx_word' id='word_1_110' title='bbox 970 1707 1069 1769; x_wconf 87' lang='lat' dir='ltr'><strong>intru-</strong></span> 
     </span>
     <span class='ocr_line' id='line_1_17' title="bbox 121 1789 1068 1875; baseline -0.002 -21"><span class='ocrx_word' id='word_1_111' title='bbox 121 1790 171 1854; x_wconf 85' lang='lat' dir='ltr'><strong>sit.</strong></span> <span class='ocrx_word' id='word_1_112' title='bbox 200 1790 252 1853; x_wconf 88' lang='lat' dir='ltr'><strong>De</strong></span> <span class='ocrx_word' id='word_1_113' title='bbox 279 1791 357 1875; x_wconf 91' lang='lat' dir='ltr'><strong>ipsis</strong></span> <span class='ocrx_word' id='word_1_114' title='bbox 386 1790 493 1854; x_wconf 89' lang='lat' dir='ltr'><strong>verbis</strong></span> <span class='ocrx_word' id='word_1_115' title='bbox 516 1803 646 1872; x_wconf 78' lang='lat' dir='ltr'><strong>peracto</strong></span> <span class='ocrx_word' id='word_1_116' title='bbox 672 1799 830 1872; x_wconf 82' lang='lat' dir='ltr'><strong>postulata</strong></span> <span class='ocrx_word' id='word_1_117' title='bbox 856 1814 887 1854; x_wconf 88' lang='lat' dir='ltr'><strong>v.</strong></span> <span class='ocrx_word' id='word_1_118' title='bbox 917 1789 1068 1870; x_wconf 83' lang='lat' dir='ltr'><strong>Liv.111,</strong></span> 
     </span>
     <span class='ocr_line' id='line_1_18' title="bbox 119 1873 1068 1961; baseline 0 -23"><span class='ocrx_word' id='word_1_119' title='bbox 119 1873 172 1954; x_wconf 75' lang='lat'><strong>47,</strong></span> <span class='ocrx_word' id='word_1_120' title='bbox 195 1875 232 1938; x_wconf 85' lang='lat'><strong>4:</strong></span> <span class='ocrx_word' id='word_1_121' title='bbox 251 1883 435 1956; x_wconf 81' lang='lat' dir='ltr'><strong>priusquam</strong></span> <span class='ocrx_word' id='word_1_122' title='bbox 457 1888 509 1940; x_wconf 82' lang='lat' dir='ltr'><strong>aut</strong></span> <span class='ocrx_word' id='word_1_123' title='bbox 531 1883 580 1939; x_wconf 86' lang='lat' dir='ltr'><strong>iiie</strong></span> <span class='ocrx_word' id='word_1_124' title='bbox 598 1884 783 1956; x_wconf 80' lang='lat' dir='ltr'><strong>postulatum</strong></span> <span class='ocrx_word' id='word_1_125' title='bbox 800 1887 967 1956; x_wconf 76' lang='lat' dir='ltr'><strong>perciperet</strong></span> <span class='ocrx_word' id='word_1_126' title='bbox 974 1900 982 1958; x_wconf 77' lang='lat'>3</span> <span class='ocrx_word' id='word_1_127' title='bbox 1005 1897 1068 1961; x_wconf 91' lang='lat' dir='ltr'><strong>quo</strong></span> 
     </span>
     <span class='ocr_line' id='line_1_19' title="bbox 120 1959 1068 2047; baseline -0.002 -21"><span class='ocrx_word' id='word_1_128' title='bbox 120 1982 163 2026; x_wconf 84' lang='lat' dir='ltr'><strong>ex</strong></span> <span class='ocrx_word' id='word_1_129' title='bbox 185 1959 253 2025; x_wconf 90' lang='lat' dir='ltr'><strong>loco</strong></span> <span class='ocrx_word' id='word_1_130' title='bbox 284 1982 380 2046; x_wconf 89' lang='lat' dir='ltr'><strong>quum</strong></span> <span class='ocrx_word' id='word_1_131' title='bbox 408 1959 447 2024; x_wconf 90' lang='lat' dir='ltr'><strong>de</strong></span> <span class='ocrx_word' id='word_1_132' title='bbox 476 1982 536 2023; x_wconf 90' lang='lat' dir='ltr'><strong>usu</strong></span> <span class='ocrx_word' id='word_1_133' title='bbox 557 1960 704 2024; x_wconf 80' lang='lat' dir='ltr'><strong>vocabuli</strong></span> <span class='ocrx_word' id='word_1_134' title='bbox 734 1970 866 2047; x_wconf 83' lang='lat' dir='ltr'><strong>quartae</strong></span> <span class='ocrx_word' id='word_1_135' title='bbox 889 1959 1068 2024; x_wconf 87' lang='lat' dir='ltr'><strong>declinatio-</strong></span> 
     </span>
     <span class='ocr_line' id='line_1_20' title="bbox 119 2044 1069 2132; baseline -0.001 -24"><span class='ocrx_word' id='word_1_136' title='bbox 119 2045 170 2108; x_wconf 87' lang='lat' dir='ltr'><strong>nis</strong></span> <span class='ocrx_word' id='word_1_137' title='bbox 194 2053 371 2125; x_wconf 79' lang='lat' dir='ltr'><strong>postaietes</strong></span> <span class='ocrx_word' id='word_1_138' title='bbox 400 2044 480 2108; x_wconf 89' lang='lat' dir='ltr'><strong>nihil</strong></span> <span class='ocrx_word' id='word_1_139' title='bbox 507 2047 586 2109; x_wconf 88' lang='lat' dir='ltr'><strong>certi</strong></span> <span class='ocrx_word' id='word_1_140' title='bbox 621 2047 743 2132; x_wconf 81' lang='lat' dir='ltr'><strong>percipi</strong></span> <span class='ocrx_word' id='word_1_141' title='bbox 779 2047 894 2130; x_wconf 87' lang='lat' dir='ltr'><strong>possit,</strong></span> <span class='ocrx_word' id='word_1_142' title='bbox 926 2045 1069 2110; x_wconf 88' lang='lat' dir='ltr'><strong>conferas</strong></span> 
     </span>
     <span class='ocr_line' id='line_1_21' title="bbox 121 2129 1069 2214; baseline -0.001 -21"><span class='ocrx_word' id='word_1_143' title='bbox 121 2131 217 2193; x_wconf 88' lang='lat' dir='ltr'><strong>etiam</strong></span> <span class='ocrx_word' id='word_1_144' title='bbox 237 2129 307 2194; x_wconf 87' lang='lat' dir='ltr'><strong>Liv.</strong></span> <span class='ocrx_word' id='word_1_145' title='bbox 330 2129 385 2211; x_wconf 87' lang='lat' dir='ltr'><strong>IV,</strong></span> <span class='ocrx_word' id='word_1_146' title='bbox 409 2130 438 2214; x_wconf 80' lang='lat'><strong>9,</strong></span> <span class='ocrx_word' id='word_1_147' title='bbox 462 2130 498 2194; x_wconf 70' lang='grc' dir='ltr'><strong>ὃς</strong></span> <span class='ocrx_word' id='word_1_148' title='bbox 518 2139 673 2212; x_wconf 80' lang='lat' dir='ltr'><strong>postulatu</strong></span> <span class='ocrx_word' id='word_1_149' title='bbox 692 2138 805 2206; x_wconf 80' lang='lat' dir='ltr'><strong>audito,</strong></span> <span class='ocrx_word' id='word_1_150' title='bbox 829 2132 879 2194; x_wconf 90' lang='lat' dir='ltr'><strong>cui</strong></span> <span class='ocrx_word' id='word_1_151' title='bbox 901 2129 970 2194; x_wconf 88' lang='lat' dir='ltr'><strong>loco</strong></span> <span class='ocrx_word' id='word_1_152' title='bbox 985 2129 1069 2192; x_wconf 85' lang='lat' dir='ltr'><strong>Dra-</strong></span> 
     </span>
     <span class='ocr_line' id='line_1_22' title="bbox 119 2213 1067 2302; baseline -0.001 -25"><span class='ocrx_word' id='word_1_153' title='bbox 119 2213 334 2279; x_wconf 84' lang='lat' dir='ltr'><strong>kenborchius</strong></span> <span class='ocrx_word' id='word_1_154' title='bbox 358 2215 420 2278; x_wconf 88' lang='lat' dir='ltr'><strong>alia</strong></span> <span class='ocrx_word' id='word_1_155' title='bbox 443 2215 509 2278; x_wconf 90' lang='lat' dir='ltr'><strong>eius</strong></span> <span class='ocrx_word' id='word_1_156' title='bbox 538 2217 662 2302; x_wconf 85' lang='lat' dir='ltr'><strong>generis</strong></span> <span class='ocrx_word' id='word_1_157' title='bbox 684 2215 871 2279; x_wconf 85' lang='lat' dir='ltr'><strong>heteroclita</strong></span> <span class='ocrx_word' id='word_1_158' title='bbox 892 2214 1067 2300; x_wconf 81' lang='lat' dir='ltr'><strong>adscripsit.</strong></span> 
     </span>
    </p>

    <p class='ocr_par' dir='ltr' id='par_1_6' title="bbox 112 2298 1098 3491">
     <span class='ocr_line' id='line_1_23' title="bbox 186 2298 1068 2386; baseline -0.001 -23"><span class='ocrx_word' id='word_1_159' title='bbox 186 2298 223 2363; x_wconf 80' lang='grc' dir='ltr'><strong>Ο.</strong></span> <span class='ocrx_word' id='word_1_160' title='bbox 247 2301 287 2364; x_wconf 90' lang='grc'><strong>13</strong></span> <span class='ocrx_word' id='word_1_161' title='bbox 310 2321 417 2365; x_wconf 86' lang='lat' dir='ltr'><strong>omnes</strong></span> <span class='ocrx_word' id='word_1_162' title='bbox 441 2301 568 2386; x_wconf 89' lang='lat' dir='ltr'><strong>quidem</strong></span> <span class='ocrx_word' id='word_1_163' title='bbox 589 2301 664 2364; x_wconf 90' lang='lat' dir='ltr'><strong>libri</strong></span> <span class='ocrx_word' id='word_1_164' title='bbox 686 2302 892 2366; x_wconf 77' lang='lat' dir='ltr'><strong>consentiunt¹</strong></span> <span class='ocrx_word' id='word_1_165' title='bbox 907 2301 941 2363; x_wconf 91' lang='lat' dir='ltr'><strong>in</strong></span> <span class='ocrx_word' id='word_1_166' title='bbox 962 2300 1068 2363; x_wconf 83' lang='lat' dir='ltr'><strong>verbis</strong></span> 
     </span>
     <span class='ocr_line' id='line_1_24' title="bbox 115 2389 1070 2467; baseline -0.001 -19"><span class='ocrx_word' id='word_1_167' title='bbox 115 2391 254 2467; x_wconf 78' lang='lat' dir='ltr'><strong>proinde</strong></span> <span class='ocrx_word' id='word_1_168' title='bbox 283 2391 393 2449; x_wconf 78' lang='lat' dir='ltr'><strong>iubeat</strong></span> <span class='ocrx_word' id='word_1_169' title='bbox 418 2393 565 2450; x_wconf 82' lang='lat' dir='ltr'><strong>rationem</strong></span> <span class='ocrx_word' id='word_1_170' title='bbox 588 2389 854 2466; x_wconf 76' lang='lat' dir='ltr'><strong>posteritatis</strong></span> <span class='ocrx_word' id='word_1_171' title='bbox 884 2397 912 2448; x_wconf 89' lang='lat' dir='ltr'><strong>et</strong></span> <span class='ocrx_word' id='word_1_172' title='bbox 934 2393 1070 2464; x_wconf 76' lang='lat' dir='ltr'><strong>periculi</strong></span> 
     </span>
     <span class='ocr_line' id='line_1_25' title="bbox 120 2469 1068 2534; baseline -0.002 0"><span class='ocrx_word' id='word_1_173' title='bbox 120 2477 233 2534; x_wconf 81' lang='lat' dir='ltr'><strong>sui-</strong></span> <span class='ocrx_word' id='word_1_174' title='bbox 257 2479 288 2533; x_wconf 88' lang='lat' dir='ltr'><strong>at</strong></span> <span class='ocrx_word' id='word_1_175' title='bbox 310 2469 384 2534; x_wconf 91' lang='lat' dir='ltr'><strong>huic</strong></span> <span class='ocrx_word' id='word_1_176' title='bbox 405 2469 622 2534; x_wconf 86' lang='lat' dir='ltr'><strong>Auximatium</strong></span> <span class='ocrx_word' id='word_1_177' title='bbox 644 2470 686 2534; x_wconf 90' lang='lat' dir='ltr'><strong>ad</strong></span> <span class='ocrx_word' id='word_1_178' title='bbox 713 2471 836 2534; x_wconf 87' lang='lat' dir='ltr'><strong>Attium</strong></span> <span class='ocrx_word' id='word_1_179' title='bbox 857 2471 979 2533; x_wconf 90' lang='lat' dir='ltr'><strong>Varum</strong></span> <span class='ocrx_word' id='word_1_180' title='bbox 1002 2493 1068 2534; x_wconf 86' lang='lat' dir='ltr'><strong>ora·</strong></span> 
     </span>
     <span class='ocr_line' id='line_1_26' title="bbox 120 2554 1068 2640; baseline 0 -22"><span class='ocrx_word' id='word_1_181' title='bbox 120 2557 200 2618; x_wconf 86' lang='lat' dir='ltr'><strong>tioni</strong></span> <span class='ocrx_word' id='word_1_182' title='bbox 231 2554 325 2640; x_wconf 85' lang='lat' dir='ltr'><strong>plane</strong></span> <span class='ocrx_word' id='word_1_183' title='bbox 358 2554 494 2619; x_wconf 89' lang='lat' dir='ltr'><strong>alienam</strong></span> <span class='ocrx_word' id='word_1_184' title='bbox 509 2630 515 2639; x_wconf 25' lang='grc' dir='ltr'>ι</span> <span class='ocrx_word' id='word_1_185' title='bbox 530 2578 600 2620; x_wconf 87' lang='lat' dir='ltr'><strong>esse</strong></span> <span class='ocrx_word' id='word_1_186' title='bbox 632 2564 824 2637; x_wconf 77' lang='lat' dir='ltr'><strong>posteritatis</strong></span> <span class='ocrx_word' id='word_1_187' title='bbox 855 2557 875 2618; x_wconf 92' lang='lat' dir='ltr'><strong>i.</strong></span> <span class='ocrx_word' id='word_1_188' title='bbox 912 2577 939 2618; x_wconf 89' lang='lat' dir='ltr'><strong>e.</strong></span> <span class='ocrx_word' id='word_1_189' title='bbox 967 2554 1068 2618; x_wconf 90' lang='lat' dir='ltr'><strong>famae</strong></span> 
     </span>
     <span class='ocr_line' id='line_1_27' title="bbox 121 2638 1068 2726; baseline 0 -23"><span class='ocrx_word' id='word_1_190' title='bbox 121 2639 208 2725; x_wconf 88' lang='lat' dir='ltr'><strong>apud</strong></span> <span class='ocrx_word' id='word_1_191' title='bbox 221 2649 365 2726; x_wconf 89' lang='lat' dir='ltr'><strong>posteros</strong></span> <span class='ocrx_word' id='word_1_192' title='bbox 381 2640 634 2723; x_wconf 84' lang='lat' dir='ltr'><strong>admonitionem,</strong></span> <span class='ocrx_word' id='word_1_193' title='bbox 657 2643 719 2704; x_wconf 89' lang='lat' dir='ltr'><strong>iam</strong></span> <span class='ocrx_word' id='word_1_194' title='bbox 736 2640 789 2706; x_wconf 92' lang='lat' dir='ltr'><strong>alii</strong></span> <span class='ocrx_word' id='word_1_195' title='bbox 804 2639 961 2704; x_wconf 90' lang='lat' dir='ltr'><strong>viderunt.</strong></span> <span class='ocrx_word' id='word_1_196' title='bbox 985 2638 1068 2718; x_wconf 79' lang='lat' dir='ltr'><strong>Qua-</strong></span> 
     </span>
     <span class='ocr_line' id='line_1_28' title="bbox 119 2724 1067 2824; baseline -0.001 -36"><span class='ocrx_word' id='word_1_197' title='bbox 119 2733 252 2824; x_wconf 75' lang='lat' dir='ltr'><strong>propter</strong></span> <span class='ocrx_word' id='word_1_198' title='bbox 273 2724 423 2808; x_wconf 80' lang='lat' dir='ltr'><strong>Jurinius,</strong></span> <span class='ocrx_word' id='word_1_199' title='bbox 455 2748 548 2811; x_wconf 90' lang='lat' dir='ltr'><strong>quem</strong></span> <span class='ocrx_word' id='word_1_200' title='bbox 569 2726 735 2790; x_wconf 84' lang='lat' dir='ltr'><strong>Kranerus</strong></span> <span class='ocrx_word' id='word_1_201' title='bbox 765 2735 890 2789; x_wconf 86' lang='lat' dir='ltr'><strong>secutus</strong></span> <span class='ocrx_word' id='word_1_202' title='bbox 914 2734 970 2806; x_wconf 86' lang='lat' dir='ltr'><strong>est,</strong></span> <span class='ocrx_word' id='word_1_203' title='bbox 995 2747 1067 2788; x_wconf 89' lang='lat' dir='ltr'><strong>con-</strong></span> 
     </span>
     <span class='ocr_line' id='line_1_29' title="bbox 118 2811 1066 2891; baseline 0.001 -19"><span class='ocrx_word' id='word_1_204' title='bbox 118 2811 213 2874; x_wconf 81' lang='lat' dir='ltr'><strong>iecit:</strong></span> <span class='ocrx_word' id='word_1_205' title='bbox 232 2817 366 2889; x_wconf 80' lang='lat' dir='ltr'><strong>proinde</strong></span> <span class='ocrx_word' id='word_1_206' title='bbox 388 2817 498 2875; x_wconf 82' lang='lat' dir='ltr'><strong>iubeat</strong></span> <span class='ocrx_word' id='word_1_207' title='bbox 516 2819 664 2879; x_wconf 82' lang='lat' dir='ltr'><strong>rationem</strong></span> <span class='ocrx_word' id='word_1_208' title='bbox 691 2819 771 2876; x_wconf 84' lang='lat' dir='ltr'><strong>dum</strong></span> <span class='ocrx_word' id='word_1_209' title='bbox 794 2823 977 2891; x_wconf 85' lang='lat' dir='ltr'><strong>potestas</strong></span> <span class='ocrx_word' id='word_1_210' title='bbox 1004 2817 1066 2886; x_wconf 72' lang='lat' dir='ltr'><strong>sit,</strong></span> 
     </span>
     <span class='ocr_line' id='line_1_30' title="bbox 112 2893 1068 2981; baseline -0.001 -23"><span class='ocrx_word' id='word_1_211' title='bbox 112 2903 253 2976; x_wconf 73' lang='lat' dir='ltr'><strong>vpericuli</strong></span> <span class='ocrx_word' id='word_1_212' title='bbox 265 2904 430 2980; x_wconf 71' lang='lat' dir='ltr'><strong>sui—ex</strong></span> <span class='ocrx_word' id='word_1_213' title='bbox 446 2897 601 2960; x_wconf 84' lang='lat' dir='ltr'><strong>sententia</strong></span> <span class='ocrx_word' id='word_1_214' title='bbox 624 2897 749 2981; x_wconf 82' lang='lat' dir='ltr'><strong>optime,</strong></span> <span class='ocrx_word' id='word_1_215' title='bbox 773 2905 805 2958; x_wconf 89' lang='lat' dir='ltr'><strong>at</strong></span> <span class='ocrx_word' id='word_1_216' title='bbox 826 2895 930 2959; x_wconf 85' lang='lat' dir='ltr'><strong>minus</strong></span> <span class='ocrx_word' id='word_1_217' title='bbox 954 2893 1068 2979; x_wconf 89' lang='lat' dir='ltr'><strong>proba·</strong></span> 
     </span>
     <span class='ocr_line' id='line_1_31' title="bbox 121 2977 1068 3066; baseline -0.001 -24"><span class='ocrx_word' id='word_1_218' title='bbox 121 2978 243 3062; x_wconf 90' lang='lat' dir='ltr'><strong>biliter,</strong></span> <span class='ocrx_word' id='word_1_219' title='bbox 270 3002 366 3066; x_wconf 89' lang='lat' dir='ltr'><strong>quum</strong></span> <span class='ocrx_word' id='word_1_220' title='bbox 387 2979 563 3044; x_wconf 87' lang='lat' dir='ltr'><strong>litterarum</strong></span> <span class='ocrx_word' id='word_1_221' title='bbox 586 2981 830 3064; x_wconf 81' lang='lat' dir='ltr'><strong>discrepantiam</strong></span> <span class='ocrx_word' id='word_1_222' title='bbox 845 2980 986 3064; x_wconf 84' lang='lat' dir='ltr'><strong>respicis.</strong></span> <span class='ocrx_word' id='word_1_223' title='bbox 1008 2977 1068 3042; x_wconf 90' lang='lat' dir='ltr'><strong>Le·</strong></span> 
     </span>
     <span class='ocr_line' id='line_1_32' title="bbox 117 3064 1068 3146; baseline 0.002 -20"><span class='ocrx_word' id='word_1_224' title='bbox 117 3065 244 3130; x_wconf 88' lang='lat' dir='ltr'><strong>niorem</strong></span> <span class='ocrx_word' id='word_1_225' title='bbox 266 3067 444 3129; x_wconf 85' lang='lat' dir='ltr'><strong>existimavi</strong></span> <span class='ocrx_word' id='word_1_226' title='bbox 465 3064 547 3128; x_wconf 90' lang='lat' dir='ltr'><strong>hanc</strong></span> <span class='ocrx_word' id='word_1_227' title='bbox 570 3065 839 3129; x_wconf 85' lang='lat' dir='ltr'><strong>emendationem:</strong></span> <span class='ocrx_word' id='word_1_228' title='bbox 858 3071 992 3146; x_wconf 84' lang='lat' dir='ltr'><strong>proinde</strong></span> <span class='ocrx_word' id='word_1_229' title='bbox 1013 3071 1068 3128; x_wconf 74' lang='lat' dir='ltr'><strong>iio·</strong></span> 
     </span>
     <span class='ocr_line' id='line_1_33' title="bbox 117 3154 1071 3230; baseline -0.004 -16"><span class='ocrx_word' id='word_1_230' title='bbox 117 3154 190 3214; x_wconf 82' lang='lat' dir='ltr'><strong>beat</strong></span> <span class='ocrx_word' id='word_1_231' title='bbox 214 3160 361 3215; x_wconf 80' lang='lat' dir='ltr'><strong>rationem</strong></span> <span class='ocrx_word' id='word_1_232' title='bbox 391 3157 429 3214; x_wconf 82' lang='lat' dir='ltr'><strong>ia</strong></span> <span class='ocrx_word' id='word_1_233' title='bbox 453 3163 653 3230; x_wconf 84' lang='lat' dir='ltr'><strong>posteram</strong></span> <span class='ocrx_word' id='word_1_234' title='bbox 676 3157 859 3216; x_wconf 82' lang='lat' dir='ltr'><strong>civitatis</strong></span> <span class='ocrx_word' id='word_1_235' title='bbox 890 3164 917 3214; x_wconf 90' lang='lat' dir='ltr'><strong>et</strong></span> <span class='ocrx_word' id='word_1_236' title='bbox 932 3156 1071 3229; x_wconf 83' lang='lat' dir='ltr'><strong>periculi</strong></span> 
     </span>
     <span class='ocr_line' id='line_1_34' title="bbox 116 3232 1068 3321; baseline -0.002 -22"><span class='ocrx_word' id='word_1_237' title='bbox 116 3243 179 3299; x_wconf 81' lang='lat' dir='ltr'><strong>sui.</strong></span> <span class='ocrx_word' id='word_1_238' title='bbox 206 3233 311 3314; x_wconf 81' lang='lat' dir='ltr'><strong>Quum</strong></span> <span class='ocrx_word' id='word_1_239' title='bbox 332 3235 522 3321; x_wconf 87' lang='lat' dir='ltr'><strong>praepositio</strong></span> <span class='ocrx_word' id='word_1_240' title='bbox 544 3242 575 3299; x_wconf 86' lang='lat' dir='ltr'><strong>in</strong></span> <span class='ocrx_word' id='word_1_241' title='bbox 599 3234 764 3300; x_wconf 86' lang='lat' dir='ltr'><strong>scribendo</strong></span> <span class='ocrx_word' id='word_1_242' title='bbox 778 3257 850 3298; x_wconf 91' lang='lat' dir='ltr'><strong>cum</strong></span> <span class='ocrx_word' id='word_1_243' title='bbox 865 3232 1068 3298; x_wconf 83' lang='lat' dir='ltr'><strong>antecedente</strong></span> 
     </span>
     <span class='ocr_line' id='line_1_35' title="bbox 115 3317 1098 3400; baseline 0.001 -16"><span class='ocrx_word' id='word_1_244' title='bbox 115 3319 275 3386; x_wconf 85' lang='lat' dir='ltr'><strong>vocabulo</strong></span> <span class='ocrx_word' id='word_1_245' title='bbox 288 3320 455 3384; x_wconf 88' lang='lat' dir='ltr'><strong>coaluisset</strong></span> <span class='ocrx_word' id='word_1_246' title='bbox 470 3319 672 3400; x_wconf 68' lang='lat' dir='ltr'><strong>(rationein)</strong></span> <span class='ocrx_word' id='word_1_247' title='bbox 689 3320 836 3384; x_wconf 87' lang='lat' dir='ltr'><strong>librarius</strong></span> <span class='ocrx_word' id='word_1_248' title='bbox 849 3317 1069 3382; x_wconf 85' lang='lat' dir='ltr'><strong>aberrantibus</strong></span> <span class='ocrx_word' id='word_1_249' title='bbox 1095 3372 1098 3385; x_wconf 77' lang='grc'><strong>,</strong></span> 
     </span>
     <span class='ocr_line' id='line_1_36' title="bbox 115 3403 1068 3491; baseline -0.002 -23"><span class='ocrx_word' id='word_1_250' title='bbox 115 3403 219 3491; x_wconf 86' lang='lat' dir='ltr'><strong>oculis</strong></span> <span class='ocrx_word' id='word_1_251' title='bbox 242 3409 390 3489; x_wconf 72' lang='lat' dir='ltr'><strong>poster-ti</strong></span> <span class='ocrx_word' id='word_1_252' title='bbox 417 3406 576 3470; x_wconf 85' lang='lat' dir='ltr'><strong>ciuitatis</strong></span> <span class='ocrx_word' id='word_1_253' title='bbox 600 3405 634 3468; x_wconf 90' lang='lat' dir='ltr'><strong>in</strong></span> <span class='ocrx_word' id='word_1_254' title='bbox 655 3407 880 3488; x_wconf 84' lang='lat' dir='ltr'><strong>posteritatis</strong></span> <span class='ocrx_word' id='word_1_255' title='bbox 903 3407 1068 3467; x_wconf 86' lang='lat' dir='ltr'><strong>contraxit.</strong></span> 
     </span>
    </p>
   </div>
   <div class='ocr_carea' id='block_1_6' title="bbox 183 3503 1071 3592">
    <p class='ocr_par' dir='ltr' id='par_1_7' title="bbox 183 3503 1071 3592">
     <span class='ocr_line' id='line_1_37' title="bbox 183 3503 1071 3592; baseline -0.002 -20"><span class='ocrx_word' id='word_1_256' title='bbox 183 3505 219 3572; x_wconf 85' lang='lat' dir='ltr'><strong>C.</strong></span> <span class='ocrx_word' id='word_1_257' title='bbox 245 3507 285 3570; x_wconf 84' lang='lat'><strong>14</strong></span> <span class='ocrx_word' id='word_1_258' title='bbox 305 3506 469 3592; x_wconf 84' lang='lat' dir='ltr'><strong>vulgatum</strong></span> <span class='ocrx_word' id='word_1_259' title='bbox 492 3505 576 3572; x_wconf 90' lang='lat' dir='ltr'><strong>edidi</strong></span> <span class='ocrx_word' id='word_1_260' title='bbox 605 3513 648 3582; x_wconf 84' lang='lat' dir='ltr'><strong>ud</strong></span> <span class='ocrx_word' id='word_1_261' title='bbox 665 3513 767 3586; x_wconf 79' lang='lat' dir='ltr'><strong>forum</strong></span> <span class='ocrx_word' id='word_1_262' title='bbox 784 3512 984 3585; x_wconf 82' lang='lat' dir='ltr'><strong>productos.</strong></span> <span class='ocrx_word' id='word_1_263' title='bbox 1021 3503 1071 3570; x_wconf 87' lang='lat' dir='ltr'><strong>Ita</strong></span> 
     </span>
    </p>
   </div>
   <div class='ocr_carea' id='block_1_7' title="bbox 0 0 1270 3968">
    <p class='ocr_par' dir='ltr' id='par_1_8' title="bbox 0 0 1270 3968">
     <span class='ocr_line' id='line_1_38' title="bbox 0 0 1270 3968; baseline 0 0"><span class='ocrx_word' id='word_1_264' title='bbox 0 0 1270 3968; x_wconf 95' lang='lat' dir='ltr'><strong> </strong></span> 
     </span>
    </p>
   </div>
  </div>
 </body>
</html>
