<?xml version="1.0" encoding="UTF-8"?>
<!DOCTYPE html PUBLIC "-//W3C//DTD XHTML 1.0 Transitional//EN"
    "http://www.w3.org/TR/xhtml1/DTD/xhtml1-transitional.dtd">
<html xmlns="http://www.w3.org/1999/xhtml" xml:lang="en" lang="en">
 <head>
  <title>
</title>
<meta http-equiv="Content-Type" content="text/html;charset=utf-8" />
  <meta name='ocr-system' content='tesseract 3.04.00' />
  <meta name='ocr-capabilities' content='ocr_page ocr_carea ocr_par ocr_line ocrx_word'/>
</head>
<body>
  <div class='ocr_page' id='page_1' title='image "./ciuliicaesarisc01hirtgoog_0059.png"; bbox 0 0 2534 3970; ppageno 0'>
   <div class='ocr_carea' id='block_1_1' title="bbox 187 232 881 334">
    <p class='ocr_par' dir='ltr' id='par_1_1' title="bbox 187 232 881 334">
     <span class='ocr_line' id='line_1_1' title="bbox 187 232 881 334; baseline 0.004 -36"><span class='ocrx_word' id='word_1_1' title='bbox 187 232 231 299; x_wconf 80' lang='lat'><strong>54</strong></span> <span class='ocrx_word' id='word_1_2' title='bbox 443 233 505 299; x_wconf 85' lang='lat' dir='ltr'><strong>un</strong></span> <span class='ocrx_word' id='word_1_3' title='bbox 525 234 668 334; x_wconf 77' lang='lat' dir='ltr'><strong>sunno</strong></span> <span class='ocrx_word' id='word_1_4' title='bbox 691 233 881 301; x_wconf 77' lang='lat' dir='ltr'><strong>cmmco</strong></span> 
     </span>
    </p>
   </div>
   <div class='ocr_carea' id='block_1_2' title="bbox 178 397 1140 2704">
    <p class='ocr_par' dir='ltr' id='par_1_2' title="bbox 178 397 1140 2704">
     <span class='ocr_line' id='line_1_2' title="bbox 185 397 1137 493; baseline 0.002 -25"><span class='ocrx_word' id='word_1_5' title='bbox 185 397 333 490; x_wconf 86' lang='lat' dir='ltr'><strong>patefieri</strong></span> <span class='ocrx_word' id='word_1_6' title='bbox 353 404 491 472; x_wconf 83' lang='lat' dir='ltr'><strong>volebat</strong></span> <span class='ocrx_word' id='word_1_7' title='bbox 534 403 618 469; x_wconf 92' lang='lat' dir='ltr'><strong>Huic</strong></span> <span class='ocrx_word' id='word_1_8' title='bbox 639 405 790 493; x_wconf 79' lang='lat' dir='ltr'><strong>permisit,</strong></span> <span class='ocrx_word' id='word_1_9' title='bbox 814 402 840 469; x_wconf 91' lang='lat' dir='ltr'><strong>si</strong></span> <span class='ocrx_word' id='word_1_10' title='bbox 862 429 939 492; x_wconf 88' lang='lat' dir='ltr'><strong>opus</strong></span> <span class='ocrx_word' id='word_1_11' title='bbox 963 429 1033 472; x_wconf 90' lang='lat' dir='ltr'><strong>esse</strong></span> <span class='ocrx_word' id='word_1_12' title='bbox 1055 405 1137 470; x_wconf 88' lang='lat' dir='ltr'><strong>arbi·</strong></span> 
     </span>
     <span class='ocr_line' id='line_1_3' title="bbox 185 488 1136 578; baseline 0.002 -24"><span class='ocrx_word' id='word_1_13' title='bbox 185 499 330 574; x_wconf 89' lang='lat' dir='ltr'><strong>traretur,</strong></span> <span class='ocrx_word' id='word_1_14' title='bbox 352 493 399 556; x_wconf 88' lang='lat' dir='ltr'><strong>uti</strong></span> <span class='ocrx_word' id='word_1_15' title='bbox 426 488 460 554; x_wconf 90' lang='lat' dir='ltr'><strong>in</strong></span> <span class='ocrx_word' id='word_1_16' title='bbox 487 489 537 554; x_wconf 90' lang='lat' dir='ltr'><strong>his</strong></span> <span class='ocrx_word' id='word_1_17' title='bbox 564 490 641 555; x_wconf 89' lang='lat' dir='ltr'><strong>locis</strong></span> <span class='ocrx_word' id='word_1_18' title='bbox 670 491 827 578; x_wconf 82' lang='lat' dir='ltr'><strong>legionem</strong></span> <span class='ocrx_word' id='word_1_19' title='bbox 852 491 1012 556; x_wconf 89' lang='lat' dir='ltr'><strong>hiemandi</strong></span> <span class='ocrx_word' id='word_1_20' title='bbox 1041 501 1136 557; x_wconf 83' lang='lat' dir='ltr'><strong>causa</strong></span> 
     </span>
     <span class='ocr_line' id='line_1_4' title="bbox 186 573 1137 662; baseline 0.002 -24"><span class='ocrx_word' id='word_1_21' title='bbox 186 574 365 640; x_wconf 79' lang='lat' dir='ltr'>collocaret.</span> <span class='ocrx_word' id='word_1_22' title='bbox 415 573 519 640; x_wconf 78' lang='lat' dir='ltr'><strong>Galba</strong></span> <span class='ocrx_word' id='word_1_23' title='bbox 553 576 697 640; x_wconf 89' lang='lat' dir='ltr'><strong>secundis</strong></span> <span class='ocrx_word' id='word_1_24' title='bbox 733 575 851 662; x_wconf 82' lang='lat' dir='ltr'><strong>aliquot</strong></span> <span class='ocrx_word' id='word_1_25' title='bbox 881 576 1011 662; x_wconf 90' lang='lat' dir='ltr'><strong>proeliis</strong></span> <span class='ocrx_word' id='word_1_26' title='bbox 1044 576 1137 641; x_wconf 82' lang='lat' dir='ltr'><strong>factis</strong></span> 
     </span>
     <span class='ocr_line' id='line_1_5' title="bbox 186 659 1138 748; baseline 0.002 -24"><span class='ocrx_word' id='word_1_27' title='bbox 186 660 332 725; x_wconf 83' lang='lat' dir='ltr'><strong>castellis</strong></span> <span class='ocrx_word' id='word_1_28' title='bbox 347 683 387 725; x_wconf 90' lang='lat' dir='ltr'><strong>ue</strong></span> <span class='ocrx_word' id='word_1_29' title='bbox 409 659 620 745; x_wconf 85' lang='lat' dir='ltr'><strong>compluribus</strong></span> <span class='ocrx_word' id='word_1_30' title='bbox 644 683 751 725; x_wconf 89' lang='lat' dir='ltr'><strong>eorum</strong></span> <span class='ocrx_word' id='word_1_31' title='bbox 767 663 952 748; x_wconf 85' lang='lat' dir='ltr'><strong>expugnatis</strong></span> <span class='ocrx_word' id='word_1_32' title='bbox 968 662 1071 726; x_wconf 86' lang='lat' dir='ltr'><strong>missis</strong></span> <span class='ocrx_word' id='word_1_33' title='bbox 1095 661 1138 726; x_wconf 91' lang='lat' dir='ltr'><strong>ad</strong></span> 
     </span>
     <span class='ocr_line' id='line_1_6' title="bbox 185 684 982 894; baseline 0.004 -86"><span class='ocrx_word' id='word_1_34' title='bbox 185 766 257 809; x_wconf 90' lang='lat' dir='ltr'><strong>eum</strong></span> <span class='ocrx_word' id='word_1_35' title='bbox 278 684 417 832; x_wconf 73' lang='lat' dir='ltr'><strong>undique</strong></span> <span class='ocrx_word' id='word_1_36' title='bbox 437 745 550 831; x_wconf 84' lang='lat' dir='ltr'><strong>legatis</strong></span> <span class='ocrx_word' id='word_1_37' title='bbox 573 745 796 832; x_wconf 82' lang='lat' dir='ltr'><strong>obsidibusque</strong></span> <span class='ocrx_word' id='word_1_38' title='bbox 821 745 900 810; x_wconf 90' lang='lat' dir='ltr'><strong>datis</strong></span> <span class='ocrx_word' id='word_1_39' title='bbox 916 756 982 894; x_wconf 85' lang='lat' dir='ltr'><strong>etp</strong></span> 
     </span>
     <span class='ocr_line' id='line_1_7' title="bbox 185 829 1137 897; baseline 0.002 -3"><span class='ocrx_word' id='word_1_40' title='bbox 185 831 344 894; x_wconf 89' lang='lat' dir='ltr'><strong>constituit</strong></span> <span class='ocrx_word' id='word_1_41' title='bbox 371 829 514 896; x_wconf 86' lang='lat' dir='ltr'><strong>cohortes</strong></span> <span class='ocrx_word' id='word_1_42' title='bbox 543 829 621 894; x_wconf 87' lang='lat' dir='ltr'><strong>duas</strong></span> <span class='ocrx_word' id='word_1_43' title='bbox 642 831 676 895; x_wconf 94' lang='lat' dir='ltr'><strong>in</strong></span> <span class='ocrx_word' id='word_1_44' title='bbox 696 831 905 896; x_wconf 81' lang='lat' dir='ltr'><strong>Nantuatibus</strong></span> <span class='ocrx_word' id='word_1_45' title='bbox 928 854 964 897; x_wconf 91' lang='lat' dir='ltr'><strong>oo</strong></span> <span class='ocrx_word' id='word_1_46' title='bbox 978 832 1082 896; x_wconf 89' lang='lat' dir='ltr'><strong>locare</strong></span> <span class='ocrx_word' id='word_1_47' title='bbox 1105 842 1137 896; x_wconf 91' lang='lat' dir='ltr'><strong>et</strong></span> 
     </span>
     <span class='ocr_line' id='line_1_8' title="bbox 184 914 1140 1002; baseline 0.004 -24"><span class='ocrx_word' id='word_1_48' title='bbox 184 915 197 978; x_wconf 92' lang='lat' dir='ltr'><strong>i</strong></span> <span class='ocrx_word' id='word_1_49' title='bbox 220 937 254 979; x_wconf 90' lang='lat' dir='ltr'><strong>se</strong></span> <span class='ocrx_word' id='word_1_50' title='bbox 284 937 354 980; x_wconf 91' lang='lat' dir='ltr'><strong>cum</strong></span> <span class='ocrx_word' id='word_1_51' title='bbox 382 914 511 1001; x_wconf 91' lang='lat' dir='ltr'><strong>reliquis</strong></span> <span class='ocrx_word' id='word_1_52' title='bbox 539 918 605 979; x_wconf 89' lang='lat' dir='ltr'><strong>eius</strong></span> <span class='ocrx_word' id='word_1_53' title='bbox 634 915 767 1002; x_wconf 83' lang='lat' dir='ltr'><strong>legionis</strong></span> <span class='ocrx_word' id='word_1_54' title='bbox 795 916 973 981; x_wconf 86' lang='lat' dir='ltr'><strong>cohortibus</strong></span> <span class='ocrx_word' id='word_1_55' title='bbox 1001 918 1035 980; x_wconf 92' lang='lat' dir='ltr'><strong>in</strong></span> <span class='ocrx_word' id='word_1_56' title='bbox 1063 918 1140 982; x_wconf 85' lang='lat' dir='ltr'><strong>vico</strong></span> 
     </span>
     <span class='ocr_line' id='line_1_9' title="bbox 214 999 1135 1148; baseline 0.002 -84"><span class='ocrx_word' id='word_1_57' title='bbox 214 1022 406 1086; x_wconf 85' lang='lat' dir='ltr'><strong>eragrorum,</strong></span> <span class='ocrx_word' id='word_1_58' title='bbox 429 1003 482 1087; x_wconf 92' lang='lat' dir='ltr'><strong>qui</strong></span> <span class='ocrx_word' id='word_1_59' title='bbox 501 1001 677 1148; x_wconf 83' lang='lat' dir='ltr'><strong>appellatur</strong></span> <span class='ocrx_word' id='word_1_60' title='bbox 690 999 879 1084; x_wconf 80' lang='lat' dir='ltr'><strong>Octodurus,</strong></span> <span class='ocrx_word' id='word_1_61' title='bbox 902 1001 1058 1084; x_wconf 82' lang='lat' dir='ltr'><strong>hiemare3</strong></span> <span class='ocrx_word' id='word_1_62' title='bbox 1081 1003 1135 1088; x_wconf 93' lang='lat' dir='ltr'><strong>qui</strong></span> 
     </span>
     <span class='ocr_line' id='line_1_10' title="bbox 183 1085 1137 1173; baseline 0.001 -23"><span class='ocrx_word' id='word_1_63' title='bbox 183 1086 272 1150; x_wconf 82' lang='lat' dir='ltr'><strong>vicus</strong></span> <span class='ocrx_word' id='word_1_64' title='bbox 301 1087 421 1173; x_wconf 88' lang='lat' dir='ltr'><strong>positus</strong></span> <span class='ocrx_word' id='word_1_65' title='bbox 447 1089 481 1150; x_wconf 91' lang='lat' dir='ltr'><strong>in</strong></span> <span class='ocrx_word' id='word_1_66' title='bbox 508 1085 592 1151; x_wconf 88' lang='lat' dir='ltr'><strong>vale</strong></span> <span class='ocrx_word' id='word_1_67' title='bbox 620 1108 685 1151; x_wconf 90' lang='lat' dir='ltr'><strong>non</strong></span> <span class='ocrx_word' id='word_1_68' title='bbox 712 1109 829 1172; x_wconf 85' lang='lat' dir='ltr'><strong>magna</strong></span> <span class='ocrx_word' id='word_1_69' title='bbox 858 1087 981 1152; x_wconf 88' lang='lat' dir='ltr'><strong>adiecta</strong></span> <span class='ocrx_word' id='word_1_70' title='bbox 1004 1085 1137 1172; x_wconf 80' lang='lat' dir='ltr'><strong>planitie</strong></span> 
     </span>
     <span class='ocr_line' id='line_1_11' title="bbox 184 1168 1137 1258; baseline 0.003 -25"><span class='ocrx_word' id='word_1_71' title='bbox 184 1168 345 1235; x_wconf 88' lang='lat' dir='ltr'><strong>altissimis</strong></span> <span class='ocrx_word' id='word_1_72' title='bbox 371 1171 529 1236; x_wconf 88' lang='lat' dir='ltr'><strong>montibus</strong></span> <span class='ocrx_word' id='word_1_73' title='bbox 559 1171 696 1258; x_wconf 88' lang='lat' dir='ltr'><strong>undique</strong></span> <span class='ocrx_word' id='word_1_74' title='bbox 726 1173 911 1236; x_wconf 83' lang='lat' dir='ltr'><strong>continetur.</strong></span> <span class='ocrx_word' id='word_1_75' title='bbox 956 1171 1061 1251; x_wconf 80' lang='lat' dir='ltr'><strong>Quum</strong></span> <span class='ocrx_word' id='word_1_76' title='bbox 1082 1171 1137 1236; x_wconf 89' lang='lat' dir='ltr'><strong>hic</strong></span> 
     </span>
     <span class='ocr_line' id='line_1_12' title="bbox 183 1255 1134 1342; baseline 0.002 -24"><span class='ocrx_word' id='word_1_77' title='bbox 183 1256 217 1318; x_wconf 87' lang='lat' dir='ltr'><strong>in</strong></span> <span class='ocrx_word' id='word_1_78' title='bbox 239 1255 317 1320; x_wconf 89' lang='lat' dir='ltr'><strong>duas</strong></span> <span class='ocrx_word' id='word_1_79' title='bbox 339 1265 444 1342; x_wconf 88' lang='lat' dir='ltr'><strong>partes</strong></span> <span class='ocrx_word' id='word_1_80' title='bbox 466 1255 594 1320; x_wconf 86' lang='lat' dir='ltr'><strong>flumine</strong></span> <span class='ocrx_word' id='word_1_81' title='bbox 622 1256 823 1339; x_wconf 82' lang='lat' dir='ltr'><strong>divideretur,</strong></span> <span class='ocrx_word' id='word_1_82' title='bbox 851 1257 982 1322; x_wconf 89' lang='lat' dir='ltr'><strong>alteram</strong></span> <span class='ocrx_word' id='word_1_83' title='bbox 1011 1265 1134 1342; x_wconf 88' lang='lat' dir='ltr'><strong>partem</strong></span> 
     </span>
     <span class='ocr_line' id='line_1_13' title="bbox 184 1340 1134 1424; baseline 0 -20"><span class='ocrx_word' id='word_1_84' title='bbox 184 1341 252 1404; x_wconf 90' lang='lat' dir='ltr'><strong>eius</strong></span> <span class='ocrx_word' id='word_1_85' title='bbox 280 1343 344 1405; x_wconf 87' lang='lat' dir='ltr'><strong>vici</strong></span> <span class='ocrx_word' id='word_1_86' title='bbox 371 1340 472 1406; x_wconf 80' lang='lat' dir='ltr'><strong>Gallis</strong></span> <span class='ocrx_word' id='word_1_87' title='bbox 502 1341 543 1406; x_wconf 91' lang='lat' dir='ltr'><strong>ad</strong></span> <span class='ocrx_word' id='word_1_88' title='bbox 569 1341 770 1406; x_wconf 87' lang='lat' dir='ltr'><strong>hiemandum</strong></span> <span class='ocrx_word' id='word_1_89' title='bbox 801 1344 971 1424; x_wconf 89' lang='lat' dir='ltr'><strong>concessit,</strong></span> <span class='ocrx_word' id='word_1_90' title='bbox 1003 1342 1134 1406; x_wconf 88' lang='lat' dir='ltr'><strong>alteram</strong></span> 
     </span>
     <span class='ocr_line' id='line_1_14' title="bbox 182 1425 1134 1492; baseline 0.001 -3"><span class='ocrx_word' id='word_1_91' title='bbox 182 1447 315 1490; x_wconf 87' lang='lat' dir='ltr'><strong>vacuam</strong></span> <span class='ocrx_word' id='word_1_92' title='bbox 341 1426 381 1490; x_wconf 90' lang='lat' dir='ltr'><strong>ab</strong></span> <span class='ocrx_word' id='word_1_93' title='bbox 409 1429 449 1490; x_wconf 87' lang='lat' dir='ltr'><strong>iis</strong></span> <span class='ocrx_word' id='word_1_94' title='bbox 475 1425 617 1492; x_wconf 87' lang='lat' dir='ltr'><strong>relictam</strong></span> <span class='ocrx_word' id='word_1_95' title='bbox 645 1426 824 1492; x_wconf 88' lang='lat' dir='ltr'><strong>cohortibus</strong></span> <span class='ocrx_word' id='word_1_96' title='bbox 854 1426 1003 1492; x_wconf 86' lang='lat' dir='ltr'><strong>attribuit.</strong></span> <span class='ocrx_word' id='word_1_97' title='bbox 1052 1427 1134 1490; x_wconf 84' lang='lat' dir='ltr'><strong>Eum</strong></span> 
     </span>
     <span class='ocr_line' id='line_1_15' title="bbox 182 1508 723 1592; baseline 0.002 -17"><span class='ocrx_word' id='word_1_98' title='bbox 182 1508 286 1580; x_wconf 88' lang='lat' dir='ltr'><strong>locum</strong></span> <span class='ocrx_word' id='word_1_99' title='bbox 306 1511 391 1576; x_wconf 87' lang='lat' dir='ltr'><strong>vallo</strong></span> <span class='ocrx_word' id='word_1_100' title='bbox 413 1511 498 1592; x_wconf 86' lang='lat' dir='ltr'><strong>fossa</strong></span> <span class='ocrx_word' id='word_1_101' title='bbox 520 1533 560 1576; x_wconf 89' lang='lat' dir='ltr'><strong>ue</strong></span> <span class='ocrx_word' id='word_1_102' title='bbox 581 1513 723 1576; x_wconf 87' lang='lat' dir='ltr'><strong>munivit</strong></span> 
     </span>
     <span class='ocr_line' id='line_1_16' title="bbox 245 1533 1136 1683; baseline 0.001 -23"><span class='ocrx_word' id='word_1_103' title='bbox 245 1597 282 1674; x_wconf 63' lang='lat'><strong>2„</strong></span> <span class='ocrx_word' id='word_1_104' title='bbox 298 1596 403 1676; x_wconf 78' lang='lat' dir='ltr'><strong>Quum</strong></span> <span class='ocrx_word' id='word_1_105' title='bbox 425 1533 715 1662; x_wconf 76' lang='lat' dir='ltr'><strong>diesqhibernorum</strong></span> <span class='ocrx_word' id='word_1_106' title='bbox 740 1597 917 1683; x_wconf 87' lang='lat' dir='ltr'><strong>complures</strong></span> <span class='ocrx_word' id='word_1_107' title='bbox 938 1597 1136 1681; x_wconf 88' lang='lat' dir='ltr'><strong>transissent,</strong></span> 
     </span>
     <span class='ocr_line' id='line_1_17' title="bbox 181 1679 1137 1772; baseline 0.002 -28"><span class='ocrx_word' id='word_1_108' title='bbox 181 1679 433 1772; x_wconf 84' lang='lat' dir='ltr'><strong>frumentumque</strong></span> <span class='ocrx_word' id='word_1_109' title='bbox 460 1702 498 1746; x_wconf 92' lang='lat' dir='ltr'><strong>eo</strong></span> <span class='ocrx_word' id='word_1_110' title='bbox 525 1685 716 1771; x_wconf 77' lang='lat' dir='ltr'><strong>comportari</strong></span> <span class='ocrx_word' id='word_1_111' title='bbox 738 1684 909 1766; x_wconf 85' lang='lat' dir='ltr'><strong>iussisset,</strong></span> <span class='ocrx_word' id='word_1_112' title='bbox 946 1682 1049 1747; x_wconf 90' lang='lat' dir='ltr'><strong>subito</strong></span> <span class='ocrx_word' id='word_1_113' title='bbox 1075 1705 1137 1769; x_wconf 90' lang='lat' dir='ltr'><strong>per</strong></span> 
     </span>
     <span class='ocr_line' id='line_1_18' title="bbox 182 1766 1133 1855; baseline 0.004 -27"><span class='ocrx_word' id='word_1_114' title='bbox 182 1787 200 1828; x_wconf 92' lang='lat' dir='ltr'><strong>e</strong></span> <span class='ocrx_word' id='word_1_115' title='bbox 244 1766 397 1832; x_wconf 75' lang='lat' dir='ltr'><strong>loratore&#39;s</strong></span> <span class='ocrx_word' id='word_1_116' title='bbox 413 1769 526 1831; x_wconf 87' lang='lat' dir='ltr'><strong>certior</strong></span> <span class='ocrx_word' id='word_1_117' title='bbox 539 1768 639 1832; x_wconf 85' lang='lat' dir='ltr'><strong>factus</strong></span> <span class='ocrx_word' id='word_1_118' title='bbox 655 1777 702 1832; x_wconf 89' lang='lat' dir='ltr'><strong>est</strong></span> <span class='ocrx_word' id='word_1_119' title='bbox 717 1791 758 1834; x_wconf 87' lang='lat' dir='ltr'><strong>cx</strong></span> <span class='ocrx_word' id='word_1_120' title='bbox 773 1790 812 1832; x_wconf 89' lang='lat' dir='ltr'><strong>ea</strong></span> <span class='ocrx_word' id='word_1_121' title='bbox 832 1779 921 1853; x_wconf 87' lang='lat' dir='ltr'><strong>parte</strong></span> <span class='ocrx_word' id='word_1_122' title='bbox 942 1769 1014 1849; x_wconf 89' lang='lat' dir='ltr'><strong>vici,</strong></span> <span class='ocrx_word' id='word_1_123' title='bbox 1038 1790 1133 1855; x_wconf 91' lang='lat' dir='ltr'><strong>quam</strong></span> 
     </span>
     <span class='ocr_line' id='line_1_19' title="bbox 182 1849 1135 1936; baseline 0.003 -21"><span class='ocrx_word' id='word_1_124' title='bbox 182 1849 232 1915; x_wconf 81' lang='lat' dir='ltr'><strong>Ga</strong></span> <span class='ocrx_word' id='word_1_125' title='bbox 246 1851 284 1914; x_wconf 90' lang='lat' dir='ltr'><strong>lis</strong></span> <span class='ocrx_word' id='word_1_126' title='bbox 307 1860 515 1934; x_wconf 88' lang='lat' dir='ltr'><strong>concesserat,</strong></span> <span class='ocrx_word' id='word_1_127' title='bbox 539 1874 647 1918; x_wconf 91' lang='lat' dir='ltr'><strong>omnes</strong></span> <span class='ocrx_word' id='word_1_128' title='bbox 665 1865 761 1918; x_wconf 90' lang='lat' dir='ltr'><strong>noctu</strong></span> <span class='ocrx_word' id='word_1_129' title='bbox 782 1853 975 1936; x_wconf 88' lang='lat' dir='ltr'><strong>discessisse,</strong></span> <span class='ocrx_word' id='word_1_130' title='bbox 997 1863 1135 1919; x_wconf 90' lang='lat' dir='ltr'><strong>montes·</strong></span> 
     </span>
     <span class='ocr_line' id='line_1_20' title="bbox 181 1937 1134 2023; baseline 0.002 -23"><span class='ocrx_word' id='word_1_131' title='bbox 181 1958 251 2022; x_wconf 90' lang='lat' dir='ltr'><strong>que,</strong></span> <span class='ocrx_word' id='word_1_132' title='bbox 276 1939 330 2023; x_wconf 93' lang='lat' dir='ltr'><strong>qui</strong></span> <span class='ocrx_word' id='word_1_133' title='bbox 350 1938 394 2000; x_wconf 92' lang='lat' dir='ltr'><strong>im</strong></span> <span class='ocrx_word' id='word_1_134' title='bbox 416 1937 576 2018; x_wconf 85' lang='lat' dir='ltr'><strong>auderent,</strong></span> <span class='ocrx_word' id='word_1_135' title='bbox 600 1959 620 2000; x_wconf 87' lang='lat' dir='ltr'><strong>a</strong></span> <span class='ocrx_word' id='word_1_136' title='bbox 641 1939 781 2002; x_wconf 84' lang='lat' dir='ltr'><strong>maxima</strong></span> <span class='ocrx_word' id='word_1_137' title='bbox 807 1938 1004 2003; x_wconf 86' lang='lat' dir='ltr'><strong>multitudine</strong></span> <span class='ocrx_word' id='word_1_138' title='bbox 1033 1937 1134 2002; x_wconf 85' lang='lat' dir='ltr'><strong>Sedu·</strong></span> 
     </span>
     <span class='ocr_line' id='line_1_21' title="bbox 180 2019 1135 2110; baseline 0.003 -24"><span class='ocrx_word' id='word_1_139' title='bbox 180 2043 292 2098; x_wconf 91' lang='lat' dir='ltr'><strong>norum</strong></span> <span class='ocrx_word' id='word_1_140' title='bbox 314 2031 345 2085; x_wconf 92' lang='lat' dir='ltr'><strong>et</strong></span> <span class='ocrx_word' id='word_1_141' title='bbox 404 2019 584 2086; x_wconf 72' lang='lat' dir='ltr'><strong>era&#39;ro1um</strong></span> <span class='ocrx_word' id='word_1_142' title='bbox 611 2025 721 2088; x_wconf 88' lang='lat' dir='ltr'><strong>teneri.</strong></span> <span class='ocrx_word' id='word_1_143' title='bbox 765 2021 803 2087; x_wconf 92' lang='lat' dir='ltr'><strong>Id</strong></span> <span class='ocrx_word' id='word_1_144' title='bbox 825 2023 944 2110; x_wconf 86' lang='lat' dir='ltr'><strong>aliquot</strong></span> <span class='ocrx_word' id='word_1_145' title='bbox 965 2023 1004 2088; x_wconf 91' lang='lat' dir='ltr'><strong>de</strong></span> <span class='ocrx_word' id='word_1_146' title='bbox 1027 2025 1135 2090; x_wconf 89' lang='lat' dir='ltr'><strong>causis</strong></span> 
     </span>
     <span class='ocr_line' id='line_1_22' title="bbox 181 2045 1134 2195; baseline 0.004 -25"><span class='ocrx_word' id='word_1_147' title='bbox 181 2106 348 2188; x_wconf 88' lang='lat' dir='ltr'><strong>acciderat,</strong></span> <span class='ocrx_word' id='word_1_148' title='bbox 371 2115 406 2170; x_wconf 93' lang='lat' dir='ltr'><strong>ut</strong></span> <span class='ocrx_word' id='word_1_149' title='bbox 428 2045 530 2172; x_wconf 66' lang='lat' dir='ltr'><strong>subito</strong></span> <span class='ocrx_word' id='word_1_150' title='bbox 552 2106 637 2174; x_wconf 74' lang='lat' dir='ltr'><strong>Galli</strong></span> <span class='ocrx_word' id='word_1_151' title='bbox 658 2107 735 2172; x_wconf 89' lang='lat' dir='ltr'><strong>belli</strong></span> <span class='ocrx_word' id='word_1_152' title='bbox 748 2108 922 2174; x_wconf 88' lang='lat' dir='ltr'><strong>renovandi</strong></span> <span class='ocrx_word' id='word_1_153' title='bbox 936 2107 1068 2195; x_wconf 86' lang='lat' dir='ltr'><strong>legionis</strong></span> <span class='ocrx_word' id='word_1_154' title='bbox 1091 2111 1134 2174; x_wconf 86' lang='lat' dir='ltr'><strong>ue</strong></span> 
     </span>
     <span class='ocr_line' id='line_1_23' title="bbox 181 2133 1099 2280; baseline 0.002 -24"><span class='ocrx_word' id='word_1_155' title='bbox 181 2191 405 2276; x_wconf 84' lang='lat' dir='ltr'><strong>opprimendae</strong></span> <span class='ocrx_word' id='word_1_156' title='bbox 428 2192 592 2257; x_wconf 90' lang='lat' dir='ltr'><strong>consilium</strong></span> <span class='ocrx_word' id='word_1_157' title='bbox 622 2204 783 2280; x_wconf 87' lang='lat' dir='ltr'><strong>caperent:</strong></span> <span class='ocrx_word' id='word_1_158' title='bbox 812 2196 958 2280; x_wconf 83' lang='lat' dir='ltr'><strong>primum,</strong></span> <span class='ocrx_word' id='word_1_159' title='bbox 1003 2133 1099 2259; x_wconf 62' lang='lat' dir='ltr'><strong>mdq</strong></span> 
     </span>
     <span class='ocr_line' id='line_1_24' title="bbox 204 2217 1132 2426; baseline 0.004 -87"><span class='ocrx_word' id='word_1_160' title='bbox 204 2277 306 2340; x_wconf 87' lang='lat' dir='ltr'><strong>&#39;onem</strong></span> <span class='ocrx_word' id='word_1_161' title='bbox 326 2298 430 2363; x_wconf 89' lang='lat' dir='ltr'><strong>nequo</strong></span> <span class='ocrx_word' id='word_1_162' title='bbox 453 2299 527 2341; x_wconf 89' lang='lat' dir='ltr'><strong>eam</strong></span> <span class='ocrx_word' id='word_1_163' title='bbox 542 2277 756 2426; x_wconf 69' lang='lat' dir='ltr'><strong>plenissimam</strong></span> <span class='ocrx_word' id='word_1_164' title='bbox 778 2278 927 2343; x_wconf 88' lang='lat' dir='ltr'><strong>detractis</strong></span> <span class='ocrx_word' id='word_1_165' title='bbox 950 2217 1132 2345; x_wconf 77' lang='lat' dir='ltr'><strong>cohortibus</strong></span> 
     </span>
     <span class='ocr_line' id='line_1_25' title="bbox 201 2361 1133 2450; baseline 0.003 -25"><span class='ocrx_word' id='word_1_166' title='bbox 201 2361 303 2426; x_wconf 88' lang='lat' dir='ltr'><strong>uabus</strong></span> <span class='ocrx_word' id='word_1_167' title='bbox 333 2371 364 2427; x_wconf 93' lang='lat' dir='ltr'><strong>et</strong></span> <span class='ocrx_word' id='word_1_168' title='bbox 392 2361 545 2448; x_wconf 91' lang='lat' dir='ltr'><strong>compluri</strong></span> <span class='ocrx_word' id='word_1_169' title='bbox 567 2386 604 2427; x_wconf 92' lang='lat' dir='ltr'><strong>us</strong></span> <span class='ocrx_word' id='word_1_170' title='bbox 632 2364 823 2450; x_wconf 84' lang='lat' dir='ltr'><strong>singillatim,</strong></span> <span class='ocrx_word' id='word_1_171' title='bbox 854 2365 907 2449; x_wconf 93' lang='lat' dir='ltr'><strong>qui</strong></span> <span class='ocrx_word' id='word_1_172' title='bbox 939 2373 1133 2429; x_wconf 88' lang='lat' dir='ltr'><strong>commeatus</strong></span> 
     </span>
     <span class='ocr_line' id='line_1_26' title="bbox 178 2447 1132 2535; baseline 0.005 -26"><span class='ocrx_word' id='word_1_173' title='bbox 178 2447 307 2531; x_wconf 89' lang='lat' dir='ltr'><strong>petendi</strong></span> <span class='ocrx_word' id='word_1_174' title='bbox 329 2469 425 2512; x_wconf 89' lang='lat' dir='ltr'><strong>causa</strong></span> <span class='ocrx_word' id='word_1_175' title='bbox 445 2448 534 2511; x_wconf 90' lang='lat' dir='ltr'><strong>missi</strong></span> <span class='ocrx_word' id='word_1_176' title='bbox 555 2460 652 2532; x_wconf 85' lang='lat' dir='ltr'><strong>erant,</strong></span> <span class='ocrx_word' id='word_1_177' title='bbox 675 2449 857 2514; x_wconf 87' lang='lat' dir='ltr'><strong>absentibus</strong></span> <span class='ocrx_word' id='word_1_178' title='bbox 878 2459 1008 2535; x_wconf 86' lang='lat' dir='ltr'><strong>propter</strong></span> <span class='ocrx_word' id='word_1_179' title='bbox 1025 2451 1132 2535; x_wconf 88' lang='lat' dir='ltr'><strong>pauci-</strong></span> 
     </span>
     <span class='ocr_line' id='line_1_27' title="bbox 178 2532 1129 2621; baseline 0.006 -27"><span class='ocrx_word' id='word_1_180' title='bbox 178 2539 276 2595; x_wconf 84' lang='lat' dir='ltr'><strong>tatem</strong></span> <span class='ocrx_word' id='word_1_181' title='bbox 298 2532 528 2618; x_wconf 85' lang='lat' dir='ltr'><strong>dcspiciebant3</strong></span> <span class='ocrx_word' id='word_1_182' title='bbox 550 2544 616 2598; x_wconf 91' lang='lat' dir='ltr'><strong>tum</strong></span> <span class='ocrx_word' id='word_1_183' title='bbox 639 2536 742 2617; x_wconf 87' lang='lat' dir='ltr'><strong>otiam,</strong></span> <span class='ocrx_word' id='word_1_184' title='bbox 766 2534 849 2620; x_wconf 90' lang='lat' dir='ltr'><strong>quod</strong></span> <span class='ocrx_word' id='word_1_185' title='bbox 871 2558 927 2621; x_wconf 93' lang='lat' dir='ltr'><strong>pro</strong></span> <span class='ocrx_word' id='word_1_186' title='bbox 950 2545 998 2600; x_wconf 89' lang='lat' dir='ltr'><strong>ter</strong></span> <span class='ocrx_word' id='word_1_187' title='bbox 1018 2537 1129 2620; x_wconf 89' lang='lat' dir='ltr'><strong>iniqui·</strong></span> 
     </span>
     <span class='ocr_line' id='line_1_28' title="bbox 178 2558 1130 2704; baseline 0.005 -24"><span class='ocrx_word' id='word_1_188' title='bbox 178 2625 275 2680; x_wconf 89' lang='lat' dir='ltr'><strong>tatem</strong></span> <span class='ocrx_word' id='word_1_189' title='bbox 297 2617 367 2700; x_wconf 89' lang='lat' dir='ltr'><strong>loci,</strong></span> <span class='ocrx_word' id='word_1_190' title='bbox 392 2640 488 2704; x_wconf 89' lang='lat' dir='ltr'><strong>quum</strong></span> <span class='ocrx_word' id='word_1_191' title='bbox 508 2621 570 2704; x_wconf 91' lang='lat' dir='ltr'><strong>ipsi</strong></span> <span class='ocrx_word' id='word_1_192' title='bbox 592 2641 632 2682; x_wconf 90' lang='lat' dir='ltr'><strong>ex</strong></span> <span class='ocrx_word' id='word_1_193' title='bbox 653 2620 810 2684; x_wconf 88' lang='lat' dir='ltr'><strong>montibus</strong></span> <span class='ocrx_word' id='word_1_194' title='bbox 828 2621 862 2683; x_wconf 92' lang='lat' dir='ltr'><strong>in</strong></span> <span class='ocrx_word' id='word_1_195' title='bbox 882 2558 999 2684; x_wconf 70' lang='lat' dir='ltr'><strong>vehem</strong></span> <span class='ocrx_word' id='word_1_196' title='bbox 1021 2620 1130 2685; x_wconf 87' lang='lat' dir='ltr'><strong>decur-</strong></span> 
     </span>
    </p>
   </div>
   <div class='ocr_carea' id='block_1_3' title="bbox 1100 2218 1132 2260">
    <p class='ocr_par' dir='ltr' id='par_1_3' title="bbox 1100 2218 1132 2260">
     <span class='ocr_line' id='line_1_29' title="bbox 1100 2218 1132 2260; baseline 0 -16"><span class='ocrx_word' id='word_1_197' title='bbox 1100 2218 1132 2260; x_wconf 72' lang='grc' dir='ltr'><strong>θ.</strong></span> 
     </span>
    </p>
   </div>
   <div class='ocr_carea' id='block_1_4' title="bbox 175 2701 1131 3558">
    <p class='ocr_par' dir='ltr' id='par_1_4' title="bbox 176 2701 1131 3302">
     <span class='ocr_line' id='line_1_30' title="bbox 178 2701 1130 2792; baseline 0.005 -27"><span class='ocrx_word' id='word_1_198' title='bbox 178 2711 284 2766; x_wconf 86' lang='lat' dir='ltr'><strong>rorent</strong></span> <span class='ocrx_word' id='word_1_199' title='bbox 306 2714 338 2768; x_wconf 89' lang='lat' dir='ltr'><strong>et</strong></span> <span class='ocrx_word' id='word_1_200' title='bbox 359 2701 423 2767; x_wconf 89' lang='lat' dir='ltr'><strong>tela</strong></span> <span class='ocrx_word' id='word_1_201' title='bbox 444 2705 645 2786; x_wconf 90' lang='lat' dir='ltr'><strong>coniicerent,</strong></span> <span class='ocrx_word' id='word_1_202' title='bbox 667 2728 708 2770; x_wconf 91' lang='lat' dir='ltr'><strong>ne</strong></span> <span class='ocrx_word' id='word_1_203' title='bbox 729 2707 867 2790; x_wconf 90' lang='lat' dir='ltr'><strong>primum</strong></span> <span class='ocrx_word' id='word_1_204' title='bbox 888 2705 1016 2792; x_wconf 88' lang='lat' dir='ltr'><strong>quidem</strong></span> <span class='ocrx_word' id='word_1_205' title='bbox 1058 2727 1130 2770; x_wconf 85' lang='lat' dir='ltr'><strong>osse</strong></span> 
     </span>
     <span class='ocr_line' id='line_1_31' title="bbox 177 2727 1128 2872; baseline 0.004 -22"><span class='ocrx_word' id='word_1_206' title='bbox 177 2788 330 2872; x_wconf 88' lang='lat' dir='ltr'><strong>impetum</strong></span> <span class='ocrx_word' id='word_1_207' title='bbox 362 2810 452 2852; x_wconf 89' lang='lat' dir='ltr'><strong>suum</strong></span> <span class='ocrx_word' id='word_1_208' title='bbox 479 2791 626 2853; x_wconf 83' lang='lat' dir='ltr'><strong>sustineri</strong></span> <span class='ocrx_word' id='word_1_209' title='bbox 658 2790 888 2854; x_wconf 86' lang='lat' dir='ltr'><strong>existimabant.</strong></span> <span class='ocrx_word' id='word_1_210' title='bbox 937 2727 1128 2872; x_wconf 71' lang='lat' dir='ltr'><strong>Accedhbat,</strong></span> 
     </span>
     <span class='ocr_line' id='line_1_32' title="bbox 199 2871 1130 2940; baseline 0.005 -5"><span class='ocrx_word' id='word_1_211' title='bbox 199 2871 263 2936; x_wconf 94' lang='lat' dir='ltr'><strong>uod</strong></span> <span class='ocrx_word' id='word_1_212' title='bbox 285 2895 357 2938; x_wconf 89' lang='lat' dir='ltr'><strong>suos</strong></span> <span class='ocrx_word' id='word_1_213' title='bbox 381 2874 421 2937; x_wconf 93' lang='lat' dir='ltr'><strong>ab</strong></span> <span class='ocrx_word' id='word_1_214' title='bbox 444 2897 478 2938; x_wconf 88' lang='lat' dir='ltr'><strong>se</strong></span> <span class='ocrx_word' id='word_1_215' title='bbox 500 2873 617 2940; x_wconf 86' lang='lat' dir='ltr'><strong>liberos</strong></span> <span class='ocrx_word' id='word_1_216' title='bbox 640 2873 813 2939; x_wconf 89' lang='lat' dir='ltr'><strong>abstractos</strong></span> <span class='ocrx_word' id='word_1_217' title='bbox 836 2874 981 2939; x_wconf 89' lang='lat' dir='ltr'><strong>obsidum</strong></span> <span class='ocrx_word' id='word_1_218' title='bbox 1002 2877 1130 2940; x_wconf 85' lang='lat' dir='ltr'><strong>nomine</strong></span> 
     </span>
     <span class='ocr_line' id='line_1_33' title="bbox 178 2895 1131 3044; baseline 0.003 -22"><span class='ocrx_word' id='word_1_219' title='bbox 178 2895 327 3023; x_wconf 77' lang='lat' dir='ltr'><strong>dolebant</strong></span> <span class='ocrx_word' id='word_1_220' title='bbox 349 2967 380 3024; x_wconf 88' lang='lat' dir='ltr'><strong>ot</strong></span> <span class='ocrx_word' id='word_1_221' title='bbox 401 2958 560 3023; x_wconf 87' lang='lat' dir='ltr'><strong>Romanos</strong></span> <span class='ocrx_word' id='word_1_222' title='bbox 581 2982 646 3024; x_wconf 92' lang='lat' dir='ltr'><strong>non</strong></span> <span class='ocrx_word' id='word_1_223' title='bbox 661 2960 761 3025; x_wconf 89' lang='lat' dir='ltr'><strong>solum</strong></span> <span class='ocrx_word' id='word_1_224' title='bbox 776 2962 922 3024; x_wconf 90' lang='lat' dir='ltr'><strong>itinerum</strong></span> <span class='ocrx_word' id='word_1_225' title='bbox 945 2982 1050 3044; x_wconf 86' lang='lat' dir='ltr'><strong>causa,</strong></span> <span class='ocrx_word' id='word_1_226' title='bbox 1073 2959 1131 3025; x_wconf 91' lang='lat' dir='ltr'><strong>sed</strong></span> 
     </span>
     <span class='ocr_line' id='line_1_34' title="bbox 178 3043 1130 3130; baseline 0.003 -22"><span class='ocrx_word' id='word_1_227' title='bbox 178 3043 272 3108; x_wconf 88' lang='lat' dir='ltr'><strong>etiam</strong></span> <span class='ocrx_word' id='word_1_228' title='bbox 293 3053 464 3130; x_wconf 84' lang='lat' dir='ltr'><strong>perpetuae</strong></span> <span class='ocrx_word' id='word_1_229' title='bbox 486 3047 695 3129; x_wconf 84' lang='lat' dir='ltr'><strong>possessionis</strong></span> <span class='ocrx_word' id='word_1_230' title='bbox 723 3044 860 3110; x_wconf 88' lang='lat' dir='ltr'><strong>culmina</strong></span> <span class='ocrx_word' id='word_1_231' title='bbox 886 3045 1016 3130; x_wconf 89' lang='lat' dir='ltr'><strong>Alpium</strong></span> <span class='ocrx_word' id='word_1_232' title='bbox 1038 3069 1130 3112; x_wconf 88' lang='lat' dir='ltr'><strong>occu·</strong></span> 
     </span>
     <span class='ocr_line' id='line_1_35' title="bbox 176 3128 1128 3217; baseline 0.005 -25"><span class='ocrx_word' id='word_1_233' title='bbox 176 3150 254 3214; x_wconf 90' lang='lat' dir='ltr'><strong>pare</strong></span> <span class='ocrx_word' id='word_1_234' title='bbox 277 3130 384 3193; x_wconf 87' lang='lat' dir='ltr'><strong>conari</strong></span> <span class='ocrx_word' id='word_1_235' title='bbox 413 3138 445 3192; x_wconf 86' lang='lat' dir='ltr'><strong>et</strong></span> <span class='ocrx_word' id='word_1_236' title='bbox 473 3152 510 3193; x_wconf 88' lang='lat' dir='ltr'><strong>ca</strong></span> <span class='ocrx_word' id='word_1_237' title='bbox 537 3128 607 3194; x_wconf 89' lang='lat' dir='ltr'><strong>loca</strong></span> <span class='ocrx_word' id='word_1_238' title='bbox 638 3130 789 3195; x_wconf 87' lang='lat' dir='ltr'><strong>finitimae</strong></span> <span class='ocrx_word' id='word_1_239' title='bbox 815 3132 998 3217; x_wconf 87' lang='lat' dir='ltr'><strong>provinciae</strong></span> <span class='ocrx_word' id='word_1_240' title='bbox 1020 3131 1128 3196; x_wconf 90' lang='lat' dir='ltr'><strong>adiun-</strong></span> 
     </span>
     <span class='ocr_line' id='line_1_36' title="bbox 177 3211 790 3302; baseline 0 -24"><span class='ocrx_word' id='word_1_241' title='bbox 177 3211 252 3302; x_wconf 74' lang='lat' dir='ltr'><strong>gere</strong></span> <span class='ocrx_word' id='word_1_242' title='bbox 274 3213 335 3278; x_wconf 90' lang='lat' dir='ltr'><strong>sibi</strong></span> <span class='ocrx_word' id='word_1_243' title='bbox 355 3235 543 3300; x_wconf 87' lang='lat' dir='ltr'><strong>persuasum</strong></span> <span class='ocrx_word' id='word_1_244' title='bbox 564 3214 733 3279; x_wconf 89' lang='lat' dir='ltr'><strong>habebant.</strong></span> <span class='ocrx_word' id='word_1_245' title='bbox 787 3279 790 3286; x_wconf 84' lang='grc'>,</span> 
     </span>
    </p>

    <p class='ocr_par' dir='ltr' id='par_1_5' title="bbox 175 3299 1130 3558">
     <span class='ocr_line' id='line_1_37' title="bbox 240 3299 1130 3388; baseline 0.006 -26"><span class='ocrx_word' id='word_1_246' title='bbox 240 3299 270 3364; x_wconf 90' lang='grc'><strong>3.</strong></span> <span class='ocrx_word' id='word_1_247' title='bbox 292 3299 352 3363; x_wconf 86' lang='lat' dir='ltr'><strong>His</strong></span> <span class='ocrx_word' id='word_1_248' title='bbox 374 3301 491 3362; x_wconf 88' lang='lat' dir='ltr'><strong>nuntiis</strong></span> <span class='ocrx_word' id='word_1_249' title='bbox 510 3303 650 3385; x_wconf 85' lang='lat' dir='ltr'><strong>acceptis</strong></span> <span class='ocrx_word' id='word_1_250' title='bbox 673 3300 785 3384; x_wconf 84' lang='lat' dir='ltr'><strong>Galba,</strong></span> <span class='ocrx_word' id='word_1_251' title='bbox 809 3323 904 3387; x_wconf 92' lang='lat' dir='ltr'><strong>quum</strong></span> <span class='ocrx_word' id='word_1_252' title='bbox 925 3323 1029 3386; x_wconf 84' lang='lat' dir='ltr'><strong>nequa</strong></span> <span class='ocrx_word' id='word_1_253' title='bbox 1051 3323 1130 3388; x_wconf 89' lang='lat' dir='ltr'><strong>opus</strong></span> 
     </span>
     <span class='ocr_line' id='line_1_38' title="bbox 176 3381 1129 3472; baseline 0.005 -24"><span class='ocrx_word' id='word_1_254' title='bbox 176 3381 379 3448; x_wconf 90' lang='lat' dir='ltr'><strong>hibernorum</strong></span> <span class='ocrx_word' id='word_1_255' title='bbox 414 3386 669 3472; x_wconf 89' lang='lat' dir='ltr'><strong>munitionesque</strong></span> <span class='ocrx_word' id='word_1_256' title='bbox 701 3385 795 3472; x_wconf 89' lang='lat' dir='ltr'><strong>plene</strong></span> <span class='ocrx_word' id='word_1_257' title='bbox 827 3397 933 3450; x_wconf 87' lang='lat' dir='ltr'><strong>essent</strong></span> <span class='ocrx_word' id='word_1_258' title='bbox 960 3387 1129 3472; x_wconf 85' lang='lat' dir='ltr'><strong>perfectae,</strong></span> 
     </span>
     <span class='ocr_line' id='line_1_39' title="bbox 175 3469 1130 3558; baseline 0.005 -24"><span class='ocrx_word' id='word_1_259' title='bbox 175 3490 279 3556; x_wconf 89' lang='lat' dir='ltr'><strong>neque</strong></span> <span class='ocrx_word' id='word_1_260' title='bbox 302 3469 341 3534; x_wconf 91' lang='lat' dir='ltr'><strong>de</strong></span> <span class='ocrx_word' id='word_1_261' title='bbox 362 3469 519 3534; x_wconf 80' lang='lat' dir='ltr'><strong>frumento</strong></span> <span class='ocrx_word' id='word_1_262' title='bbox 540 3469 724 3558; x_wconf 88' lang='lat' dir='ltr'><strong>reliquoque</strong></span> <span class='ocrx_word' id='word_1_263' title='bbox 752 3481 927 3535; x_wconf 88' lang='lat' dir='ltr'><strong>commeatu</strong></span> <span class='ocrx_word' id='word_1_264' title='bbox 948 3474 1023 3537; x_wconf 90' lang='lat' dir='ltr'><strong>satis</strong></span> <span class='ocrx_word' id='word_1_265' title='bbox 1046 3482 1130 3539; x_wconf 84' lang='lat' dir='ltr'><strong>esset</strong></span> 
     </span>
    </p>
   </div>
   <div class='ocr_carea' id='block_1_5' title="bbox 984 747 1167 828">
    <p class='ocr_par' dir='ltr' id='par_1_6' title="bbox 984 747 1167 828">
     <span class='ocr_line' id='line_1_40' title="bbox 984 747 1167 828; baseline -0.011 -17"><span class='ocrx_word' id='word_1_266' title='bbox 984 769 1039 811; x_wconf 89' lang='lat' dir='ltr'><strong>ace</strong></span> <span class='ocrx_word' id='word_1_267' title='bbox 1053 747 1140 810; x_wconf 87' lang='lat' dir='ltr'><strong>facta</strong></span> <span class='ocrx_word' id='word_1_268' title='bbox 1166 825 1167 828; x_wconf 8' lang='grc' dir='ltr'><strong>Ἴ</strong></span> 
     </span>
    </p>
   </div>
   <div class='ocr_carea' id='block_1_6' title="bbox 1135 2925 1138 2932">
    <p class='ocr_par' dir='ltr' id='par_1_7' title="bbox 1135 2487 1263 3112">
     <span class='ocr_line' id='line_1_41' title="bbox 1135 2925 1138 2932; baseline 0 180"><span class='ocrx_word' id='word_1_269' title='bbox 1135 2925 1138 2932; x_wconf 0' lang='grc' dir='ltr'><strong> </strong></span> 
     </span>
    </p>
   </div>
   <div class='ocr_carea' id='block_1_7' title="bbox 0 0 1272 3970">
    <p class='ocr_par' dir='ltr' id='par_1_8' title="bbox 0 0 1272 3970">
     <span class='ocr_line' id='line_1_42' title="bbox 0 0 1272 3970; baseline 0 3"><span class='ocrx_word' id='word_1_270' title='bbox 0 0 1272 3970; x_wconf 95' lang='lat' dir='ltr'><strong> </strong></span> 
     </span>
    </p>
   </div>
  </div>
 </body>
</html>
