2490 3974
461 283 606 351 CAPUT
629 284 763 350 19-20.
1029 281 1091 350 195

131 464 262 541 tatuque
297 455 535 538 innumerabili,
575 455 690 520 deinde
716 455 859 541 legiones
894 456 1090 540 conscriptas

116 560 175 604 ¹en
197 541 434 627 cuiusquemodi
463 543 588 626 generis
618 541 751 626 amplius
773 549 823 602 XII
846 541 982 604 milibus.
1020 541 1091 604 Hac

132 648 190 710 spe
206 636 239 691 at
261 650 301 690 ue
317 646 356 692 ea
367 626 500 692 audacia
513 625 726 691 inflammatus
741 626 901 690 Labienus
918 649 989 693 cum
1005 648 1022 688 e
1045 626 1091 690 ui-

131 712 215 776 tibus
239 651 340 776 datiis
363 711 594 797 Germanisque
617 719 699 794 MDG,
722 710 930 776 Numidarum
946 649 1090 775 sinelre·

131 797 180 860 nis
203 803 253 860 Vll
274 797 412 880 milibus,
434 806 601 882 praeterea
614 798 782 861 Petreiano
806 797 925 862 auxilio
948 797 1089 861 adhibito

130 882 289 968 equitibus
317 889 407 964 MDC,
435 882 578 967 peditum
607 904 645 946 ac
667 883 746 947 levis
773 892 951 946 armatruae
980 892 1090 967 quater

131 976 226 1049 tanto,
268 969 447 1054 ‘sagittariis
482 989 520 1032 ac
563 967 772 1032 funditoribus
816 967 1090 1054 hippotoxotisque

130 1051 354 1138 compluribus,
385 1054 434 1117 his
467 1054 565 1138 copiis
587 1054 691 1138 pridie
712 1053 792 1118 Non.
814 1053 882 1116 Ian.
904 1063 976 1138 post
1005 1052 1090 1116 diem

134 1145 177 1218 vt,
202 1160 297 1224 quarn
318 1138 460 1204 Africam
481 1139 593 1224 attigit,
623 1139 656 1202 in
679 1140 797 1223 campis
819 1137 1011 1224 planissimis
1033 1160 1089 1223 pu·

130 1223 326 1309 rissimisque
349 1224 389 1287 ab
411 1223 489 1288 hora
511 1224 574 1288 diei
606 1225 716 1310 quinta
743 1247 843 1310 usque
877 1225 914 1288 ad
939 1223 1015 1287 solis
1038 1245 1089 1288 oc-

129 1329 239 1372 casum
262 1319 311 1374 est
332 1308 534 1374 decertatum.
557 1308 595 1372 In
617 1332 654 1374 eo
676 1309 797 1395 proelio
819 1310 963 1374 Petreius
985 1311 1089 1394 gravi·

130 1402 178 1456 ter
199 1394 280 1458 ictus
303 1415 344 1458 ex
365 1395 433 1459 acie
454 1395 596 1460 recessit.
1058 1405 1061 1414 '

195 1478 246 1542 20.
284 1478 404 1544 Caesar
435 1481 563 1544 interim
596 1491 701 1545 castra
737 1481 860 1544 munire
896 1479 1088 1565 diligentius,

118 1561 291 1649 ¹praesidia
311 1566 438 1630 firmare
460 1565 559 1650 copiis
581 1565 753 1630 maioribus
775 1565 958 1651 vallumque
979 1565 1019 1628 ab
1036 1587 1089 1650 op·

134 1648 209 1734 pido
242 1649 384 1736 Ruspina
415 1672 517 1736 usque
549 1649 591 1714 ad
622 1673 710 1714 mare
744 1651 860 1716 ducere
882 1662 955 1720 eta
976 1651 1089 1714 castris

130 1733 267 1799 altemm
288 1734 410 1818 eodem,
434 1757 495 1822 quo
517 1737 615 1800 tutius
636 1735 720 1802 ultro
749 1737 890 1821 citroque
912 1757 1089 1800 commeare

129 1819 311 1906 auxiliaque
335 1822 403 1886 sine
423 1819 565 1907 periculo
579 1820 640 1886 sibi
654 1843 841 1886 succurrere
862 1832 1002 1907 possent,
1024 1821 1090 1884 tela

129 1915 347 1993 tormentaque
370 1928 412 1972 ex
432 1905 567 1971 navibus
589 1908 623 1970 in
646 1916 751 1971 castra
766 1917 972 1993 comportare,
996 1907 1089 1970 remi-

126 2013 205 2140 gum
226 2001 351 2077 partem
372 1992 547 2074 exulasse,
581 1991 756 2074 Gallorum,
789 1992 993 2073 Rhodiorum,
1024 1992 1089 2077 epi·

151 2086 335 2163 atarumque
357 2099 480 2142 armam
503 2086 535 2142 et
555 2079 590 2142 in
612 2088 716 2142 castra
730 2100 874 2160 evocare,
896 2080 951 2160 uti,
975 2079 1002 2140 si
1017 2100 1089 2162 pos·

129 2171 186 2244 set,
211 2161 323 2227 eadem
344 2165 476 2245 ratione,
513 2185 577 2249 qua
598 2163 782 2245 adversarii,
816 2163 899 2228 levis
930 2175 1089 2227 annauira

128 2248 294 2314 interiecta
314 2249 397 2313 inter
420 2249 541 2335 equites
565 2271 639 2313 auos
661 2250 925 2334 interponeretur,
960 2251 1087 2333 sagitta·

127 2334 247 2419 riisque
269 2355 310 2397 ex
331 2335 477 2399 omnibus
499 2333 636 2399 navibus
657 2334 782 2420 Ityreis‚
817 2335 907 2420 Syris
929 2342 959 2398 et
980 2335 1085 2407 ¹cuius·
1132 2394 1135 2403 ,

128 2439 190 2504 que
212 2421 338 2504 generis
361 2419 463 2484 ductis
484 2421 518 2484 in
540 2430 646 2484 castra
667 2419 881 2504 compluribus
908 2419 1087 2505 frequenta·

127 2503 183 2567 bat
205 2523 278 2568 suas
301 2505 407 2591 copias
430 2504 593 2591 (audiebat
616 2507 702 2570 enim
724 2504 903 2590 Scipionem
918 2515 989 2590 post
1004 2505 1088 2570 diem

6 2587 7 2592 ’
127 2590 256 2654 tertium
278 2591 346 2654 eius
369 2590 441 2673 diei,
464 2612 527 2677 quo
549 2590 705 2676 proelium
727 2590 845 2656 factum
868 2601 944 2671 erat,
973 2611 1086 2674 appro-

127 2676 290 2760 pinquare,
324 2677 431 2762 copias
454 2699 528 2740 suas
551 2699 623 2740 cum
645 2675 788 2742 Labieno
811 2685 843 2740 et
863 2676 990 2741 Petreio
1014 2697 1087 2739 con-

127 2761 274 2844 iungere;
307 2763 395 2826 cuius
428 2783 465 2826 co
488 2763 539 2826 iae
566 2761 729 2847 legionum
751 2770 811 2823 Vlll
834 2771 865 2826 et
887 2763 1027 2844 equitum
1050 2767 1086 2822 111

127 2844 247 2909 milium
270 2867 341 2910 esse
362 2785 612 2934 nuntiabantur),
636 2847 779 2913 officinas
801 2846 949 2912 ferrarias
971 2847 1085 2909 instru-

126 2951 190 3013 ere,
224 2937 356 3017 sagittas
388 2932 515 3018 telaque
545 2934 592 2998 uti
623 2933 737 2997 fierent
769 2932 932 3016 complura
964 2949 1085 3012 curare,

125 3015 259 3165 glandes
280 3017 423 3102 fundere,
457 3018 551 3084 sudes
581 3040 777 3103 comparare,
810 3017 930 3081 litteras
952 3017 985 3078 in
1008 3014 1086 3079 Sici·

140 3103 202 3165 'am
222 3104 413 3189 nuntiosque
434 3107 568 3187 mittere,
591 3113 627 3169 ut
648 3103 709 3168 sibi
730 3112 833 3167 crates
856 3101 1085 3186 materiemque

88 3223 90 3228 ·
125 3198 333 3273 congererent
354 3188 396 3254 ad
418 3191 541 3271 arietes,
565 3191 653 3254 cuius
676 3190 783 3274 inopia
804 3189 838 3250 in
859 3187 968 3250 Africa
989 3195 1083 3268 esset,

124 3283 291 3358 praeterea
311 3273 439 3356 sermm,
462 3275 627 3360 plumbum
648 3275 834 3338 mitteretur.
856 3271 963 3335 Etiam
985 3271 1083 3334 anim·

125 3357 312 3425 advertebat
332 3359 488 3426 frumento
512 3383 546 3424 se
567 3361 600 3424 in
623 3360 732 3424 Africa
759 3358 821 3422 nisi
849 3359 1015 3442 importato
1037 3356 1084 3419 uti

126 3465 191 3507 non
211 3467 322 3529 posse:
344 3447 451 3531 priore
473 3449 558 3511 enim
580 3468 662 3510 anno
685 3453 814 3530 propter
828 3444 1084 3510 adversariorum

127 3525 279 3613 delectus,
314 3531 399 3616 quod
432 3531 629 3614 stipendiarii
662 3531 952 3679 aratoreslpnplites
975 3536 1082 3596 essent
