2538 3978
187 233 230 298 96
477 235 538 300 DE
559 235 702 300 BnLLo
726 233 859 300 OIVILI

187 427 264 470 num
292 409 326 470 in
354 405 551 471 Thessaliam
581 409 744 472 convertit.
787 405 859 470 Hoc
891 405 971 471 adeo
1000 405 1156 470 celeriter

188 489 272 572 fecit,
295 501 330 556 ut
353 493 446 556 simul
473 493 585 556 adesse
616 503 647 556 et
667 494 777 556 venire
799 493 1006 573 nuntiaretur,
1029 502 1061 555 et
1083 514 1152 577 quo

186 578 247 641 iter
269 577 448 662 expeditius
470 577 597 659 faceret,
612 579 655 641 M.
677 578 855 642 Favonium
877 576 918 640 ad
939 577 1057 640 flumen
1078 576 1150 640 Ali-

188 684 381 744 acmonem,-
400 662 485 748 quod
513 664 731 728 Macedoniam
770 685 789 725 a
822 661 988 726 Thessalia
1020 661 1147 742 dividit,

187 769 258 811 cum
281 747 460 811 cohortibus
483 757 544 811 VIII
558 749 719 835 praesidio
739 748 968 834 impedimentis
984 747 1148 832 legionum

185 833 312 919 reliquit
334 833 560 920 castellumque
588 835 633 898 ibi
661 835 776 898 muniri
802 835 902 896 iussit.
923 833 1045 897 Eodem
1067 842 1148 896 tem-

184 941 261 1004 pore
284 921 440 1005 equitatus
461 922 545 1004 regis
568 920 677 1004 Cotyis
693 919 734 982 ad
749 930 852 982 castra
867 919 959 983 Cassi
974 917 1146 999 advolavit,

186 1005 240 1090 qui
262 1005 381 1069 circum
402 1004 600 1070 Thessaliam
628 1027 697 1069 esse
720 1015 895 1070 consuerat.
929 1005 1011 1068 Tum
1032 1007 1147 1068 timore

15 1115 16 1146 2
121 1171 123 1176 Ι
185 1091 369 1174 perterritus
393 1089 522 1154 Cassius
550 1093 674 1178 cognito
709 1089 865 1175 Sprionis
894 1091 1032 1154 adventu
1052 1090 1146 1152 visis-

187 1197 247 1260 que
270 1176 436 1262 equitibus‚
460 1199 539 1263 quos
568 1176 724 1261 Scipionis
754 1197 824 1240 esse
853 1175 1073 1257 arbitrabatur,
1101 1175 1147 1238 ad

186 1270 308 1325 montes
332 1284 366 1324 se
389 1264 552 1344 convertit,
584 1263 637 1349 qui
666 1261 864 1340 Thessaliam
887 1263 1024 1344 cingunt,
1048 1270 1146 1346 atque

186 1367 227 1408 ex
254 1346 302 1408 his
332 1347 409 1410 locis
438 1347 649 1411 Ambraciam
670 1369 781 1410 versus
808 1349 868 1411 iter
896 1347 1000 1410 facere
1030 1349 1144 1430 coepit.

185 1429 229 1492 At
251 1429 430 1516 Scipionem
480 1444 680 1518 roperantem
710 1435 800 1518 sequi
830 1432 952 1496 litterae
975 1441 1047 1495 sunt
1069 1453 1145 1494 con-

186 1527 313 1580 secutae
343 1540 362 1581 a
390 1517 433 1580 M.
496 1521 619 1599 avonio,
652 1515 827 1582 Domitium
860 1540 932 1582 cum
963 1516 1144 1603 legionibus

185 1599 305 1666 adesse·
327 1625 429 1689 neque
458 1627 492 1668 se
518 1604 718 1691 praesidium,
742 1604 796 1667 ubi
829 1605 1014 1668 constitutus
1049 1613 1143 1686 esset,

186 1687 253 1750 sine
277 1689 394 1753 auxilio
424 1687 580 1775 Scipionis
608 1699 716 1754 tenere
743 1711 846 1773 posse.
880 1687 1003 1767 Quibus
1030 1687 1144 1753 litteris

185 1775 323 1857 acceptis
346 1773 510 1838 consilium
532 1775 637 1862 Scipio
659 1777 781 1861 iterque
796 1784 980 1856 commutat3
997 1773 1143 1838 Cassium

186 1861 275 1942 sequi
311 1859 441 1942 desistit,
485 1859 627 1926 Favonio
664 1861 816 1924 auxilium
851 1861 935 1925 ferre
972 1861 1142 1925 contendit.

184 1941 294 2030 Itaque
316 1945 367 2009 die
390 1969 427 2010 ac
448 1957 540 2010 nocte
570 1949 749 2011 continuato
778 1947 890 2010 itincre
917 1945 1052 2010 adeum
1073 1967 1143 2030 per·

185 2032 282 2111 venit,
312 2040 378 2094 tam
407 2042 582 2117 opportuno
610 2042 768 2118 tempore,
791 2040 826 2094 ut
855 2031 946 2095 simul
968 2030 1143 2095 Domitiani

185 2115 343 2179 exercitus
376 2118 479 2197 pulvis
512 2130 703 2198 cerneretur,
734 2127 765 2181 et
799 2118 894 2202 primi
924 2127 1143 2181 antecursores

185 2197 339 2284 Scipionis
366 2203 556 2267 viderentur.
596 2205 646 2270 Ita
675 2204 786 2268 Cassio
814 2204 969 2266 industria
999 2202 1141 2284 Domitii,

184 2284 325 2351 Favonio
349 2287 505 2374 Scipionis
528 2289 673 2354 celeritas
696 2290 830 2354 salutem
852 2289 965 2352 amuis.

249 2369 299 2435 37.
323 2371 428 2459 Scipio
462 2373 592 2438 biduum
625 2379 737 2440 castris
771 2375 893 2438 stativis
926 2383 1065 2438 moratis
1098 2373 1141 2436 ed

185 2453 311 2539 flumen,
343 2459 426 2544 quod
454 2464 536 2524 inter
565 2483 637 2525 eum
664 2471 696 2526 et
721 2461 854 2524 Domitii
883 2470 986 2523 castra
1012 2459 1139 2540 fluebat,

184 2539 411 2627 Aliacmonem,
440 2547 532 2610 tertio
555 2546 606 2610 die
633 2549 734 2633 prima
761 2546 832 2612 luce
861 2547 1035 2611 exercitum
1056 2544 1139 2608 vado

184 2626 319 2692 traducit
346 2639 389 2694 et*
404 2632 513 2695 caseis
539 2634 649 2715 positis
676 2643 801 2718 postero
828 2631 880 2695 die
912 2653 1005 2696 mane
1032 2633 1139 2715 copias

185 2721 257 2776 ante
279 2715 413 2779 frontem
435 2726 612 2781 castrorum
638 2719 773 2782 instruit.
796 2717 953 2782 Domitius
975 2726 1042 2780 tum
1064 2737 1138 2800 quc

186 2820 247 2882 que
275 2799 336 2863 sibi
365 2799 572 2866 dubitandum
604 2825 668 2868 non
699 2805 838 2889 putavit,
872 2802 947 2889 quin
979 2801 1138 2887 productis

184 2881 361 2967 legionibus
383 2888 502 2972 proelio
529 2887 714 2955 decertaret.
749 2889 813 2954 Sed
835 2910 931 2973 quum
953 2896 1037 2952 esset
1057 2889 1139 2951 inter

183 2966 260 3032 bina
291 2981 394 3035 castra
427 2995 556 3060 campus
596 2977 720 3038 circiter
752 2974 873 3038 milium
907 2994 1058 3058 passuum
1088 2979 1137 3040 Vl.

184 3053 342 3119 Domitius
365 3061 476 3124 castris
499 3061 656 3143 Scipionis
679 3062 779 3124 aciem
802 3083 891 3124 suam
913 3059 1061 3140 subiecit3
1084 3057 1138 3121 ille

184 3139 308 3206 avallo
330 3165 394 3208 non
416 3147 579 3211 discedere
623 3147 823 3210 erseveravit.
845 3144 894 3208 Ac
915 3154 1022 3208 tamen
1044 3164 1138 3227 aegre

183 3228 313 3290 retentis
342 3227 529 3296 Domitianis
559 3169 709 3296 militibus
732 3241 779 3296 est
806 3232 934 3312 factum,
955 3252 996 3293 ne
1018 3228 1139 3320 proelio

184 3313 438 3400 contenderem,
474 3327 505 3382 et
533 3320 684 3401 maxime,
718 3317 803 3403 quod
837 3319 924 3380 rivus
961 3315 1139 3379 difficilibus

182 3404 259 3488 ripis
274 3399 433 3466 subiectus
454 3405 564 3468 eastris
586 3403 742 3488 Scipionis
757 3423 945 3488 progressus
959 3412 1140 3466 nostrorum

182 3486 383 3572 impediebat.
400 3488 544 3568 Quorum
555 3490 691 3553 studium
707 3487 965 3576 alacritatemque
975 3493 1140 3578 pugnandi
1253 3495 1254 3498 ’
