2534 3970
410 277 544 344 OOMM.
567 281 584 345 Ι
607 278 700 346 OAP.
726 279 818 345 1-4.
1070 279 1094 344 ὅ

195 450 226 513 3.
258 449 319 513 His
341 449 437 514 rebus
463 450 592 515 adducti
620 461 650 516 et
679 453 864 516 auctoritate
893 448 1092 534 Orgetorigis

129 536 265 621 permoti
294 535 523 600 constituerunt
550 559 603 620 ea,
639 559 720 624 quae
753 536 794 600 ad
825 533 1092 620 proficiscendum

129 622 332 720 pertinerent,
349 642 540 705 comparare,
556 623 767 686 iumentorum
779 633 811 683 et
822 641 985 683 carrorum
997 641 1092 705 quam

129 727 306 769 maxumum
325 727 492 770 numerum
514 715 668 788 coemere,
692 713 850 770 sementes
873 725 969 790 quarn
990 706 1090 768 maxi-

12 837 14 842 .
128 811 198 853 maa
220 789 340 872 facere,
368 793 458 855 utin
479 793 591 855 itinere
613 793 706 877 copia
727 790 877 854 frumenti
899 797 1089 874 suppeteret,

131 895 203 938 cum
232 876 384 960 proximis
412 876 592 940 civitatibus
620 899 733 962 pacem
759 884 792 939 et
818 874 989 938 amicitiam
1017 895 1090 938 con·

128 959 268 1024 firmare.
300 959 353 1024 Ad
375 983 429 1024 eas
450 984 502 1025 res
518 961 729 1026 conficiendas
745 960 908 1024 biennium
930 957 991 1022 sibi
1014 961 1090 1023 satis

131 1065 203 1108 esse
226 1044 397 1108 duxerunt:
426 1047 460 1110 in
481 1048 609 1112 tertium
631 1068 749 1110 annum
771 1044 998 1130 profectionem
1019 1043 1050 1107 le
1073 1066 1091 1108 e

130 1130 328 1194 confirmant
360 1129 414 1193 Ad
436 1153 490 1196 eas
512 1153 565 1195 res
581 1129 793 1195 conficiendas
818 1129 990 1216 Orgetorix
1012 1066 1089 1192 deii-

127 1215 223 1299 gitur.
255 1214 287 1278 Ie
311 1215 371 1278 sibi
390 1214 582 1302 legationem
604 1215 645 1280 ad
668 1217 811 1280 civitates
827 1215 975 1298 suscepit.
997 1213 1036 1276 In
1052 1236 1090 1278 eo

127 1300 242 1366 itinere
263 1300 434 1384 persuadet
456 1300 593 1382 Castico,
618 1299 907 1366 Catamantaloedis
929 1298 1010 1380 filio,
1035 1297 1090 1362 Se·

148 1405 244 1467 nano,
266 1386 357 1449 cuius
378 1394 469 1471 pater
482 1408 616 1470 regnum
638 1388 672 1449 in
686 1384 843 1471 Sequanis
859 1383 972 1448 multos
989 1405 1090 1448 annos

128 1490 146 1532 o
169 1471 309 1534 tinuerat
330 1478 363 1534 et
383 1493 403 1534 a
425 1480 538 1536 senatu
558 1469 668 1556 populi
682 1471 818 1535 Romani
839 1471 959 1533 amicus
982 1468 1090 1554 appel·

127 1552 211 1618 latus
227 1564 304 1637 erat,
327 1564 364 1619 nt
376 1577 511 1641 regnum
532 1557 566 1619 in
581 1557 709 1620 civitate
732 1578 790 1619 sua
804 1563 982 1639 occuparet,
1006 1553 1091 1638 qnod

151 1648 221 1704 ater
248 1648 321 1703 ante
354 1640 522 1724 habuerat3
555 1642 695 1726 itemque
721 1640 913 1722 Dumnorigi
944 1637 1089 1720 Haeduo,

127 1661 218 1788 iratri
239 1725 400 1809 Divitiaci,
424 1729 478 1813 qui
500 1749 537 1791 eo
559 1725 936 1811 tempore-principatum
958 1725 991 1785 in
1013 1724 1089 1787 civi·

127 1815 191 1872 tate
221 1809 383 1874 obtinebat
409 1833 447 1875 ac
474 1813 612 1876 maxime
639 1810 726 1896 plebi
742 1817 909 1893 ¹aceeptus
939 1815 1021 1890 erat,
1055 1817 1090 1872 ut

128 1893 215 1957 idem
236 1904 413 1979 conaretur,
436 1896 606 1982 persuadet
628 1898 722 1982 eique
736 1893 834 1959 filiam
857 1915 947 1957 suam
967 1893 1001 1956 in
1023 1915 1088 1957 ma-

16 2009 28 2014 ·
126 1980 309 2043 trimonium
323 1979 385 2044 dat.
408 1980 562 2046 Pen‘acile
576 1981 662 2045 factu
677 2002 748 2045 esse
762 1979 826 2043 illis
848 1977 962 2065 probat
977 1987 1089 2043 conata

126 2064 292 2148 perlicere,
308 2074 479 2151 propterea
493 2066 579 2153 quod
591 2068 660 2152 ipse
676 2088 754 2130 suae
769 2066 906 2128 civitatis
921 2064 1089 2148 imperium

127 2149 315 2214 obtenturus
339 2160 437 2216 esset:
460 2173 525 2215 non
548 2174 619 2216 esse
642 2150 781 2235 dubium,
806 2150 882 2249 quin
903 2149 997 2213 totius
1013 2146 1088 2212 Gal·

126 2232 190 2297 liae
204 2233 377 2321 plurimum
391 2235 532 2301 Helvetii
545 2245 689 2322 possent3
713 2255 748 2299 se
771 2256 835 2298 suis
851 2234 951 2318 copiis
968 2255 1024 2298 suo
1047 2255 1088 2297 ue

126 2321 271 2383 exercitu
300 2320 365 2384 illis
391 2343 493 2405 regna
526 2321 766 2386 conciliaturum
798 2318 972 2384 confirmat.
1050 2339 1088 2382 ac

126 2406 268 2470 oratione
290 2405 418 2470 adducti
439 2408 521 2470 inter
543 2428 578 2470 se
599 2406 696 2471 fidem
717 2414 749 2470 et
770 2403 989 2468 iusiurandum
1010 2403 1088 2466 dant

125 2499 159 2556 et
180 2511 279 2574 regno
302 2500 453 2576 occupato
474 2513 535 2577 per
559 2502 624 2556 tres
646 2490 881 2576 potentissimos
908 2511 946 2552 ac
973 2487 1087 2552 firmisss

126 2576 224 2639 simos
261 2575 371 2660 opulos
386 2578 481 2642 totius
497 2575 622 2641 Galliae
639 2598 708 2640 sese
723 2575 819 2660 potiri
833 2595 927 2658 posse
948 2581 1086 2658 sperant.

190 2660 220 2723 4.
273 2683 364 2725 ares
387 2671 436 2725 est
457 2661 614 2727 Helvetiis
647 2683 705 2746 per
732 2659 884 2724 indicium
914 2659 1084 2722 enuntiata.

125 2743 269 2808 Moribus
294 2747 359 2809 suis
375 2747 599 2833 Orgetorigem
621 2769 662 2810 ex
675 2744 812 2810 runculis
828 2765 957 2808 causam
979 2743 1085 2807 dicere

127 2837 310 2914 coegerunt.
354 2831 549 2896 Damnatum
569 2853 706 2917 poenam
728 2831 819 2916 sequi
840 2827 1022 2914 oportebat,
1050 2837 1085 2892 ut
1115 2874 1118 2883 .

124 2917 137 2979 i
185 2920 191 2930 '
230 2926 434 2980 cremaretur.
477 2916 541 2982 Die
581 2917 751 2982 constituta
787 2935 903 2978 causae
940 2913 1085 2978 dictionis

127 2937 301 3084 (iilgaorix
327 3002 368 3065 ad
397 3001 549 3066 iudicium
578 3023 702 3066 omnem
731 3022 822 3064 suam
843 2997 1010 3081 familiam,
1044 2996 1086 3062 ad

125 3083 287 3150 hominum
307 3086 395 3152 milia
416 3087 536 3170 decem,
558 3086 699 3172 nudique
721 3085 824 3170 coegit
846 3093 878 3149 et
899 3105 1008 3148 omnes
1030 3081 1084 3146 cli·

126 3179 215 3235 entes
237 3170 466 3258 obaeratosque
489 3194 573 3254 suos,
598 3192 732 3258 quorum
745 3191 898 3254 magnum
918 3189 1085 3232 numerum

126 3255 274 3338 habebat,
289 3257 403 3322 eodem
417 3256 581 3322 conduxit:
598 3279 656 3341 per
671 3277 735 3336 eos,
751 3277 792 3319 ne
808 3275 939 3317 causam
954 3253 1083 3336 diceret,

127 3363 160 3405 se
183 3343 308 3426 eripuit.
342 3341 449 3420 Quum
464 3343 575 3406 civitas
598 3340 638 3406 ob
662 3360 734 3404 eam
755 3361 823 3404 rem
837 3339 968 3401 incitata
989 3339 1083 3402 armis

125 3428 173 3490 ius
197 3449 290 3490 snum
312 3428 445 3514 exsequi
468 3434 644 3508 conaretur,
667 3422 963 3507 multitudinemque
984 3422 1082 3487 homi·

125 3532 200 3577 num
215 3533 258 3576 ex
272 3513 357 3596 agris
370 3514 570 3598 magistratus
582 3517 742 3596 cogerent,
759 3505 931 3592 Orgetorix
941 3515 1082 3570 mortuus
