2532 3968
171 211 277 281 LXIV
520 209 776 278 PRAEFATIO.

98 429 99 432 κ
173 395 311 460 suerunt,
334 389 438 460 redit),
460 402 631 468 -neque
652 379 834 465 spernendo
854 378 932 444 mihi
952 376 1122 449 videbatur
1146 360 1151 378 ’

173 467 430 622 {Zaifflssma
446 474 619 548 ciuitatium,
633 487 729 552 quam
750 465 851 532 codex
865 463 960 531 Vind.
982 461 1078 527 habet
1091 484 1120 528 c,

239 637 266 703 C
288 638 329 702 36
357 637 488 718 retinui,
514 637 548 700 in
570 657 632 722 quo
658 656 767 700 omnes
796 633 869 698 libri
890 656 965 698 mss.
989 653 1121 706 consen-

174 724 257 788 uunt
271 731 378 790 adesse
390 727 468 801 (Hoc
482 728 558 787 adea
574 727 712 786 celeriter
723 726 807 800 fecit,
830 730 864 784 ut
877 726 967 784 simul
980 724 1131 784 adesse·

175 822 205 874 et
225 815 328 872 uenire
348 805 562 892 nuntiaretur.)
594 804 805 890 Nipperdeius
819 803 862 868 M.
884 803 1058 888 Hauptium
1073 823 1122 866 se

173 901 266 958 cutus
289 899 388 957 abisse
408 891 627 976 posuit31satis
649 901 755 955 temen
770 889 914 954 codicum
933 889 1122 973 scripturam

174 976 320 1064 probavit
340 975 502 1040 Kranerus
523 997 555 1060 p.
577 975 649 1042 292.

173 1127 176 1134 ,
219 1061 256 1128 C.
269 1059 461 1131 37nsrrstur
470 1061 645 1126 Domitium
657 1057 862 1134 dubitandum
869 1057 930 1138 sibi
944 1064 1120 1141 nonputss·

175 1169 213 1218 se
227 1148 303 1233 quin
315 1146 435 1232 proelio
451 1145 641 1226 decertaret3
662 1145 948 1231 proptercscastsis
967 1141 1122 1227 Scipionis

175 1232 279 1300 aciem
301 1253 390 1296 suam
412 1230 591 1311 subiecisse,
613 1229 702 1294 illum
724 1252 744 1292 a
764 1228 847 1294 rullo
869 1249 933 1292 non
959 1225 1122 1292 discedere

176 1333 413 1403 perseverassem
426 1315 540 1380 deinde
551 1313 630 1378 haec
641 1323 830 1399 sequuntur:
847 1321 1018 1380 Attamen
1030 1331 1124 1388 neure

175 1410 301 1466 retentis
312 1408 492 1468 Domitianis
506 1407 648 1467 militibus
662 1406 840 1479 estfactum,
864 1421 902 1463 ne
913 1404 1034 1478 praelio
1050 1415 1123 1459 can-

172 1494 365 1569 ⁴tenderetur,
397 1493 591 1562 unanime,
621 1490 703 1564 quoa
730 1492 815 1548 riuus
838 1489 1015 1564 difficilibus
1043 1487 1124 1561 ripis

175 1578 330 1642 subiectus
353 1579 464 1640 eastris
485 1575 638 1649 Scipionis
662 1591 852 1650 proeressus
874 1580 1048 1634 nostrornm
1069 1573 1123 1630 im-

174 1663 330 1739 pedieltat.¹
355 1657 466 1722 Invitis
481 1653 626 1720 omnibus
643 1654 731 1720 libris
742 1654 954 1739 Nipperdeius
971 1661 1016 1718 Aa
1027 1664 1121 1714 tanen

176 1741 292 1823 edidit,
322 1743 407 1828 quod
428 1741 651 1808 sententiarum
677 1741 776 1804 nexui
801 1739 901 1804 solum
923 1760 943 1801 e
964 1746 1031 1800 tum
1052 1756 1123 1800 csse

177 1829 309 1908 censuit,
332 1850 391 1912 ego
414 1835 523 1902 contro
544 1825 770 1888 alienissimum
790 1824 904 1888 iudico.
967 1843 1023 1886 see
1039 1821 1123 1884 enim

166 1913 333 1982 ,restsictio
354 1923 421 1980 tum
442 1910 568 1975 demum
583 1911 761 1996 quadraret,
785 1931 880 1996 quum
896 1906 994 1972 verbu
1008 1905 1064 1970 ille
1085 1903 1124 1968 de

179 1997 249 2059 riso
272 1998 382 2066 mettis
404 1995 559 2080 Scipionis
583 1995 722 2059 subiecto
751 1996 927 2080 praemissa
952 1998 1058 2056 essent
1079 1997 1124 2052 at

178 2080 337 2167 quoinde
358 2082 446 2150 haec.
460 2077 737 2164 subiungerentur:
761 2088 806 2149 Ae
822 2092 916 2144 tamen
939 2099 1033 2155 neure
1054 2081 1125 2138 reti-

177 2173 328 2230 nebantur
356 2173 523 2237 Domitiani
549 2173 670 2247 milites,
693 2187 731 2230 ne
753 2171 875 2244 proelio
902 2168 1125 2228 contenderent.

175 2250 246 2318 ,Sed
272 2273 367 2336 quum
397 2251 570 2320 certissimo
601 2249 763 2336 pugnandi
804 2248 934 2313 oonsilio
966 2245 1126 2310 Domitius

179 2355 218 2400 eo
241 2336 289 2400 ies
316 2336 357 2399 ad
385 2352 488 2404 castra
502 2335 657 2419 Scipionis
686 2335 883 2416 adduxisset,
913 2334 1030 2418 optimc
1056 2331 1126 2392 iure

181 2358 323 2489 adSibits
344 2430 392 2483 est
413 2421 602 2484 adversandi
624 2419 777 2506 particulo
805 2433 931 2484 attamen
953 2419 986 2478 in
1008 2413 1125 2494 verbis,

180 2527 263 2590 quae
285 2506 470 2591 significant,
494 2527 682 2591 quemquam
707 2504 846 2568 Domitio
868 2500 1032 2589 pugnandi
1053 2521 1122 2562 con·

181 2589 286 2654 silium
316 2601 414 2672 esset,
444 2603 538 2656 tamen
560 2628 600 2638 —
623 2611 719 2674 aegre
746 2589 877 2656 retentis
903 2585 1054 2652 militibus
1083 2620 1127 2632 -

181 2675 297 2739 factum
312 2697 382 2738 esse
392 2699 433 2740 ne
446 2674 565 2760 proelio
580 2673 821 2738 contunderetur
835 2683 867 2737 et
880 2673 1026 2750 maxime,
1042 2667 1127 2754 quod

180 2762 269 2824 rivus
290 2759 345 2823 ille
366 2782 552 2845 progressus
575 2758 837 2822 Caesarianamm
858 2757 1032 2843 impediret.

247 2843 283 2909 O.
299 2845 340 2908 38
355 2853 523 2909 narrantur
531 2843 664 2908 insidiae
686 2866 704 2907 e
727 2843 842 2907 uitibus
851 2842 1006 2927 Scipionis
1014 2838 1054 2904 ab
1061 2836 1127 2908 Do·

182 2931 271 2995 mitio
286 2939 424 3015 paramo.
449 2935 507 3004 Qui
526 2927 584 3014 (se.
600 2867 734 3013 equite&
755 2951 839 3008 quum
851 2930 1125 3006 essentprouressi

180 3025 355 3098 primaeque
365 3028 479 3080 turmae
490 3021 619 3079 insidias
629 3023 832 3095 intravissent,
848 3038 887 3079 en
899 3019 1020 3092 fremitu
1035 3029 1126 3087 equa-

176 3123 250 3173 rum
272 3108 355 3164 illato
375 3107 552 3180 suspicione
564 3107 616 3170 ,ud
634 3121 709 3164 suos
735 3123 768 3164 se
789 3107 928 3180 recepere
953 3106 1126 3177 caeperunt,

185 3194 295 3267 quique
315 3194 372 3250 lias
387 3192 597 3264 sequebantur,
621 3193 745 3250 celerem
766 3207 870 3254 eorum
891 3197 1041 3260 receptum
1055 3200 1126 3243 ean·

183 3279 298 3351 spicati
319 3280 503 3340 restiterunt.
533 3277 639 3338 Nostri
659 3279 791 3348 counias
812 3273 970 3350 [tostiuml
994 3271 1125 3340 insidiis,

184 3377 223 3421 ue
236 3364 363 3442 frustra
385 3363 520 3434 reliquas
542 3368 762 3436 exspectarent,
787 3364 864 3420 dirus
893 3361 978 3418 nacti
998 3358 1127 3416 hostium

185 3454 300 3506 turmas
327 3453 512 3522 exceperunt
540 3440 585 3527 (in
614 3449 663 3506 tis
689 3447 752 3520 suit
779 3447 820 3504 M.
859 3445 1014 3523 Opimius,
1027 3457 1127 3516 -prue-
