2490 3974
993 266 1054 332 185

125 469 148 504 c.
167 454 277 502 29-32.
308 451 401 516 Legati
428 466 460 499 ex
486 447 572 497 Acilia
590 447 624 496 ed
642 462 700 496 eum
717 448 864 503 mittuntur,
896 441 1055 506 praesidium

125 522 179 574 sibi
195 539 212 572 a
230 521 343 571 Caesare
361 524 452 584 petunt
468 518 547 582 idque
564 517 702 580 impetrant
720 531 743 565 c.=
754 515 795 564 33.
813 513 872 562 Jam
885 511 917 559 ab
931 509 1054 559 Sallustio

126 590 220 655 Crispo
245 595 367 656 praetore
391 603 472 638 naves
501 586 628 634 frumento
653 588 776 632 oneratae
799 598 816 631 a
840 580 949 630 Cercina
966 576 1054 626 insula

126 659 298 718 adducuntur,
316 659 428 720 itemque
447 656 587 720 copiarum,
607 653 718 716 quaein
737 651 827 700 Sicilia
844 648 949 698 relictae
974 649 1054 703 erant,

126 744 189 793 pars
213 727 245 776 ab
270 725 363 774 Alieno
389 722 546 789 proconsule
573 721 753 770 transmittitur
776 734 797 769 c.
822 719 862 766 34.
887 715 1054 766 Gaetulorum

126 811 236 861 magnus
255 809 375 843 numerus
394 795 421 841 in
439 797 524 842 castra
542 788 661 840 Caesaris
679 788 803 854 perfugia
822 785 902 850 legati
914 799 945 832 ex
958 779 1054 848 oppido

129 864 241 914 Thisdra
258 863 379 912 frumenti
398 863 499 926 copiam
518 859 623 908 Caesari
642 857 759 916 offerunt,
778 854 987 920 praesidiumque
1005 849 1055 898 sibi

128 933 264 998 postulant
282 948 304 980 c.
324 933 364 980 37.
384 932 425 979 38.
446 931 510 979 Cum
527 929 641 978 hostiurn
659 927 774 989 equitatu
791 923 901 972 feliciter
924 924 1055 984 pugnatur

129 1017 151 1050 c.
172 1003 212 1050 39.
231 1003 272 1050 40.
291 999 354 1048 Acie
377 999 503 1048 instructa
530 996 626 1045 Caesar
653 994 686 1044 ad
713 994 832 1052 Uzittam,
863 1005 938 1054 quarn
967 986 1054 1050 Scipio

127 1071 242 1128 tenebat,
262 1069 375 1128 accedit;
404 1067 541 1132 opponitur
560 1065 592 1114 ab
612 1063 733 1128 Scipione
752 1063 833 1120 acies3
861 1073 939 1122 quum
965 1060 1055 1104 neuter

127 1138 262 1204 pugnandi
279 1137 379 1184 initium
396 1136 501 1195 faceret,
529 1137 637 1198 uterque
656 1130 783 1180 exercitus
802 1128 835 1178 ad
853 1126 916 1177 solis
936 1138 1055 1174 occasum
1131 1181 1133 1184 ι

127 1206 155 1255 in
174 1211 259 1255 castra
277 1207 434 1256 reducuntur
452 1219 473 1255 c.
483 1204 524 1256 41.
537 1203 577 1250 42.
599 1200 737 1250 Considius
755 1197 851 1262 oppido
864 1193 950 1244 Acilia
960 1192 1056 1240 frustra

127 1280 227 1324 tentato
245 1273 414 1323 Adrumetum
431 1289 460 1322 se
478 1271 570 1334 recipit
588 1285 608 1318 c.
627 1271 669 1320 43.
687 1267 769 1316 Naris
789 1263 946 1315 Caesariana
964 1276 996 1310 ex
1015 1275 1054 1308 se·

129 1343 214 1395 cundo
234 1347 377 1392 commeatu
395 1345 507 1405 capitur;
526 1339 620 1388 milites
640 1338 684 1402 qui
701 1337 802 1385 inerant
820 1331 936 1382 veterani
954 1329 986 1379 ab
1001 1327 1055 1378 Sci·

129 1412 207 1477 pione
216 1411 385 1472 trucidantur,
394 1411 492 1459 tirones
502 1409 568 1456 inter
577 1406 694 1472 legiones
705 1403 891 1454 distribuuntur
904 1415 926 1448 e.
945 1397 1053 1446 44-46.

130 1479 280 1529 Caesariani
298 1480 379 1528 imbre
397 1493 455 1526 curn
473 1476 597 1542 grandine
616 1491 695 1525 saxea
707 1471 843 1522 commixto
856 1469 970 1534 graviter
982 1465 1056 1514 labo·

129 1554 188 1596 rant
206 1563 227 1596 c.
246 1549 286 1596 47.
311 1549 365 1596 Iam
383 1547 415 1596 ab
439 1544 507 1596 Iuba
533 1545 648 1608 Scipioni
670 1541 767 1592 auxilia
792 1539 955 1590 adducuntur
972 1549 994 1584 c.
1012 1533 1054 1584 48.

130 1617 239 1680 Equites
258 1631 274 1665 a
291 1617 406 1666 Labieno
424 1617 452 1664 in
468 1614 571 1664 insidiis
589 1611 711 1662 collocati
733 1609 869 1674 fugantur3
898 1619 946 1652 nec
972 1601 1053 1651 multo

129 1689 191 1749 post
209 1701 287 1748 quum
304 1687 331 1733 in
350 1685 470 1734 Caesaris
496 1683 614 1748 legiones
642 1681 689 1737 sub
716 1692 854 1742 vesperum
879 1673 912 1722 ab
932 1686 1010 1736 opere
1027 1670 1054 1717 in

132 1758 218 1803 castra
234 1758 393 1803 revertentes
411 1753 522 1817 impetus
541 1755 610 1800 essct
631 1749 723 1808 factus,
742 1745 848 1810 paulum
875 1740 964 1800 abfuit,
993 1737 1054 1802 quin

130 1821 188 1886 ipse
205 1821 337 1872 Labienus
359 1837 419 1870 cum
438 1821 505 1871 Iuba
523 1824 676 1884 caperentur
694 1832 715 1866 c.
734 1814 844 1864 49-52.
862 1809 978 1860 Tandem
995 1806 1054 1856 reli·

132 1905 184 1953 qua
202 1891 331 1939 exercitus
349 1906 410 1954 pars
429 1905 461 1938 ex
485 1889 574 1939 Sicilia
601 1886 711 1936 advecta
737 1888 789 1942 est3
817 1879 942 1938 concione
967 1875 1057 1925 habite

131 1957 228 2007 Caesar
247 1959 373 2022 quosdam
400 1959 517 2008 tribunos
535 1957 644 2006 militum
662 1960 687 2003 et
705 1952 869 2002 centuriones
888 1946 920 1996 ab
939 1944 1054 1994 exercitu

131 2031 246 2076 removet
264 2041 286 2078 c.
305 2029 346 2079 54.
364 2029 404 2076 65.
434 2026 539 2076 Gaetuli
562 2025 594 2074 ab
617 2023 684 2072 Iuba
702 2021 850 2071 desciscunt
868 2021 893 2065 ct
911 2015 955 2078 qui
974 2029 1005 2062 ex
1022 2011 1054 2060 iis

132 2095 201 2158 apud
218 2095 311 2144 Iubam
328 2097 355 2144 in
373 2096 486 2160 equitum
511 2109 618 2142 numero
642 2090 787 2141 militabant
812 2090 891 2136 noctu
908 2083 942 2132 ad
960 2081 1055 2130 Caesa-

131 2178 184 2211 rem
201 2161 353 2228 profugiunt
370 2179 391 2214 c.
410 2165 451 2213 55.
470 2165 511 2214 56.
539 2162 620 2212 Iubae
646 2161 673 2209 in
695 2159 821 2224 primores
845 2154 940 2203 civium
960 2149 1054 2201 Rome·

131 2246 222 2280 norum
241 2234 391 2297 arrogantia
408 2249 430 2284 c.
448 2233 488 2282 57.
519 2231 655 2282 Exercitus
681 2229 709 2276 in
735 2227 817 2276 aciem
835 2222 995 2279 educuntur;
1021 2215 1054 2266 ad

132 2315 270 2364 vesperum
297 2301 408 2366 denique
432 2302 545 2366 equiturn
562 2299 591 2349 fit
608 2298 667 2347 leve
685 2294 812 2361 proelium
831 2307 853 2341 c.
872 2289 981 2339 58-61.
1012 2285 1053 2333 ln-

131 2368 205 2416 terim
222 2384 303 2419 naves
322 2369 443 2420 Caesaris
461 2371 605 2429 onerariae,
624 2381 690 2430 quae
708 2363 813 2428 longius
831 2377 847 2410 a
864 2361 941 2425 portu
958 2353 1055 2405 consti-

131 2439 224 2498 terant,
243 2438 312 2502 apud
329 2439 423 2504 Leptin
442 2455 458 2488 a
475 2440 546 2488 Varo
564 2435 749 2492 incenduntur-3
780 2443 855 2495 quem
879 2427 975 2476 Caesar
993 2435 1055 2472 con-

132 2505 204 2554 tinuo
221 2505 354 2556 insecutus
373 2507 581 2571 quinqueremem
599 2507 743 2568 recuperat,
770 2499 847 2549 aliern
870 2495 956 2545 navim
975 2505 1054 2555 expu-

134 2577 208 2636 gnet,
235 2579 261 2624 et
287 2591 351 2640 quas
378 2579 438 2624 ante
460 2581 563 2640 portum
587 2572 733 2631 Adrumeti,
756 2569 783 2618 in
806 2581 881 2630 quern
904 2561 1055 2628 profugerat

134 2640 226 2692 classis
243 2643 314 2704 Vari,
327 2643 502 2708 deprehendit,
515 2642 636 2701 incendit,
655 2655 669 2690 c
689 2638 797 2688 62-64.
816 2637 983 2684 Frumentum
995 2642 1055 2678 ccu-

134 2710 273 2772 quisiturus
292 2712 389 2762 Caesar
407 2728 465 2762 cum
483 2713 611 2763 exercitus
628 2713 702 2775 parte
721 2709 816 2756 circum
832 2702 909 2751 villas
928 2713 1009 2762 usque
1023 2695 1055 2744 ad

133 2777 221 2842 Aggar
245 2781 367 2845 oppidum
389 2781 573 2846 proficiscitur3
601 2777 671 2843 qnod
690 2791 767 2842 quum
785 2778 811 2824 et
828 2767 971 2830 adversarii
988 2765 1055 2813 face-

133 2853 196 2906 rent,
215 2863 261 2912 per
279 2849 405 2900 eiusmodi
423 2852 574 2901 occasiones
593 2846 683 2898 crebro
697 2850 737 2895 cst
753 2846 896 2909 pugnatum
909 2853 931 2888 c.
945 2833 1054 2885 ort-73.

134 2915 227 2980 Legati
245 2932 276 2966 ex
295 2917 371 2984 vaga
388 2919 484 2983 oppido
504 2919 643 2969 Caesarem
661 2913 831 2971 conveniunt3
859 2908 919 2966 dum
946 2917 1005 2953 eum
1023 2899 1054 2965 dc

133 2985 256 3034 mittendo
274 2987 405 3051 praesidio
424 2994 506 3049 crant,
531 2986 653 3053 oppidum
671 2983 704 3033 ab
722 2981 788 3031 Iuba
806 2993 864 3029 esse
882 2973 1056 3039 expugnatum

132 3054 266 3103 nunciatur
284 3071 306 3107 c.
325 3057 364 3104 74.
383 3055 507 3106 Exercitu
522 3056 632 3106 lustrato
651 3053 747 3102 Caesar
766 3049 798 3099 ad
817 3044 940 3110 oppidum
965 3041 1054 3088 Sarsu-

133 3137 187 3170 ram
204 3128 290 3173 castra
306 3129 393 3173 movet
410 3124 564 3174 frumentum
582 3139 613 3174 eo
632 3121 664 3170 ab
678 3120 799 3184 Scipione
818 3115 1004 3177 comportatum
1016 3105 1054 3152 in·

132 3194 305 3256 tercepturus3
323 3192 467 3242 Labienum
485 3208 577 3258 agmen
590 3207 647 3242 curn
660 3189 774 3254 equitatu
791 3185 961 3234 lacessentem
973 3176 1054 3239 fugat,

133 3259 228 3324 oppido
246 3259 351 3325 potitur.
370 3261 435 3311 Inde
453 3261 480 3311 in
498 3267 590 3322 castra,
615 3273 682 3324 quae
699 3257 733 3306 ed
751 3255 841 3321 Aggar
863 3249 997 3304 habuerat,
1015 3255 1054 3290 1⁰·

134 3328 255 3392 graditur.
280 3329 381 3379 nodam
399 3329 486 3396 Scipio
514 3329 687 3396 subsequitur.
704 3341 728 3376 c.
748 3325 788 3374 75.
807 3323 848 3372 76.
876 3319 959 3378 Quem
978 3326 1054 3376 quum

134 3396 167 3446 ed
182 3412 297 3462 pugnem
315 3397 409 3448 elicere
427 3399 545 3463 nequiret
563 3399 659 3448 Caesar
685 3409 738 3443 rem
764 3393 791 3439 in
819 3389 956 3438 discrimen
974 3377 1054 3431 addu-

135 3469 220 3516 cturus
232 3466 364 3532 Thapsum
381 3467 561 3532 proficiscitur,
581 3463 762 3532 oppidumque,
782 3459 825 3508 cui
835 3451 969 3519 Vergilius
979 3459 1052 3527 prid·

136 3539 197 3585 eret.
216 3537 412 3586 circummunire
429 3535 547 3587 instituit.
570 3535 626 3586 Iam
645 3533 740 3597 Scipio,
762 3529 814 3580 nisi
831 3525 955 3592 oppidum
971 3528 1052 3568 mum·
