2490 3974
452 250 595 317 CAPUT
615 251 753 316 61-63.
1014 249 1078 314 ala

118 445 201 506 esse,
231 433 263 490 et
288 423 386 489 nihilo
402 423 517 504 ,minus
547 422 746 507 equestribus
775 421 905 506 proeliis
934 422 1017 483 inter
1044 441 1088 498 se·

118 509 261 595 quotidie
283 505 483 572 dimicabant.

15 605 18 607 ’
119 635 128 643 -
184 594 235 658 62.
258 593 388 656 Interim
415 593 520 656 Varus
549 591 694 672 classem,
723 615 824 677 quam*
844 601 937 654 antea
964 589 1079 656 Uticae

117 679 233 742 hiemis
261 680 364 762 gratia
393 677 604 756 subduxerat„
629 678 754 762 cognito
786 677 920 760 legionis
952 683 1015 736 Xlll
1047 683 1080 740 et

117 771 195 826 Xllll
231 785 273 828 ex
308 763 416 828 Sicilia
452 764 590 827 adventu
628 763 774 828 celeriter
809 761 937 825 deducit
971 759 1079 845 ibique

119 848 265 914 Gaetulis
286 849 460 934 remigibus
483 871 500 911 e
524 849 680 933 ibatisque
696 847 832 932 complet
845 845 1079 931 insidiandique

119 936 225 1020 gratia
245 955 432 1019 progressus
454 935 484 998 A
507 943 663 996 rumetum
689 955 759 997 curn
783 941 826 992 LV
850 931 985 994 navibus
1006 952 1076 1016 per·
1183 956 1184 959 ¹

118 1021 216 1083 venit
234 1020 331 1083 Cuius
346 1019 503 1082 adventus
516 1019 635 1082 inscius
651 1016 771 1081 Caesar
784 1017 918 1087 Lucium
932 1015 1079 1100 Cispium

119 1123 193 1167 cum
220 1103 321 1168 classe
350 1111 454 1166 XXVll
481 1107 609 1168 navium
638 1101 679 1166 ad
707 1103 869 1188 Thapsum
901 1123 1012 1166 versus
1044 1102 1078 1164 in

11 1187 12 1260 l
120 1191 286 1254 stationem
308 1187 458 1274 praesidii
479 1189 582 1274 gratia
601 1199 793 1253 commeatus
809 1189 857 1250 sui
870 1188 973 1266 mittit,
988 1187 1079 1250 item·

120 1296 183 1360 que
205 1273 358 1352 Quintium
371 1273 520 1358 Aquilam
541 1296 612 1337 cum
627 1281 690 1336 Xlll
706 1273 841 1336 navibus
857 1271 960 1358 longis
974 1271 1078 1334 Adru-

11 1347 12 1416 Ῐ
119 1371 240 1422 metum
262 1359 373 1422 eadem
396 1359 435 1423 de
458 1381 553 1423 eausa
574 1359 754 1444 praemittit.
778 1359 904 1444 Cispius
927 1379 989 1442 quo
1012 1365 1080 1420 erat

120 1446 236 1507 missus
259 1444 404 1508 celeriter
424 1445 579 1532 pervenit.
602 1443 722 1530 Aquila
736 1452 922 1528 tempestate
944 1443 1080 1506 iactatus

120 1531 369 1614 promontorium
399 1552 548 1614 superare
576 1551 640 1593 non
667 1529 769 1614 potuit
801 1539 895 1614 atque
928 1526 1080 1613 angulum

122 1614 280 1700 quendam
308 1624 410 1679 tutum
433 1638 452 1678 a
472 1624 659 1700 tempestate
688 1626 799 1677 nactus
827 1635 898 1678 cum
921 1611 1022 1675 classe
1045 1632 1080 1676 se

120 1698 246 1783 longius
269 1723 288 1763 a
308 1710 478 1786 prospectu
499 1701 643 1764 removit.
670 1699 804 1785 Reliqua
825 1697 935 1762 classis
956 1701 990 1762 in
1013 1696 1081 1761 salo

122 1785 164 1848 ad
191 1785 316 1870 Leptim
346 1791 481 1871 egressis
507 1785 681 1870 remigibus
714 1785 896 1868 passimque
925 1785 957 1846 in
989 1781 1082 1846 litore

121 1869 320 1954 vagantibus,
342 1873 460 1956 partim
480 1872 515 1934 in
543 1871 693 1956 oppidum
722 1871 824 1934 victus
847 1871 897 1932 sui
917 1868 1081 1932 mercandi

122 1957 226 2041 gratia
239 1959 417 2042 progressis
431 1978 534 2020 vacua
549 1979 569 2020 a
583 1956 803 2022 defensoribus
819 1954 933 2017 stabat
956 1952 1081 2031 Quibus

121 2039 218 2104 rebus
242 2041 345 2105 Varus
372 2064 413 2106 ex
434 2041 567 2125 perfuga
594 2044 728 2127 cognitis
751 2041 949 2106 occasionem
970 2047 1081 2102 nactus

121 2125 231 2210 vigilia
252 2127 392 2191 secunda
412 2127 587 2192 Adrumeto
610 2150 651 2192 ex
678 2129 812 2192 cothone
840 2147 987 2210 egressus
1010 2129 1081 2192 cum

122 2213 225 2295 primo
252 2234 346 2275 mane
374 2212 421 2277 Le
445 2213 500 2276 tim
529 2215 678 2277 universa
705 2213 806 2277 classe
839 2221 949 2275 vectus
981 2229 1082 2274 naves

123 2299 295 2377 onerarias,
319 2320 399 2384 quae
422 2234 474 2362 lon
497 2299 546 2361 ius
569 2307 701 2384 aportu
723 2301 756 2362 in
784 2297 850 2360 salo
879 2295 1012 2377 stabant,
1034 2297 1080 2360 in-

124 2381 229 2444 cendit
251 2392 283 2445 et
303 2394 450 2468 penteres
473 2321 552 2448 duas
574 2407 691 2448 vacuas
714 2407 733 2446 a
756 2383 972 2448 defensoribus
993 2381 1082 2445 nullo

11 2511 12 2546 3
123 2478 318 2552 repugnante
340 2470 432 2553 cepit.

187 2552 238 2614 63.
262 2551 380 2617 Caesar
395 2555 520 2618 interim
535 2554 682 2620 celeriter
697 2577 755 2639 per
769 2557 896 2618 nuntios
911 2552 945 2614 in
960 2552 1081 2631 castris,

11 2695 12 2716 q
125 2658 220 2722 quum
243 2659 339 2723 opera
360 2641 550 2722 circumiret,
574 2645 690 2706 certior
715 2641 825 2720 facus,
849 2659 929 2723 quae
951 2636 1083 2702 aberant

11 2783 12 2800 2
125 2745 143 2784 a
171 2731 264 2806 portu
295 2725 382 2788 milia
412 2746 562 2808 passuum
594 2735 639 2807 Vl,
673 2747 754 2811 equo
788 2724 926 2789 admisso
959 2720 1083 2786 omissis

11 2937 12 2956 i
124 2902 218 2972 tatur,
247 2915 356 2959 omnes
385 2906 421 2958 ut
449 2917 483 2958 se
510 2918 609 2960 naves
639 2905 919 2981 consequerentur3

125 2808 268 2871 omnibus
291 2811 387 2874 rebus
410 2809 554 2874 celeriter
575 2815 723 2898 pervenit
743 2811 869 2895 Leptim
890 2808 997 2978 ibique
1012 2807 1083 2978 lqori

961 2913 1018 2978 pos
1033 2913 1070 2954 ea

11 2965 12 3004 ³
124 2979 192 3061 ipse
214 2980 381 3063 parvulum
403 2981 595 3066 navigiolum
618 2982 810 3056 conscendit,
826 2982 859 3042 in
875 3000 969 3042 eursu
984 2977 1082 3063 Aqui-

11 3107 12 3142 3
125 3061 187 3124 lam
210 3063 408 3130 multitudine
430 3068 558 3129 navium
580 3071 782 3152 perterritum
809 3078 904 3150 atque
925 3063 1082 3146 trepidau-

124 3159 186 3210 tem
209 3163 320 3213 nactus
349 3151 485 3215 bostium
514 3151 649 3216 classem
682 3154 771 3237 sequi
799 3152 911 3234 coepit.
952 3148 1083 3210 Interim

11 3279 12 3314 ss
125 3233 227 3298 Varus
250 3235 411 3300 celeritate
434 3235 581 3300 Caesaris
604 3238 996 3322 audaciaque-commotus
1012 3253 1083 3296 cum

11 3367 12 3372 1
125 3320 274 3383 universa
296 3319 397 3386 classe
420 3325 581 3386 conversis
596 3323 732 3386 navibus
747 3321 956 3385 Adrumetunr
970 3338 1083 3381 versus

126 3407 233 3488 fugere
262 3407 431 3471 contendit.
460 3406 563 3485 Quem
590 3407 709 3472 Caesar
731 3409 763 3469 in
785 3404 912 3484 milibus
933 3424 1084 3488 passuum
1144 3418 1146 3424 '

127 3497 169 3551 llll
205 3505 392 3556 consecutus
428 3501 616 3578 recuperata
654 3493 873 3578 quinqueremi
910 3511 981 3551 cum
1018 3491 1084 3552 suis
