2562 3966
371 217 506 284 eoam.
528 219 575 282 vi
598 219 691 284 oar.
717 220 849 284 rs-n.
1030 206 1092 284 127

200 389 250 454 15.
277 389 422 454 Alterum
448 411 548 474 genus
579 399 626 454 est
655 391 806 476 equitum.
850 390 903 470 Hi,
927 413 1023 476 quum
1046 400 1094 455 est

133 497 210 556 usus
240 484 334 561 atque
364 475 493 561 aliquod
514 473 633 539 bellum
661 476 771 541 incidit
797 474 897 562 (quod
925 475 990 538 fere
1020 484 1093 538 ante

135 558 283 628 Caesaris
312 561 482 624 adventum
511 561 677 646 quotannis
708 560 853 624 accidere
881 559 1017 641 solebat,
1047 563 1094 624 uti

134 653 190 711 aut
210 647 273 730 ipsi
294 646 423 710 iniurias
446 645 600 710 inferrent
629 656 682 710 aut
714 645 817 710 illatas
847 643 1092 731 propulsarent),

134 753 246 796 omnes
267 733 300 793 in
322 731 406 796 bello
436 741 618 814 versantur,
649 741 742 818 atque
773 753 880 795 eormn
903 733 1094 816 utquisque

134 825 184 880 est
206 838 324 902 genere
352 819 513 902 copiisque
540 817 767 902 amplissimus,
797 818 842 879 ita
863 816 1013 902 plurimos
1036 819 1093 879 cir-

135 922 208 965 cum
238 923 272 964 se
303 901 464 966 ambactos
499 902 691 986 clientesque
721 902 826 965 habet.
877 901 970 965 Hanc
998 923 1095 965 unam

133 987 270 1072 gratiam
275 989 525 1136 lxpotentiamque
546 997 711 1052 noverunt.

202 1072 251 1136 16.
306 1074 369 1136 atio
392 1084 440 1138 est
470 1076 570 1137 omnis
594 1073 757 1138 Gallorum
787 1073 957 1138 admodum
987 1071 1095 1136 dedita

136 1155 360 1241 religionibus,
384 1167 478 1244 atque
501 1159 541 1223 ob
565 1181 635 1223 earn
657 1181 793 1240 causam,
818 1160 872 1242 qui
895 1167 967 1222 sunt
990 1159 1095 1222 affecti

136 1241 337 1327 gravioribus
366 1244 485 1308 morbis
517 1245 633 1330 quique
662 1246 695 1308 in
724 1243 852 1330 proeliis
880 1243 1095 1328 periculisque

136 1337 320 1410 versantur,
355 1339 408 1392 aut
434 1351 492 1414 pro
519 1331 655 1392 victimis
685 1330 826 1395 homines
856 1329 1021 1392 immolant
1042 1337 1096 1392 aut

138 1435 173 1476 se
188 1413 404 1478 immolaturos
419 1422 536 1479 vovent
552 1415 743 1478 administris
766 1438 806 1479 ue
824 1415 865 1478 ad
881 1437 919 1478 ea
942 1413 1096 1480 sacrificia

19 1561 22 1564 ,
138 1497 303 1562 druidibus
319 1509 457 1582 utuntur,
481 1499 574 1585 quod,
598 1523 656 1585 pro
671 1503 738 1564 vita
782 1502 893 1565 ominis
913 1502 976 1564 nisi
997 1499 1095 1563 homi·

138 1584 189 1647 nis
211 1584 277 1647 vita
297 1583 463 1666 reddatur,
497 1608 561 1648 non
592 1608 686 1671 posse
720 1586 850 1651 deorum
868 1585 1096 1664 vimmortalium

139 1690 257 1738 numen
268 1669 388 1755 placari
401 1669 603 1753 arbitrantur,
615 1671 806 1758 publiceque
819 1671 959 1736 eiusdem
971 1671 1095 1754 generis

138 1752 259 1818 habent
279 1755 421 1819 instituta
443 1756 606 1821 sacrificia.
640 1755 706 1821 Alii
727 1758 858 1820 immani
879 1755 1096 1840 magnitudine

140 1839 310 1904 simulacra
332 1840 459 1923 habent,
484 1863 618 1927 quorum
640 1851 787 1906 contexta
807 1841 977 1905 viminibus
999 1863 1096 1904 mem·

139 1921 201 1990 bra
236 1926 318 1988 vivis
355 1926 533 1990 hominibus
571 1927 745 2013 complent3
783 1927 896 2013 quibus
934 1927 1096 1992 succensis

141 2011 349 2075 circumventi
363 2009 491 2076 flarnma
511 2014 730 2078 exanimantur
752 2014 904 2077 homines.
934 2011 1098 2097 Supplicia

140 2117 260 2177 eorum,
284 2097 337 2182 qui
358 2097 392 2159 in
407 2097 489 2165 tinto
506 2106 559 2162 aut
576 2101 608 2162 in
624 2097 788 2163 latrocinio
804 2108 858 2162 aut
880 2098 986 2182 aliqua
999 2099 1098 2160 noxia

140 2183 205 2246 sint
237 2181 473 2266 comprehensi,
511 2185 649 2268 gratiora
681 2184 729 2248 dis
764 2183 993 2249 immortalibus
1028 2203 1097 2246 esse

140 2265 351 2350 arbitrantur3
389 2267 461 2349 sed,
497 2291 593 2355 quum
622 2269 692 2333 eius
711 2271 836 2354 generis
860 2271 951 2355 copia
973 2267 1096 2349 defecit,

141 2352 236 2416 etiam
260 2350 301 2415 ad
322 2353 538 2418 innocentium
561 2354 715 2440 supplicia
736 2355 941 2420 descendunt.

207 2436 258 2501 17.
280 2437 385 2501 Deum
407 2440 544 2506 maxime
558 2439 751 2504 Mercurium
766 2440 886 2505 colunt:
910 2440 1002 2504 huius
1025 2448 1099 2503 sunt

140 2521 278 2608 plurima
301 2523 483 2607 simulacra3
505 2524 591 2588 hunc
612 2527 752 2589 omnium
771 2527 968 2590 inventorem
985 2528 1097 2588 artium

140 2609 255 2690 ferunt,
277 2607 362 2672 hune
384 2609 509 2673 viarum
527 2619 621 2696 atque
642 2612 790 2676 itinerum
813 2610 935 2693 ducem,
958 2609 1043 2674 hunc
1058 2609 1098 2674 ad

143 2703 292 2780 quaestus
304 2696 470 2778 ‘pecuniae
491 2707 750 2784 mercaturasque
773 2697 891 2762 habere
909 2698 979 2762 vim
1000 2696 1096 2759 maxi·

141 2800 228 2864 mam
250 2778 452 2844 arbitrantur.
496 2781 572 2846 Post
604 2782 687 2846 hunc
709 2782 889 2868 Apollinem
913 2791 944 2846 et
964 2781 1100 2845 Martem

143 2871 176 2928 et
196 2862 305 2928 Iovem
329 2873 360 2929 et
380 2865 566 2932 Minervam.
604 2867 655 2932 De
676 2867 726 2931 his
750 2868 882 2932 eandem
904 2869 980 2950 sere,
1004 2888 1100 2953 quarn

141 2947 285 3034 reliquae
296 2958 417 3036 gentes,
433 2951 552 3016 habent
566 2954 762 3038 opinionem:
777 2954 957 3039 Apollinem
972 2951 1100 3015 morbos

143 3033 313 3120 depellere,
335 3033 513 3101 Minervam
536 3061 667 3123 operum
683 3048 777 3130 atque
792 3039 996 3102 artificiorum
1010 3037 1100 3099 initia

144 3119 280 3202 tradere,
303 3119 413 3186 lovem
434 3125 599 3207 imperium
620 3124 803 3188 coelestium
824 3135 942 3204 tenere,
964 3122 1099 3186 Martem

143 3200 231 3269 bella
258 3228 381 3290 regere.
425 3207 526 3290 Huic,
551 3231 647 3294 quum
668 3210 789 3294 proelio
813 3209 963 3272 dimicare
986 3207 1096 3270 consti-

144 3298 282 3373 tuerunt,
299 3313 345 3373 ea,
363 3315 443 3378 quae
458 3292 543 3358 bello
559 3297 708 3381 ceperint,
723 3294 909 3380 plerumque
925 3293 1098 3356 devovent:

146 3377 200 3460 qui
216 3380 436 3462 superaverint
447 3379 596 3444 animalia
614 3390 706 3465 capta
723 3379 887 3449 immolant
898 3378 1100 3463 reliquasque

145 3482 198 3524 res
219 3463 252 3524 in
276 3485 373 3526 unum
395 3463 499 3528 locum
523 3465 695 3531 conferunt.
733 3464 841 3528 Multis
864 3465 897 3527 in
920 3463 1099 3526 civitatibus
