2490 3974
477 263 620 330 CAPUT
640 263 775 328 39-42.
1042 263 1103 328 263

156 435 210 520 q'ui
237 433 344 497 naves
367 435 586 518 incenderent,
620 436 820 522 incensisque
847 437 901 521 qui
929 432 1102 501 subsidium

155 519 361 605 repellerent:
384 520 417 584 hi
439 523 485 584 sic
500 520 643 607 dispositi
666 529 764 604 crant,
787 529 822 584 ut
837 518 955 584 anullo
972 567 1101 585 ......

155 614 325 691 conspectu
346 607 484 670 omnium
505 607 546 669 ad
566 628 706 692 pugnam
721 605 920 671 contendunt.
943 604 992 667 Ita
1007 627 1101 690 quum

155 713 196 754 ex
217 690 343 754 castello
364 691 478 756 Didius
501 692 541 755 ad
555 689 792 777 propellendum
807 692 1012 777 processisset
1031 712 1102 754 cum

155 777 262 861 copiis,
287 778 313 842 si
357 800 409 841 um
431 800 450 840 a
471 776 628 842 Lusitanis
650 776 777 859 tollitur,
810 799 908 841 naves
930 775 1101 840 incendun-

154 870 212 944 tur,
236 864 316 925 simu
330 885 399 948 que,
429 864 482 949 qui
505 886 545 927 ex
567 862 695 926 castello
718 862 759 927 ad
780 858 919 948 pugnam
940 883 1101 947 processe-

50 1025 54 1032 ,
154 956 233 1029 rant,
258 946 368 1012 eodem
390 950 490 1034 signo,
527 948 683 1034 fugientes
716 948 854 1013 latrones
889 947 964 1012 dum
995 969 1100 1031 perse-

155 1041 299 1117 quuntur,
323 1055 342 1096 a
363 1041 452 1118 tergo
476 1033 608 1100 insidiae
630 1033 768 1098 clamore
790 1033 913 1098 sublato
930 1033 1100 1096 circumve·

153 1119 250 1182 niunt.
283 1118 398 1183 Didius
424 1140 476 1182 ma
522 1142 634 1184 acum
654 1121 770 1184 virtute
793 1142 864 1184 cum
889 1117 1101 1204 compluribus

153 1204 351 1287 interficitur3
374 1226 482 1269 nonnu
494 1204 517 1268 li
528 1217 570 1268 ea
584 1227 691 1291 pugna
713 1205 855 1290 scaphas,
876 1227 957 1353 quae
973 1203 1013 1268 ad
1027 1202 1101 1267 litus

153 1288 291 1372 fuerant,
322 1300 491 1377 occupant,
521 1293 597 1354 item
620 1290 783 1377 [nonnulli]
799 1313 890 1376 comp
903 1293 975 1354 ures
997 1289 1102 1356 nando

153 1374 193 1438 ad
215 1397 322 1458 naves,
366 1399 426 1441 uae
447 1380 481 1440 in
502 1375 568 1442 salo
583 1377 716 1460 fuerunt,
740 1399 774 1440 se
789 1377 954 1462 recipiunt,
977 1377 1101 1440 ancoris

153 1458 284 1524 sublatis
305 1400 436 1547 pelagus
458 1464 554 1526 remis
580 1470 690 1547 petere
722 1473 909 1549 coeperunt3
942 1478 1024 1549 quae
1050 1483 1101 1524 res

153 1566 260 1610 eorum
281 1549 364 1611 vitae
385 1547 443 1611 fuit
463 1547 611 1612 subsidio·
634 1547 778 1612 Lusitani
793 1548 912 1634 praeda
931 1549 1112 1634 potiuntur„

152 1629 272 1695 Caesar
294 1630 435 1697 Gadibus
458 1655 567 1697 rursus
589 1633 630 1697 ad
650 1634 807 1720 Hispalim
829 1635 970 1700 recurrit.
1018 1693 1019 1698 ,

215 1717 266 1780 41.
289 1715 408 1781 Fabius
428 1718 597 1801 Maximus,
622 1742 715 1805 quem
737 1720 778 1784 ad
798 1719 950 1786 Mundam
972 1717 1108 1803 *prae*-
1155 1743 1159 1750 ‘

153 1800 267 1866 sidium
289 1803 534 1889 oppugnandum
555 1804 736 1890 reliquerat,
761 1805 910 1892 operibus
933 1804 1101 1875 assiduis*

151 1886 312 1974 lurnisque
335 1889 452 1953 circum
474 1912 509 1956 sc
536 1890 713 1954 interclusis
746 1892 830 1956 inter
862 1913 896 1956 se
927 1891 1100 1967 decernere

150 1972 234 2037 Iaera
255 1973 350 2038 caede
372 1972 453 2038 bene
474 1997 590 2060 magna
611 1975 737 2041 faciunt.
759 1977 868 2041 Nostri
889 1976 930 2040 ad
952 1974 1101 2062 oppidum

144 2058 398 2144 'recuperandum
420 2062 616 2125 occasionem
637 2084 703 2128 non
722 2064 976 2148 praetermittunt
997 2069 1029 2126 et
1050 2084 1098 2125 re-

150 2142 251 2229 liquos
273 2145 362 2210 vivos
385 2148 528 2230 capiunt,
554 2154 627 2209 XIIII
649 2147 745 2212 milia.
779 2148 957 2213 Ursaonem
977 2147 1100 2232 profici-

150 2238 294 2313 scuntur3
318 2231 402 2316 quod
423 2231 573 2317 oppidum
591 2255 707 2318 magna
728 2235 899 2298 munitione
922 2233 1099 2297 continebo*
1125 2234 1127 2242 ’

148 2326 208 2397 tur,
242 2317 431 2401 sicutipse
453 2317 626 2389 locusnon
649 2318 750 2382 solum
779 2341 883 2404 opere,
921 2318 977 2382 sed
1005 2319 1124 2383 etiam-

148 2410 261 2464 natura
283 2401 384 2466 aditus
407 2401 448 2466 ad
470 2403 714 2490 oppugnandum
736 2404 754 2442 *
776 2405 901 2472 hostem
928 2413 1098 2490 appeteret.

148 2486 220 2550 Huc
242 2486 421 2569 accedebat,
441 2497 479 2558 ut
500 2510 584 2575 aqua
604 2499 826 2576 praeterquam
847 2491 963 2575 inipso
986 2489 1100 2575 oppido

150 2571 244 2658 lnam]
261 2573 466 2636 circumcirca
481 2595 636 2660 nusquam
658 2577 849 2660 reperiretur
891 2575 999 2660 ropius
1012 2573 1100 2638 milia

148 2675 298 2741 passuum
321 2665 384 2720 VIII
393 2681 404 2741 3.
435 2680 515 2744 quae
536 2681 589 2723 res
610 2682 726 2744 magno
748 2669 815 2726 erat
842 2599 1021 2728 adiumento
1044 2681 1097 2745 op·
1126 2703 1131 2708 ψ

148 2741 282 2826 pidanis.
306 2743 387 2807 Tum
408 2753 574 2828 praeterea
595 2745 776 2829 accedebat,
799 2755 834 2810 ut
849 2767 999 2831 aggerem·
1004 2792 1097 2808 ......

148 2829 367 2914 materiesque,
401 2836 484 2893 unde
507 2830 590 2894 soliti
612 2841 684 2894 sunt
710 2841 811 2896 turres
834 2833 852 2870 *
875 2833 936 2916 agi,
969 2832 1098 2916 propius

149 2911 236 2976 milia
257 2935 407 2998 passuum
429 2919 467 2980 Vl
489 2937 552 2980 non
574 2915 800 3000 reperiebatur.
817 2918 835 2955 *
860 2917 910 2980 Ac
930 2917 1098 3002 Pompeius

150 2996 191 3060 ad
212 2997 360 3084 oppidum
375 3003 637 3086 oppugnationem
651 3004 796 3068 tutiorem
811 3003 957 3084 efficeret,
974 3023 1099 3065 omnem

150 3083 311 3148 materiem
335 3086 451 3148 circum
473 3084 623 3171 oppidum
646 3090 799 3152 succisam
821 3090 901 3151 intro
932 3087 1097 3172 congessit.

148 3169 198 3233 Ita
232 3171 410 3234 necessario
443 3169 672 3234 diducebantm·
703 3175 811 3256 nostri,
848 3183 882 3236 ut
918 3195 937 3236 a
968 3171 1096 3252 Munda,

149 3256 407 3341 quamproxime
430 3265 589 3342 ceperant,
617 3260 780 3322 materiem
808 3258 863 3324 illo
886 3258 1095 3343 deportarent.

210 3341 262 3406 42.
284 3340 370 3404 Dum
392 3341 470 3405 haec
492 3340 532 3404 ad
553 3339 705 3406 Mundam
737 3354 890 3427 geruntur
924 3354 954 3406 et
981 3341 1097 3405 Ursao-

146 3447 230 3510 nem,
253 3424 379 3508 ansar,
413 3428 455 3491 ad
475 3425 634 3511 Hispalim
656 3451 752 3514 quum
775 3427 924 3494 Gadibus
951 3450 984 3490 se
1011 3429 1096 3489 rece-

147 3512 453 3598 pissetinsequenti
476 3511 526 3576 die
550 3515 699 3578 concione
729 3514 882 3578 advocata
912 3531 1096 3576 commemo·
