2562 3970
390 243 525 311 COMM.
547 244 564 309 I
587 245 680 309 OAP.
703 243 838 308 26-27.
1053 244 1092 308 17

138 417 199 483 etsi
214 437 413 501 ,magnopere
435 414 649 480 admirabatur
663 413 813 498 Magium,
838 435 931 499 quem
946 415 987 480 ad
1001 415 1095 480 Pom·

138 504 244 588 poium
277 523 348 565 cum
379 499 536 564 mandatis
568 503 706 578 miserat,
740 498 782 563 ad
814 521 848 563 se
880 521 944 564 non
965 502 1092 582 remitti,

139 596 235 674 atque
257 609 295 650 ea
314 608 366 650 res
390 607 485 670 saepe
506 594 626 649 tentata
647 585 706 650 etsi
727 585 863 670 impetus
893 587 960 650 eius
981 587 1093 651 ,consi-

139 671 246 757 liaque
267 670 421 750 tardabat,
454 680 560 734 tamen
591 669 736 733 omnibus
757 669 852 733 rebus
873 670 907 732 in
929 692 966 735 eo
988 692 1093 756 perse-

139 756 314 820 verandum
335 755 475 841 putabat.
519 755 630 854 Itaque
652 753 819 818 Caninium
839 753 987 820 Rebilum
1008 755 1094 841 lega·

140 852 216 922 tum,
249 841 435 906 familiarem
467 861 744 926 necessariumque
777 838 924 904 Scriboni
952 840 1092 922 Libonis,

43 957 45 960 ·
139 927 234 990 mittit
255 926 297 990 ad
318 949 390 990 eum
412 924 561 1012 colloquii
582 947 694 1008 causa,
716 925 855 1006 mandat,
878 935 913 989 ut
934 926 1089 990 Libonem

140 1011 179 1075 de
203 1010 400 1076 concilianda
419 1032 499 1096 pace
520 1010 677 1093 hortetur3
698 1011 863 1096 imprimis,
886 1021 921 1074 ut
934 1011 1003 1096 ipse
1020 1033 1093 1076 oum

140 1097 291 1181 Pompeio
324 1095 565 1182 colloqueretur,
597 1093 752 1180 postulat:
796 1117 990 1181 magnopere
1023 1118 1093 1160 sese

142 1181 301 1246 confidere
324 1181 526 1261 demonstrat,
561 1182 588 1244 si
610 1181 677 1244 eius
699 1181 746 1243 rei
768 1181 808 1244 sit
830 1190 970 1265 potestas
1002 1183 1093 1263 facta,

140 1267 216 1349 fore,
249 1275 285 1330 ut
306 1267 415 1352 aequis
438 1264 668 1331 conditionibus
696 1264 737 1330 ab
771 1268 866 1330 armis
898 1266 1093 1349 discedatur3

141 1353 229 1416 cuius
250 1353 299 1415 rei
319 1345 468 1436 magnam
488 1361 612 1437 partem
626 1350 730 1415 laudis
745 1361 839 1438 atque
854 1353 1094 1416 existimationis

140 1436 182 1500 ad
202 1434 357 1502 Libonem
377 1447 609 1522 perventuram,
633 1438 659 1500 si
669 1435 724 1503 illo
736 1447 863 1501 auctore
875 1445 969 1522 atque
980 1447 1094 1522 agente

140 1521 181 1586 ab
204 1525 299 1586 armis
322 1522 362 1585 sit
384 1522 567 1587 discessum.
589 1521 671 1586 Libo
693 1545 712 1586 a
734 1521 813 1586 collo
837 1523 889 1588 uio
913 1523 1027 1586 Oanini
1050 1523 1093 1586 di·

140 1628 269 1692 gressus
297 1607 339 1671 ad
364 1606 550 1692 Pompeium
580 1607 799 1692 proficiscitur.
816 1546 931 1671 anulo
953 1617 1025 1694 post
1045 1630 1093 1671 re·

132 1693 271 1776 nuntiat,
305 1691 390 1778 quod
422 1691 567 1756 consules
589 1692 701 1773 absint,
736 1695 803 1756 sine
829 1693 892 1756 illis
914 1715 977 1757 nou
999 1714 1093 1778 posse

7 1787 11 1794 “
126 1778 194 1862 agi
215 1777 255 1841 de
277 1778 512 1862 compositione.
541 1776 594 1840 'Ita
615 1779 741 1863 saepius
763 1800 831 1841 rem
852 1779 968 1842 frustra
996 1787 1094 1842 tenta

139 1872 205 1926 tam
228 1860 347 1926 Caesar
368 1862 535 1948 aliquando
558 1862 773 1927 dimittendam
795 1863 856 1928 sibi
878 1863 995 1929 iudicat
1010 1873 1041 1928 et
1056 1863 1094 1927 de

140 1945 226 2012 bello
247 1947 413 2032 agendum.

204 2032 255 2096 27.
277 2032 381 2118 Prope
403 2032 533 2096 dimidia
553 2043 644 2118 parte
666 2035 770 2118 operis
785 2056 805 2097 a
820 2032 957 2098 (laetare
980 2035 1092 2099 effecta

141 2117 316 2205 diebusque
337 2121 370 2182 in
399 2140 437 2182 ea
462 2139 499 2182 re
528 2121 722 2205 consumptis
751 2125 827 2184 vuu
859 2142 958 2194 naves
981 2143 1000 2184 a
1022 2141 1094 2183 con-

142 2202 262 2266 sulibus
283 2202 483 2289 Dyrrhachio
504 2206 666 2284 remissae,
701 2227 782 2290 quae
811 2208 945 2289 priorem
968 2214 1093 2291 partem

141 2289 299 2353 exercitus
322 2311 360 2354 eo
382 2289 634 2374 deportaverant,
656 2288 861 2360 Brundisium
883 2300 1094 2355 revertuntur.
1139 2332 1142 2350 .

140 2373 310 2458 Pompeius
334 2375 400 2438 sive
423 2371 570 2460 operibus
593 2372 738 2439 Caesaris
750 2386 910 2460 permotus
923 2378 990 2442 sive
1002 2377 1096 2440 etiam

142 2459 227 2546 quod
248 2458 288 2523 ab
311 2461 401 2524 initio
421 2459 514 2524 Italia
536 2459 690 2524 excedere
712 2462 927 2544 constituerat,
958 2461 1097 2526 adventu

141 2545 270 2608 navium
291 2546 516 2630 profectionem
536 2567 650 2630 parare
672 2547 782 2630 incipit
811 2557 850 2627 et,
885 2569 946 2633 quo
974 2546 1097 2610 facilius

141 2629 185 2692 im
208 2638 292 2695 otum
315 2628 462 2694 (laetaris
484 2631 631 2712 tardaret,
665 2652 706 2694 ne
728 2630 787 2695 sub
808 2633 882 2717 ipsa
902 2632 1097 2717 profectione

177 2715 257 2778 ''tes
280 2716 429 2800 oppidum
450 2718 671 2801 irrumperent,
703 2726 811 2801 portas
833 2716 976 2799 obstruit,
1009 2718 1098 2802 vicos

142 2798 325 2946 plateasque
347 2800 536 2881 inaedificat,
570 2803 671 2874 fossas
703 2812 901 2867 transversas
923 2804 983 2867 viis
1005 2825 1096 2888 prae-

166 2887 229 2948 ucit
250 2895 349 2971 atque.
367 2884 413 2949 ibi
435 2886 529 2950 sudes
552 2887 736 2972 stipitesque
767 2897 955 2973 praeacutos
978 2887 1097 2971 defigit.

143 2969 234 3035 Haeo
269 2969 394 3036 levibus
431 2970 571 3035 cratibus
608 2981 755 3058 terraque
790 2973 957 3058 inaequat3
994 2972 1098 3036 aditus

142 3065 248 3119 autem
270 3066 364 3142 atque
386 3057 501 3120 itinera
523 3057 594 3139 duo,
618 3079 699 3142 quae
722 3067 813 3122 extra
833 3081 959 3121 murum
973 3056 1014 3120 ad
1027 3079 1099 3142 por-

142 3151 209 3203 tum
238 3139 390 3224 ferebant,
424 3143 571 3206 maximis
604 3141 716 3206 defixis
748 3141 892 3206 trabibus
925 3153 1019 3228 atque
1054 3143 1099 3206 eis

142 3228 320 3310 praeacutis
341 3228 511 3314 praesepit.
533 3227 592 3290 His
603 3229 722 3314 paratis
733 3227 829 3292 rebus
844 3227 960 3291 milites
976 3226 1100 3291 silentio

143 3331 243 3375 naves
266 3311 479 3378 conscendere
500 3311 597 3393 iubet,
621 3312 784 3399 expeditos
807 3323 912 3377 autem
934 3335 975 3376 ex
990 3333 1100 3377 evoca

143 3395 194 3476 tis,
226 3397 399 3481 ,sagittariis
431 3397 704 3484 firnditoribusque
728 3420 821 3462 raros
842 3399 877 3465 in
898 3420 988 3462 muro
1009 3399 1101 3462 turri-

120 3491 123 3501 '
147 3479 267 3564 busque
288 3481 437 3629 ldlisponit.
459 3482 529 3547 Hos
544 3493 631 3548 certo
646 3485 736 3568 signo
757 3505 910 3548 revocare
924 3485 1100 3565 constituit,

199 3584 276 3624 Cacsar·
322 3614 329 3629 .
