2534 3970
35 483 47 645 :l

368 217 502 284 OOMM.
524 219 541 282 I
564 219 655 284 OAP.
679 219 814 283 22—26.
1027 219 1065 286 117

28 404 41 441 ·'
118 392 211 454 scutis
234 413 297 454 uno
319 391 383 453 ictu
405 389 540 475 pilorum
562 391 721 454 transfixis
738 401 769 454 et
783 389 1067 488 colligatis-quum

117 476 231 540 sermm
253 497 288 538 se
309 474 492 557 inflexisset,
516 497 619 561 neque
646 475 782 540 evellere
810 497 912 561 neque
940 475 1068 540 smistra

116 560 265 646 impedita
287 562 363 623 satis
386 561 547 626 commode
568 582 711 645 pugnare
732 569 891 645 poterant,
917 558 1008 622 multi
1033 569 1068 621 ut

36 668 39 677 ·
118 646 169 709 diu
189 647 306 709 iactato
329 645 458 710 brachio
480 655 702 730 praeoptarent
725 655 846 709 scutum
867 667 962 708 manu
981 645 1067 708 emit·

118 741 182 794 tere
204 740 236 794 et
256 730 342 795 nudo
371 753 503 816 corpore
529 753 681 817 pugnare.
720 730 861 795 Tandem
882 723 1068 816 vulneribus

120 815 230 880 defessi
253 827 285 879 et
304 816 419 901 pedem
440 815 559 880 referre
581 825 621 898 et,
645 816 729 901 quod
750 838 840 888 mons
862 815 988 880 suberat
1010 815 1068 878 cire

121 903 192 964 citer
213 899 301 964 mille
322 923 480 987 passuum,
505 923 542 964 eo
558 923 592 964 se
607 903 747 986 recipcre
762 911 942 985 coeperunt.
959 898 1068 998 (lapte

29 1012 38 1087 ἶ
119 994 221 1048 monte
243 996 275 1050 et
297 986 539 1050 succedentibus
561 988 675 1064 nostris
697 986 769 1049 Boii
787 995 822 1049 et
844 985 986 1070 Tulingi,
1014 1003 1069 1070 qur

118 1069 276 1134 hominum
296 1068 422 1134 milibus
444 1073 568 1135 circiter
596 1079 648 1139 XV
679 1093 799 1156 agmen,
820 1070 955 1134 hostium
985 1070 1068 1134 clau·

40 1218 44 1231 ,
118 1155 233 1218 debant
255 1165 287 1219 et
307 1158 487 1220 novissimis
509 1157 666 1241 praesidio
690 1165 786 1238 erant,
811 1177 851 1218 ex
879 1157 992 1239 itinere
1013 1177 1067 1218 no·

19 1285 20 1288 ,
39 1268 44 1324 ς
119 1249 194 1316 atros
217 1239 315 1304 latere
338 1251 446 1326 aperto
462 1243 604 1326 aggressi
622 1244 872 1324 circumvenere,
894 1238 927 1306 et
946 1239 981 1303 id
995 1261 1067 1323 opn-

39 1394 42 1405 ,
118 1327 227 1410 spicati
257 1325 412 1408 Helvetii,
447 1329 500 1410 qui
533 1328 567 1389 in
595 1335 733 1390 montem
771 1347 840 1389 sese
872 1334 1066 1410 receperant,

116 1432 221 1472 rursus
248 1412 368 1475 instare
396 1420 427 1474 et
452 1411 605 1496 proelium
636 1411 852 1495 redintegrare
886 1421 1066 1496 eoeperrmt.

39 1484 43 1513 ³
118 1494 249 1558 Romani
271 1517 425 1560 conversa
447 1500 538 1580 signa
551 1497 697 1582 bipartito
711 1495 897 1562 innuerunt:
921 1495 1068 1580 primast

118 1581 255 1643 secunda
270 1582 371 1663 acies,¹
386 1590 421 1644 ut
435 1583 527 1646 victis
544 1605 580 1646 ac
596 1583 758 1645 summotis
777 1583 946 1662 resisteret,
965 1581 1066 1659 tertia,

37 1716 41 1737 ,
115 1675 148 1727 ut
168 1666 332 1729 venientes
356 1669 532 1732 sustineret.

177 1751 228 1812 26.
250 1751 300 1812 lta
317 1753 444 1836 ancipiti
454 1743 575 1836 proelio
590 1751 643 1816 diu
659 1721 752 1836 atque
766 1752 880 1814 acriter
894 1759 1067 1836 pugnatum
1135 1735 1138 1758 ⁵

117 1845 171 1898 est.
208 1835 338 1899 Diutius
360 1859 456 1922 quum
479 1839 633 1902 sustinere
655 1845 833 1900 nostrorum
854 1837 988 1920 impetus
1003 1857 1068 1900 non

18 1976 32 1988 ,.
115 1929 252 2004 possent,
269 1921 358 1984 alteri
374 1945 416 2004 se,
435 1931 470 1985 ut
481 1930 658 2007 coeperant,
670 1923 702 1984 in
717 1928 856 2004 montem
870 1929 1066 2016 receperunt,

115 2004 206 2070 alteri
228 2006 269 2068 ad
283 2007 506 2091 impedimenta
528 2016 559 2071 et
581 2028 689 2084 carros
712 2029 785 2070 suos
808 2028 842 2068 se
858 2005 1066 2069 contuerunt.

18 2097 20 2100 '
112 2089 195 2154 Nam
217 2091 284 2154 hoc
313 2101 378 2154 toto
405 2092 533 2177 proelio,
569 2115 664 2178 quum
677 2097 680 2104 ’
693 2091 733 2154 ab
763 2093 841 2155 hora
868 2093 1001 2177 septima
1026 2089 1068 2152 ad

112 2187 475 2261 vesperumpugnatum
486 2179 533 2259 sit,
554 2199 700 2240 aversum
714 2175 836 2241 hostem
851 2175 959 2240 videre
974 2197 1066 2239 nemo

18 2276 39 2324 ,ἰ
111 2261 228 2344 potuit
266 2261 319 2324 Ad
344 2261 475 2326 multam
502 2273 626 2326 noctem
656 2263 750 2326 etiarn
776 2261 817 2324 ad
843 2261 1067 2346 impedimenta

111 2353 287 2430 pugnatum
310 2355 365 2428 est,
387 2361 557 2432 propterea
579 2347 662 2432 quod
682 2368 739 2431 pro
761 2345 844 2436 vallo
860 2367 967 2410 carros
983 2343 1066 2409 obie-

111 2439 224 2493 cerant
246 2439 276 2493 et
298 2430 406 2494 eloco
430 2434 647 2518 superiorein
669 2441 792 2496 nostros
814 2433 977 2494 venientes
1004 2429 1067 2494 tela

111 2516 334 2597 coniiciebant,
356 2527 387 2580 et
400 2516 543 2580 nonnulli
558 2518 639 2580 inter
651 2539 756 2580 carros
769 2526 915 2602 rotasque
929 2525 1066 2586 mataras

18 2675 20 2688 Ι
111 2621 151 2662 ac
173 2601 314 2684 tragulas
338 2601 545 2666 subiiciebant
558 2613 746 2687 nostrosque
760 2601 978 2664 vulnerabant.
1002 2599 1067 2664 Diu

110 2707 211 2770 quum
227 2696 311 2748 esset
323 2699 506 2770 pugnatum,
530 2687 759 2772 impedimentis
780 2688 953 2771 castrisque
967 2688 1066 2749 nostri

107 2771 204 2855 potiti
228 2780 308 2834 sunt.
341 2770 391 2834 Ibi
419 2770 616 2856 Orgetorigis
642 2772 708 2836 filia
735 2780 828 2857 atque
849 2793 934 2834 unus
954 2792 971 2834 e
992 2770 1066 2834 filiis

18 2851 20 2872 '
108 2865 225 2940 captus
255 2865 310 2920 est.
354 2856 406 2918 Ex
435 2879 472 2920 eo
501 2857 619 2942 proelio
647 2851 771 2924 offeiter
797 2856 958 2920 hominum
979 2855 1067 2918 mili-a

109 2946 216 3002 CXXX
249 2941 467 3025 superfuerunt
506 2965 604 3028 eaque
640 2952 706 3006 tota
741 2953 833 3006 nocte
871 2942 1067 3004 continenter

68 3053 70 3056 ·
107 3027 232 3087 ierunt:
260 3025 382 3089 nullam
414 3037 537 3112 partem
564 3029 664 3090 noctis
690 3027 802 3187 ignare
828 3027 1006 3089 intermisso
1033 3027 1066 3087 in

107 3109 194 3172 fines
222 3110 400 3195 Lingonum
428 3111 479 3174 die
512 3123 623 3197 quarto
654 3133 694 3196 pe
734 3122 879 3193 enerunt,
913 3133 1009 3196 quum
1035 3121 1066 3173 et

107 3205 244 3278 propter
264 3195 396 3260 vulnera
416 3195 549 3261 militum
570 3208 610 3260 et
638 3207 766 3282 propter
795 3195 986 3280 sepulturam
1015 3217 1065 3258 oc-

83 3351 86 3357 ,
109 3281 251 3342 cisorum
273 3283 372 3343 nostri
393 3281 665 3346 triduummorati
686 3303 741 3346 eos
763 3283 852 3367 sequi
872 3303 936 3344 non
950 3282 1065 3365 potuis·

109 3372 195 3426 sent.
241 3365 360 3430 Gaesar
381 3367 422 3429 ad
442 3366 602 3450 Lingonas
625 3366 953 3464 litterasrnuntiosque
971 3367 1063 3466 misit,

108 3469 154 3510 ne
178 3471 231 3514 eos
251 3450 409 3529 frumento
430 3473 511 3514 neve
534 3451 596 3514 alia
618 3474 653 3514 re
674 3454 911 3596 iuvarentz2qu1
926 3473 953 3512 s1
969 3451 1064 3514 luvis-

141 3575 144 3580 ·
159 3551 236 3591 Caesar
288 3555 290 3564 ’
316 3568 318 3572 ·
459 3561 460 3564 ’
993 3567 1008 3583 w
