2562 3966
186 229 249 296 164
441 230 502 294 DE
523 231 666 297 BELLO
690 231 880 298 GALLIOO
903 277 906 289 .

186 402 328 484 avaritia,
352 401 430 468 alios
452 402 616 472 iracundia
638 411 670 465 et
691 405 865 486 temeritas,
895 425 976 490 quae
997 405 1137 470 maxime

185 486 231 550 illi
253 487 413 565 hominum
428 488 537 572 generi
559 497 607 552 est
627 490 744 571 innata,
767 498 801 553 ut
822 489 926 554 levem
946 489 1136 572 auditionem

185 571 323 636 habeant
343 595 400 658 pro
416 595 451 636 re
467 585 637 659 comperta.
671 573 762 638 Bona
784 575 901 638 civium
922 573 1134 640 Romanorum

10 651 11 736 J
102 656 106 665 ⁴
185 657 348 742 diripiunt,
380 657 493 720 caedes
515 659 647 740 faciunt,
675 659 707 722 iu
730 663 914 724 servitutem
936 651 1134 724 abstrahunt.

183 741 324 806 Adiuvat
344 765 413 806 rem
434 741 641 828 proclinatam
664 741 922 809 Convictolitavis
944 744 1134 846 plebemque

184 826 226 891 ad
247 827 386 891 furorem
407 825 555 912 impellit,
580 837 613 891 ut
634 827 774 894 facinore
797 829 934 894 admisso
958 829 999 892 ad
1020 839 1135 894 samta-

184 921 246 976 tem
276 913 395 976 reverti
426 912 554 998 pudeat.
597 913 740 977 Marcum
768 913 939 995 Aristium,
973 913 1133 978 tribunum

184 996 333 1078 militum,
366 999 427 1061 iter
453 997 495 1061 ad
523 995 680 1083 legionem
707 998 874 1064 facientem
902 999 966 1063 fide
994 999 1069 1063 data
1095 1023 1134 1064 ex

184 1081 298 1167 oppido
322 1080 487 1146 Cabillono
511 1083 663 1147 educunt:
693 1082 776 1147 idem
804 1084 910 1147 facere
933 1095 1049 1168 cogtmt
1071 1108 1134 1168 eos,

184 1169 238 1252 qui
259 1167 443 1252 negotiandi
465 1189 561 1231 causa
582 1167 627 1230 ibi
649 1169 863 1232 constiterant.
897 1169 965 1232 Hos
989 1171 1135 1234 continuo

182 1252 216 1314 in
230 1253 342 1315 itinere
358 1251 459 1317 adorti
476 1251 620 1316 omnibus
636 1253 866 1338 impedimentis
888 1264 1022 1338 exuunt,
1044 1277 1135 1340 repu-

183 1346 316 1422 gnantes
339 1337 423 1400 diem
444 1343 570 1402 noctem
592 1360 632 1402 ue
655 1337 815 1422 obsident3
848 1337 954 1402 multis
976 1343 1135 1426 utrimque

182 1422 353 1486 interfectis
361 1424 512 1487 maiorem
520 1361 753 1487 multitudinem
765 1432 957 1488 armatorum
966 1425 1134 1488 concitant.

199 1513 203 1520 '
244 1507 296 1570 43.
318 1507 448 1570 Interim
463 1509 572 1570 nuntio
587 1507 693 1590 allato,
718 1530 826 1573 omnes
842 1531 952 1572 eorum
971 1509 1086 1573 milites
1101 1511 1133 1574 in

181 1600 336 1676 potestate
364 1590 511 1656 Caesaris
538 1595 647 1673 teneri,
678 1601 868 1658 concurrunt
900 1593 942 1658 ad
969 1593 1133 1678 Aristium,

181 1675 260 1740 nihil
270 1675 396 1762 publico
404 1679 520 1741 factum
528 1676 658 1741 consilio
670 1677 902 1762 demonstrant;
917 1681 1132 1765 quaestionem

182 1761 222 1825 de
237 1760 329 1825 bonis
345 1762 476 1847 direptis
493 1761 674 1844 decernunt,
689 1763 826 1828 Litavici
840 1763 973 1829 fratrum
995 1787 1035 1830 ue
1049 1763 1134 1830 bona

180 1845 354 1931 publicant,
376 1845 498 1933 legatos
521 1847 560 1911 ad
585 1845 756 1912 Caesarem
779 1851 828 1912 sui
849 1871 976 1936 purgan
1000 1851 1007 1865 ‘
1031 1853 1134 1936 gratia

180 1931 316 1995 mittunt.
344 1931 435 1994 Haec
446 1931 565 1995 faciunt
576 1933 865 2018 recuperandorum
876 1955 1005 1998 suorum
1021 1956 1133 2018 causa,

180 2016 239 2080 scd
254 2015 459 2081 contaminati
479 2016 619 2080 facinore
642 2027 673 2080 et
695 2040 734 2082 ca
756 2020 780 2082 ti
795 2018 980 2105 compendio
996 2041 1036 2082 ex
1052 2019 1132 2084 dire-

178 2102 242 2186 ptis
256 2101 357 2184 bonis,
382 2101 466 2186 quod
488 2124 527 2165 ea
547 2123 600 2166 res
623 2102 664 2166 ad
679 2042 794 2168 mulios
809 2103 996 2190 pertinebat,
1019 2105 1132 2168 timore

179 2207 301 2272 poenae
317 2187 459 2250 exterriti
475 2186 606 2250 consilia
621 2187 702 2252 clam
718 2188 757 2252 de
779 2187 863 2254 bello
885 2190 965 2252 inire
980 2189 1042 2252 inci
1064 2189 1131 2252 iunt

180 2273 321 2345 civitates
344 2293 385 2336 ue
411 2271 550 2358 reliquas
579 2269 788 2357 legationibus
817 2271 994 2338 sollicitant.
1040 2211 1130 2352 guae

178 2357 304 2419 tametsi
323 2295 446 2421 haesar
473 2355 690 2440 intellegebat,
720 2368 826 2440 tamen
849 2380 945 2444 quam
965 2358 1130 2422 mitissime

201 2448 282 2505 otest
302 2441 423 2527 legatos
446 2464 465 2506 a
486 2441 604 2528 pellat:
626 2441 705 2505 nihil
726 2463 760 2505 se
782 2451 912 2528 propter
932 2443 1130 2506 inscientiam

177 2463 402 2614 levitatemque
472 2530 505 2612 gi
520 2527 649 2612 gravius
666 2526 705 2589 de
721 2527 848 2591 civitate
862 2526 1004 2591 iudicare
1025 2550 1130 2616 neque

179 2609 218 2674 de
246 2634 303 2675 sua
330 2614 364 2676 in
386 2611 536 2675 Haeduos
566 2609 788 2674 benevolentia
817 2610 1008 2676 deminuere.
1052 2611 1127 2678 Ise

177 2697 329 2761 maiorem
344 2695 468 2762 Galliae
489 2705 608 2758 motum
631 2706 834 2780 exspectans,
854 2693 898 2760 'ne
920 2695 960 2760 ab
984 2636 1129 2762 omnihus

177 2783 355 2847 civitatibus
378 2781 668 2862 circumsisteretur,
692 2781 822 2845 consilia
844 2781 953 2863 inibat,
977 2781 1127 2870 quemad-

176 2867 302 2931 modum
333 2865 373 2930 ab
404 2864 565 2950 Gergovia
593 2865 770 2930 discederet
799 2889 837 2930 ac
862 2889 972 2932 rursus
1002 2891 1128 2932 omnem

177 2954 351 3016 exercitum
374 2951 590 3032 contraheret,
620 2974 661 3016 ne
683 2953 834 3037 profectio
856 2963 932 3017 nata
954 2951 994 3016 ab
1016 2953 1128 3018 timore

176 3037 357 3102 defectionis
381 3035 489 3102 similis
511 3036 606 3123 fugae
627 3038 796 3102 videretur.
1085 3041 1086 3044 ’

217 3121 219 3126 ’
238 3122 290 3186 44.
312 3123 402 3187 Haec
417 3123 567 3207 cogitanti
581 3120 726 3185 accidere
742 3124 812 3187 visa
827 3130 875 3186 est
888 3120 1022 3187 facultas
1044 3121 1127 3186 benc

174 3208 222 3272 rei
244 3209 412 3294 gerendae.
456 3203 538 3270 Na'rn
565 3229 662 3293 quum
683 3209 716 3270 in
744 3209 867 3272 minora
896 3217 1000 3271 castra
1022 3209 1127 3293 operis

174 3294 385 3378 perspiciendi
406 3314 502 3357 causa
516 3294 663 3374 venisset,
687 3292 907 3357 animadvertit
926 3291 1049 3374 collem,
1073 3295 1127 3377 qui

175 3374 216 3439 ab
232 3375 374 3442 hostibus
389 3376 565 3458 tenebatur,
586 3376 739 3441 nudatum
752 3376 940 3460 hominibus,
964 3379 1019 3464 qui
1035 3398 1127 3460 supe·

174 3458 310 3526 rioribus
338 3464 449 3528 diebus
474 3463 526 3526 vix
549 3483 625 3547 prae
650 3462 853 3556 ,multitudine
882 3463 972 3552 cerni
990 3469 1126 3548 poterat
1161 3473 1168 3492 ¹
