2490 3974
190 256 252 322 186
498 253 629 318 BELLI
650 255 840 319 AFRIOAE

224 430 353 480 tissimum
370 429 540 494 hominesque
565 427 705 480 fidissimos
733 427 850 478 amittere
875 427 964 490 vellet,
991 428 1082 478 facere
1104 443 1162 478 non

225 499 317 565 potuit,
337 498 399 563 quin
417 497 556 548 dimicaret.
575 514 596 550 c.
616 497 724 547 77-80.
751 495 856 548 Proelia
884 496 918 546 ad
936 497 1061 561 oppidum
1085 512 1162 546 com-

223 569 303 618 misso
317 567 447 632 Scipionis
458 565 586 617 exercitus
597 565 751 632 gravissima
760 563 835 615 clade
845 565 997 630 profligatur
1007 580 1029 622 c.
1042 567 1158 616 81—86.

226 637 279 697 Qui
296 637 366 686 vitae
385 635 469 685 exitus
487 634 565 685 tuerit
584 633 698 694 Catonis,
722 633 811 695 Iubae,
830 633 925 694 Petrei,
945 633 1076 700 Scipionis
1096 649 1162 684 nar·

223 709 295 755 ratur
313 719 335 756 c.
354 705 461 754 87-96.
490 701 578 752 Rebus
597 703 636 756 sio
653 701 762 751 feliciter
787 703 868 766 gestis
892 702 988 752 Caesar
1012 701 1097 752 Iubae
1116 718 1160 752 re·

224 788 304 840 gnum
320 774 348 821 in
365 771 518 837 provinciae
535 769 645 821 formam
662 770 765 834 redigit,
786 771 904 820 civitates
915 770 1090 836 singulosque
1113 771 1162 836 qui

225 857 283 892 cum
303 841 425 906 Scipione
452 839 567 889 lecerunt
595 840 706 904 pecunia
722 837 838 900 mulctat,
870 838 964 888 deinde
981 839 1093 889 Romam
1115 855 1157 890 re·

224 910 302 960 vertit
320 925 341 959 c.
361 909 469 959 97-98.

256 1099 283 1159 1.
308 1095 429 1160 Caesar
450 1092 618 1158 itineribus
633 1095 723 1158 iustis
745 1093 897 1158 confectis
920 1094 1008 1159 nullo
1031 1095 1084 1160 die
1109 1099 1160 1161 in-

188 1182 335 1246 termisso
364 1203 392 1244 a.
423 1179 453 1242 d.
486 1187 561 1240 Xllll
592 1178 666 1243 Kal.
695 1179 764 1244 Ian.
791 1178 980 1266 Lilybaeum
1008 1186 1161 1262 pervenit

189 1268 357 1352 statimque
373 1265 509 1330 ostendit
521 1286 591 1328 sese
606 1288 704 1328 naves
720 1264 803 1328 velle
819 1266 1042 1349 conscendere,
1056 1291 1157 1354 quum

188 1374 252 1418 non
275 1351 409 1438 amplius
424 1350 584 1436 legionem
605 1353 742 1416 tironum
757 1349 888 1415 haberet
901 1373 1006 1435 unam,
1028 1355 1159 1440 equites

75 1441 78 1448 “
188 1439 245 1502 vix
273 1443 328 1501 DC.
367 1434 623 1500 Tabernaculum
650 1437 825 1500 secundum
855 1435 929 1499 litus
948 1437 1055 1524 ipsum
1079 1462 1157 1505 con·

189 1524 298 1605 stituit,
321 1532 356 1586 ut
376 1545 476 1609 prope
498 1521 613 1586 fluctus
635 1521 829 1586 verberaret.
866 1521 938 1586 Hoc
960 1545 997 1587 eo
1020 1526 1159 1591 consilio

187 1608 273 1692 fecit,
294 1631 335 1673 ne
357 1609 427 1694 quis
450 1606 510 1671 sibi
533 1631 639 1672 morae
662 1609 830 1694 quicquam
852 1607 920 1670 fore
943 1631 958 1672 s
982 1620 1100 1693 oraret,
1124 1622 1156 1676 et

188 1704 223 1759 ut
245 1717 354 1760 omnes
376 1695 409 1758 in
432 1692 500 1757 dies
522 1693 681 1780 horasque
696 1694 801 1779 parati
823 1704 939 1757 essent.
959 1632 1080 1759 1incidit
1095 1719 1158 1783 per

187 1781 222 1845 id
248 1789 382 1930 tempus,
412 1789 447 1844 ut
475 1787 678 1864 tempestates
708 1778 747 1842 ad
776 1779 993 1862 navigandum
1018 1781 1155 1847 idoneas

187 1888 253 1931 non
274 1865 317 1929 ha
341 1874 416 1931 eret.
439 1864 546 1928 Nihilo
568 1873 674 1929 tamen
689 1866 792 1928 minus
807 1865 841 1928 in
856 1865 992 1929 navibus
1014 1869 1156 1952 remiges

187 1949 366 2037 militesque
397 1953 559 2015 continere
582 1960 613 2014 et
634 1950 754 2014 nullam
781 1952 1032 2035 praetermittere
1062 1974 1155 2018 occa·

189 2039 311 2103 sionem
331 2037 552 2123 profectionis:
577 2058 674 2122 quum
693 2037 883 2122 praesertim
898 2035 939 2100 ab
954 2037 1069 2101 ineolis
1086 2041 1157 2104 eius

187 2125 370 2208 provinciae
399 2123 618 2187 nuntiarentur
649 2123 905 2186 adversariorum
932 2125 1043 2208 copiae
1067 2127 1156 2210 cqui-

188 2218 271 2272 tatus
299 2209 450 2290 infinitus,
481 2208 622 2293 legiones
645 2210 753 2292 regiae
780 2215 837 2288 llll,
868 2205 948 2272 levis
971 2219 1157 2276 armaturae

187 2295 376 2378 magnario,
400 2294 556 2379 Scipionis
571 2293 714 2380 legiones
728 2300 764 2374 X,
788 2291 949 2378 elephanti
973 2301 1046 2357 CXX
1070 2296 1155 2360 clas·

188 2401 303 2466 sesque
326 2402 396 2444 esse
419 2379 606 2465 complures,
629 2389 734 2442 tamen
756 2400 821 2442 non
843 2378 1064 2445 deterrebatur
1085 2385 1157 2447 ani·

187 2487 303 2551 moque
332 2475 364 2530 ct
391 2489 447 2553 spe
475 2465 662 2531 confidebat.
690 2465 823 2529 Interim
852 2465 887 2528 in
909 2463 976 2528 dies
1000 2477 1031 2532 et
1052 2489 1156 2532 naves

187 2549 301 2634 longae
323 2552 484 2638 adaugeri,
508 2561 539 2615 et
561 2552 726 2614 onerariae
749 2549 927 2636 complures
950 2552 1063 2616 eodem
1079 2576 1156 2618 con-

188 2657 326 2721 currere,
350 2647 381 2701 et
402 2638 543 2722 legiones
570 2636 708 2701 tironum
734 2637 914 2718 convenire,
937 2639 971 2700 in
992 2638 1042 2701 his
1064 2648 1154 2704 vete·

187 2744 267 2788 rana
289 2722 372 2810 legio
395 2727 512 2810 quinta,
536 2745 553 2786 e
577 2724 677 2785 uitum
699 2721 740 2786 ad
762 2729 785 2784 Il
807 2721 904 2784 milia.

251 2810 280 2873 2.
303 2809 497 2895 Legionibus
521 2745 661 2873 collectis
689 2815 728 2870 Vl
751 2817 782 2872 ct
805 2809 946 2893 equitum
967 2817 990 2870 ll
1012 2807 1154 2894 milibus,

186 2905 221 2960 ut
251 2917 396 2982 quaeque
428 2896 530 2981 prima
562 2892 645 2980 legio
674 2902 816 2975 venerat,
847 2895 880 2956 in
908 2916 1007 2958 naves
1038 2893 1154 2979 longas

186 2981 417 3067 imponebatur,
435 2983 555 3068 equites
572 2990 679 3044 autem
689 2979 723 3042 in
739 2980 910 3042 onerarias.
935 2978 985 3043 Ita
999 2981 1156 3044 maiorem

186 3078 311 3153 partem
341 3069 471 3133 navium
499 3065 689 3130 antecedere
716 3065 808 3148 iussit
831 3064 1020 3128 etinsulam
1042 3071 1155 3150 petere

186 3153 396 3238 Aponianam,
421 3152 605 3302 quaeabest
621 3148 806 3236 aLilybaeo
822 3197 918 3215 ......
941 3150 957 3213 Ι
980 3173 1155 3300 ceparum

188 3248 399 3304 commoratus
451 3261 512 3304 ona
538 3255 714 3324 paucorum
742 3235 870 3321 publice
891 3258 955 3301 ven
981 3239 1012 3318 't,
1058 3237 1155 3302 einde

186 3323 301 3389 Alieno
323 3326 471 3410 praetori,
496 3326 550 3410 qui
572 3321 713 3386 Siciliam
740 3321 911 3403 obtinebat,
941 3322 981 3386 de
1004 3319 1155 3387 omnibus

185 3409 282 3474 rebus
304 3413 460 3497 praecipit
482 3421 513 3474 et
535 3409 574 3472 de
596 3407 718 3492 reliquo
748 3407 890 3472 exercitu
920 3406 1065 3472 celeriter
1095 3409 1154 3470 im·
1220 3433 1221 3454 r

186 3497 343 3580 ponendo.
367 3495 460 3561 Datis
476 3501 630 3560 inundatis
644 3495 715 3580 ipse
736 3515 852 3558 navem
874 3491 1057 3557 conscendit
1073 3514 1103 3556 a.
1121 3493 1153 3558 d.
