2490 3974
216 213 281 277 204
527 211 658 276 BEILI
678 209 870 276 AFRICAE

218 383 392 449 Caesarem
413 385 516 448 mittit.
539 383 672 448 Alienus
692 385 820 446 interim
834 383 1007 469 proconsul
1028 383 1202 469 Lilybaeo

214 470 249 533 in
270 491 370 533 naves
392 471 555 533 onerarias
582 470 715 554 imponit
741 467 884 554 legiones
907 476 969 530 XIII
999 479 1033 532 et
1057 476 1148 532 XIIII
1172 479 1202 533 et

217 555 340 640 equites
369 553 480 618 Gallos
517 561 616 637 DCCC,
653 553 846 618 funditorum
884 555 1201 641 sagittariorumque

219 638 308 703 mille
330 661 369 703 ac
390 639 564 704 seeundum
586 650 796 704 commeatum
811 642 845 702 in
866 640 1009 704 Africam
1032 641 1143 704 mittit
1160 640 1200 702 ad

218 724 398 790 Caesarem.
437 724 528 803 Quae
571 747 670 788 naves
706 733 838 788 ventum
860 724 1034 789 seeundum
1076 736 1199 788 nactae

217 819 330 896 quarto
353 810 405 874 die
426 813 459 873 in
485 819 611 896 portum
640 809 682 873 ad
702 809 886 895 Ruspinam,
909 811 965 874 ubi
987 809 1119 873 Caesar
1145 833 1196 874 ca·

217 905 283 959 stra
317 895 479 977 habuerat,
512 894 687 960 incolumes
719 906 940 981 pervenerunt
973 895 1025 958 lta
1061 894 1194 960 Caesar

217 979 337 1065 duplici
369 980 489 1045 laetitia
521 1003 559 1045 ae
590 979 753 1065 voluptate
785 1003 849 1045 uno
881 991 1026 1066 tempore
1061 991 1193 1061 anetus,

217 1065 375 1130 frumento
398 1065 598 1153 auxiliisque,
626 1066 756 1131 taudem
785 1069 851 1130 suis
872 1065 1014 1130 hilaratis
1044 1089 1196 1132 annona

219 1174 281 1237 que
310 1150 417 1215 levata
453 1151 697 1216 sollicitudinem
734 1151 874 1236 deponit,
917 1150 1063 1236 legiones
1106 1154 1196 1238 equi-

216 1247 328 1321 tesque
351 1258 393 1300 ox
414 1237 549 1302 navibus
579 1259 727 1323 egressos
754 1236 843 1301 iubet
865 1258 906 1302 ex
929 1235 1089 1320 languore
1112 1261 1193 1300 nau-

218 1343 335 1470 sdqaque
366 1321 508 1407 reficere,
543 1322 661 1388 divisos
694 1324 729 1386 in
762 1321 894 1386 castella
928 1323 1194 1409 munitionesque

243 1407 268 1470 ‘s
292 1407 366 1471 onit.

269 1429 332 1555 lllb.
356 1491 480 1572 Quibus
507 1493 603 1558 rebus
632 1492 739 1578 Scipio
789 1497 822 1557 ui
843 1514 884 1555 ue
914 1515 986 1556 cum
1016 1514 1054 1556 eo
1082 1508 1191 1557 essent

219 1580 371 1658 [comites]
388 1580 496 1642 mirari
518 1590 549 1644 et
563 1580 741 1665 requirere:
766 1517 802 1642 d.
820 1515 1000 1658 gaesarem,
1015 1580 1083 1678 ‘qui
1107 1577 1191 1642 ultro

220 1674 404 1728 consuesset
417 1663 536 1728 bellum
551 1665 667 1727 inferre
689 1685 727 1726 ao
741 1662 900 1728 lacessere
921 1661 1054 1748 proeho,
1082 1664 1188 1728 subito
1224 1703 1225 1748 ,

217 1760 443 1812 commutatum
463 1771 528 1813 non
545 1751 614 1812 sine
636 1771 751 1832 magno
774 1748 905 1812 consilio
928 1747 1187 1832 suspicabantur.
1224 1761 1225 1784 ¹

217 1831 329 1920 Itaque
351 1857 392 1899 ex
414 1837 482 1898 eius
503 1836 656 1920 patientia
674 1836 708 1896 in
722 1856 873 1917 magnum
887 1835 1033 1898 timorem
1049 1835 1187 1898 coniecti

217 1941 259 1982 ex
293 1919 436 1984 Gaetulis
473 1919 561 2000 duos,
600 1941 677 2006 quos
715 1918 951 1983 arbitrabantur
987 1919 1054 1982 suis
1091 1919 1186 1984 rebus

220 2005 438 2088 amicissimos,
454 2007 578 2090 magnis
590 2006 740 2090 praemiis
755 2003 1104 2152 pollicitationibusque
1116 2028 1186 2105 pro-

217 2091 328 2174 positis
355 2113 414 2176 pro
450 2091 590 2176 perfugis
625 2088 811 2176 speculandi
838 2092 942 2175 gratia
968 2091 1001 2152 iu
1064 2112 1187 2153 aesarrs

219 2185 325 2238 eastra
353 2177 489 2240 mittunt.
518 2175 581 2255 Qui
604 2175 696 2238 simul
719 2173 853 2238 adeum
877 2184 950 2238 sunt
971 2173 1114 2257 deducti,
1136 2198 1186 2261 pe

218 2261 348 2342 tierunt,
371 2271 406 2325 ut
428 2260 490 2324 sibi
511 2260 623 2325 liceret
642 2259 744 2325 verba
766 2262 835 2324 sine
861 2259 1000 2345 periculo
1027 2260 1187 2346 proloqui.

220 2344 381 2409 Potestate
410 2346 503 2429 facta,
534 2346 779 2432 Saepenumero,
813 2347 966 2432 inquiunt,
1000 2346 1186 2430 imperator,
1222 2409 1223 2418 ,

219 2429 398 2514 complures
427 2431 563 2514 Gaetuli,
595 2433 648 2518 qui
677 2453 785 2494 sumus
815 2430 945 2495 clientes
975 2429 1012 2494 O.
1035 2430 1132 2514 Mari,
1158 2443 1187 2496 ot

219 2517 445 2600 propemodum
460 2539 568 2582 omnes
589 2519 676 2580 cives
691 2516 833 2598 Romani,
851 2517 905 2602 qui
920 2517 1041 2604 suntin
1056 2515 1187 2602 legione

221 2608 269 2661 IIII
300 2610 331 2664 et
357 2610 402 2685 VI,
433 2603 475 2666 ad
495 2613 526 2666 te
548 2601 705 2666 voluimus
732 2604 765 2664 in
787 2612 904 2687 tuaque
926 2601 1090 2685 praesidia
1113 2624 1186 2667 oon-

219 2684 346 2771 fugere,
377 2689 434 2753 sed
463 2688 614 2751 custodiis
644 2688 784 2774 equitum
811 2686 1028 2767 Numidarum,
1059 2709 1124 2769 quo
1154 2687 1187 2750 id

219 2771 287 2833 sine
309 2773 451 2857 periculo
472 2775 576 2836 minus
598 2774 784 2853 faceremus,
803 2771 1063 2858 impediebamur.
1089 2771 1184 2836 Nunc

219 2854 293 2920 data
318 2857 467 2922 facultate
496 2881 553 2944 pro
582 2857 833 2943 speculatoribus
863 2858 951 2920 missi
978 2879 997 2919 a
1030 2856 1183 2942 Scipione

219 2939 261 3004 ad
282 2950 314 3005 te
343 2945 547 3028 cupidissime
576 2945 731 3025 venimus,
759 2953 796 3007 ut
821 2945 1083 3028 perspiceremus,
1108 2966 1184 3006 nuru

220 3049 301 3112 quae
323 3027 426 3093 fossae
449 3039 502 3094 aut
523 3029 656 3093 insidiae
687 3027 863 3113 elephantis
886 3038 959 3092 ante
981 3039 1088 3090 castra
1111 3050 1182 3112 por-

218 3120 331 3197 tasque
353 3114 429 3178 valli
451 3117 553 3180 factae
576 3125 691 3197 essent,
722 3112 877 3198 simulque
911 3113 1044 3178 consilia
1073 3123 1184 3176 vestra

220 3208 331 3262 contra
367 3200 496 3264 easdem
531 3200 650 3263 bestias
688 3202 1018 3284 comparationemque
1055 3219 1099 3282 pu
1146 3221 1183 3262 ae

223 3305 487 3366 cognosceremus
510 3295 605 3370 atque
627 3286 666 3347 lis
689 3285 951 3348 renuntiaremus.
977 3283 1040 3361 Qui
1062 3223 1182 3348 coffin-

221 3367 286 3432 dati
308 3393 328 3434 a
351 3369 487 3435 Caesare
510 3370 731 3456 stipendioque
758 3369 866 3434 donati
888 3369 929 3432 ad
950 3368 1090 3453 reliquos
1113 3391 1186 3455 per-

221 3451 314 3538 fugas
329 3455 536 3521 dedueuntur.
553 3455 695 3534 Quorum
716 3458 890 3519 orationem
905 3454 1050 3518 celeriter
1064 3457 1186 3520 veritas
