2532 3968
400 247 536 315 COMM.
560 249 638 314 vm
659 247 753 316 OAP.
775 249 869 316 5-8.
1053 249 1115 315 195

154 421 186 484 Α
200 419 314 507 quibus
333 442 429 506 quum
444 429 611 506 quaereret
622 421 751 504 Caesar,
775 443 837 508 quo
860 420 930 485 loco
945 419 1113 488 multitudo

156 515 240 570 essct
260 505 502 571 Bellovacorum
532 506 657 594 quodve
685 514 769 590 esset
798 505 965 571 tonsilium
993 527 1113 592 eorum,

154 591 352 656 inveniebat:
367 590 556 675 Bellovacos
571 613 691 675 omnes,
708 593 762 678 qui
777 613 864 656 arma
877 591 959 656 ferre
973 601 1114 678 possent,

154 680 188 741 in
209 699 307 741 unum
328 676 432 742 locum
455 680 657 760 convenisse,
680 678 818 762 itemque
840 676 1026 760 Ambianos,
1048 677 1114 742 Au·

154 761 266 846 lercos,
283 761 420 846 Caletos,
436 761 659 846 Velliocasses,
674 763 864 846 Atrebates,
880 762 985 827 locum
1000 763 1114 828 castris
1177 843 1179 850 k

155 846 317 912 excelsum
357 850 391 912 in
432 847 514 912 silve
554 848 750 913 circumdata
791 847 908 935 palude
945 847 1016 912 dele
1040 851 1113 931 sse,

155 933 379 1020 impedimenta
412 936 517 998 omnia
550 936 583 998 in
615 933 783 999 ulteriores
809 933 908 999 'silvas
932 871 1112 998 contrffisse.

154 1017 342 1105 Complures
365 1041 436 1084 esse
479 1021 616 1106 rincipes
638 1019 716 1086 belli
738 1029 901 1103 auctores,
931 1018 989 1084 sed
1009 1018 1113 1084 multi-

154 1103 295 1168 tudinem
309 1107 448 1170 maxime
457 1042 580 1171 dorreo
592 1105 821 1192 obtemperare,
845 1096 930 1191 quod
945 1106 975 1171 ei
990 1125 1113 1169 summo

154 1211 224 1254 esse
240 1189 311 1255 odio
326 1213 443 1256 nomen
457 1191 567 1277 populi
580 1191 715 1256 Romani
731 1189 970 1256 intellexissent.
997 1189 1113 1255 Paucis

153 1285 226 1340 ante
241 1274 353 1340 diebus
370 1299 411 1340 ex
425 1275 474 1340 his
487 1277 598 1341 castris
609 1275 794 1342 Atrebatem
805 1275 984 1340 Commium
996 1275 1113 1340 disces·

154 1363 232 1425 sisse
254 1361 296 1426 ad
317 1361 431 1428 auxilia
447 1361 677 1429 Germanorum
701 1361 904 1446 adducenda5
927 1383 1060 1448 quorum
1082 1368 1114 1427 et

152 1447 296 1510 vicinitas
317 1449 432 1534 propin

152 1533 290 1596 stituisse
318 1542 423 1596 autem
434 1472 639 1599 qBellouacos
670 1535 809 1598 omnium
834 1535 1011 1619 principum
1040 1543 1118 1598 con-¹

152 1639 263 1701 sensu,
297 1640 420 1684 summa
445 1618 549 1704 plebis
579 1619 766 1706 cupiditate,
801 1619 843 1704 si,
877 1626 913 1682 ut
944 1618 1112 1701 diceretur,

153 1699 367 1768 Caesareum
388 1704 489 1769 tribus
512 1704 690 1792 legionibus
710 1705 852 1788 veniret,
876 1703 989 1769 offerre
1012 1724 1047 1767 se
1070 1702 1113 1768 ad

151 1789 381 1873 dimicandum,
409 1811 451 1854 ne
476 1791 639 1855 miseriore
662 1812 700 1854 ac
722 1789 849 1855 duriore
871 1797 983 1875 postea
1005 1787 1113 1853 eondi-

149 1875 236 1939 tione
272 1897 344 1939 cum
380 1884 446 1941 toto
475 1876 616 1940 exercitu
649 1875 811 1942 decertare
844 1881 1050 1961 cogerentur,
1084 1874 1112 1939 si

150 1961 284 2025 maiores
296 1960 403 2046 copias
419 1960 598 2045 adduceret,
608 1961 651 2024 ‘in
666 1982 703 2025 eo
716 1960 789 2026 loco
800 1964 1000 2047 permanere,
1017 1980 1112 2047 quem

150 2044 359 2132 delegissent,
388 2045 593 2132 pabulatione
620 2055 742 2130 autem,
771 2068 851 2133 quae
879 2055 1009 2132 propter
1035 2045 1112 2109 anni

149 2139 274 2216 tempus
296 2152 393 2217 quum
415 2133 531 2219 exigua
552 2141 620 2196 tum
642 2132 776 2198 disiecta
798 2140 895 2213 esset,
920 2140 951 2196 et
972 2130 1110 2195 frumen·
1147 2149 1150 2155 ·

148 2218 268 2366 {atione
301 2227 332 2281 et
357 2215 480 2304 reliquo
510 2227 686 2284 commeatu
717 2239 759 2282 ex
790 2217 915 2282 insidiis
941 2215 1110 2303 prohibere

177 2323 315 2368 omanos.

213 2387 242 2452 8.
279 2387 369 2468 Quae
398 2386 518 2472 Caesar
548 2387 817 2454 consentientibus
845 2387 990 2474 pluribus
1013 2410 1110 2474 quum

140 2483 317 2560 cognosset
328 2483 423 2562 atque
435 2495 482 2558 ea,
499 2497 580 2561 quae
593 2483 855 2561 proponerentur,
872 2472 1003 2539 consilia
1012 2472 1110 2559 plena

148 2557 336 2645 prudentiae
358 2558 516 2647 longeque
532 2583 551 2623 a
565 2561 742 2626 temeritate
762 2557 971 2624 barbarorum
985 2567 1109 2624 remota

150 2666 221 2710 esre
241 2644 414 2729 iudicaret,
445 2645 591 2710 omnibus
613 2646 708 2714 rebus
731 2643 967 2709 inserviendum
990 2647 1107 2726 statut,

150 2747 212 2816 quo
235 2729 369 2795 celerius
386 2731 487 2796 hostis
510 2740 688 2818 contempta
704 2753 762 2796 sua
787 2732 946 2818 paucitate
988 2728 1108 2794 rodiret

149 2815 182 2878 in
198 2816 306 2880 aciem.
338 2815 514 2901 Singularis
530 2818 614 2880 enim
628 2818 753 2882 virtutis
764 2817 949 2882 veterrimas
964 2753 1107 2900 lbgiones

153 2907 213 2980 VII,
236 2908 313 2982 VIII,
337 2909 375 2964 lx
396 2901 550 2986 habebat,
580 2923 721 2968 summae
744 2903 812 2988 spei
834 2900 1039 2986 delectaeque
1060 2901 1107 2964 iu·

148 2987 286 3052 ventutis
314 2993 368 3062 XI,
403 3009 485 3075 quae
513 2996 626 3054 octavo
657 2989 722 3053 iam
750 2988 790 3050 sti
813 2986 906 3052 endio
934 2995 1042 3051 tamen
1073 2986 1108 3050 in

149 3070 315 3138 collatione
337 3071 531 3159 reliquarum
548 3073 698 3139 ¹nondum
720 3009 854 3138 eandem
875 3071 1042 3136 vetustatis
1069 3092 1106 3135 ac
1136 3112 1141 3120 ·

147 3157 271 3222 virtutis
294 3169 422 3245 ceperat
443 3159 632 3308 opinionem.
669 3158 782 3306 Itarpue
805 3157 936 3222 consilio
952 3155 1105 3222 advocato

147 3241 243 3308 rebus
264 3245 315 3328 iis,
338 3265 419 3331 quae
442 3267 461 3308 a
505 3266 540 3308 se
563 3253 669 3310 essent
691 3243 731 3317 de
745 3252 825 3327 atae,
848 3241 994 3308 omuibus
1010 3263 1105 3326 expo

147 3329 215 3392 sitis
237 3330 359 3394 animos
388 3329 595 3394 multitudinis
618 3329 792 3395 confirmat.
836 3327 872 3392 Si
893 3327 974 3392 forte
996 3326 1105 3392 hostes

147 3415 240 3477 trium
254 3414 414 3501 legionum
428 3437 560 3480 numero
575 3426 683 3502 posset
699 3413 812 3480 elicere
828 3413 869 3477 ad
881 3411 1103 3498 dimicandum,

147 3501 280 3585 agmins
292 3500 433 3567 ordinem
443 3501 489 3566 ita
499 3502 668 3586 constituit,
681 3510 716 3568 ut
726 3499 810 3587 legio
822 3500 964 3649 slepaima,
981 3509 1103 3583 octava,

454 1470 496 1512 ua
518 1457 550 1512 et
570 1447 738 1512 multitudo
761 1458 846 1512 esset
865 1446 998 1512 infinita.
1029 1445 1113 1511 Con·
1228 1508 1231 1514 ,
