2562 3966
220 159 223 164 ⁴
259 290 261 294 ,
358 211 492 278 oonn.
510 213 577 294 uu
599 215 692 281 oar.
716 216 850 283 27-31.
1023 217 1083 282 rar

123 406 198 448 men
231 406 266 449 se
299 383 443 449 celeriter
477 384 649 451 maioribus
685 388 857 453 commodis
891 397 1083 458 sanaturum.

123 471 207 535 Nam
229 491 311 558 quae
344 470 385 534 ab
406 470 465 536 reli
487 473 536 536 uis
559 471 660 536 Gallis
689 475 833 538 civitates
872 474 1082 556 dissentirent,

124 556 182 620 has
198 577 257 620 sua
271 555 470 642 diligentiae
495 558 672 622 'unctum
694 568 788 646 atque
804 582 901 625 unum
917 559 1083 624 consilium

124 643 220 707 totius
243 639 368 706 Galbae
391 642 591 727 effecturum,
622 644 711 710 cuius
734 645 903 709 consensui
934 667 975 708 ne
998 642 1083 711 orbis

125 727 254 815 quidem
275 737 432 792 terrarum
456 730 564 814 possit
586 727 758 813 obsistere;
788 730 884 818 idque
918 753 952 794 se
984 752 1083 816 prope

123 815 190 878 iam
212 811 359 878 effectum
379 811 507 878 habere.
559 813 686 880 Interea
707 838 843 902 aequum
877 839 947 880 esse
981 815 1021 880 ab
1043 817 1083 880 iis

125 900 300 963 communis
323 897 432 963 salutis
455 920 551 965 causa
571 900 746 986 impetrari,
776 913 812 973 ut
834 912 939 966 castra
960 903 1084 980 munire¹

124 985 335 1068 instituerent,
359 1005 421 1070 quc
442 983 565 1050 facilius
587 987 768 1072 repentinos
791 985 927 1053 hostium
946 985 1084 1073 impetus

125 1071 325 1134 sustinerent.
1035 1153 1036 1158 η

189 1156 241 1220 30.
262 1155 337 1220 Fuit
358 1155 437 1221 haec
459 1157 557 1222 oratio
579 1179 644 1222 non
665 1157 790 1243 ingrata
805 1157 916 1240 Gallis,
940 1168 971 1230 et
986 1159 1091 1224 mexi·'

125 1263 193 1324 me,
227 1241 311 1328 quod
339 1242 408 1327 ipse
441 1243 546 1306 animo
579 1242 932 1320 nondeiece1·attanto
955 1255 1083 1330 accepto

125 1327 325 1392 incommodo
347 1349 451 1412 neque
474 1350 508 1392 se
530 1328 564 1392 in
586 1328 743 1393 occultum
770 1329 936 1394 abdiderat
959 1341 990 1394 et
1012 1353 1084 1396 con·

126 1422 271 1498 spectum
292 1412 501 1476 multitudinis
522 1414 665 1498 fugerat3
693 1414 828 1501 plusque
851 1417 955 1479 animo
977 1415 1082 1501 provi·

127 1498 203 1562 dere
230 1507 261 1562 et
288 1499 484 1584 praesentire
511 1498 763 1582 existimabatur,
794 1501 878 1585 quod
905 1502 1085 1586 reintegra

125 1586 228 1670 primo
248 1583 481 1649 incendendum
495 1583 677 1668 Avaricum,
699 1596 771 1672 post
786 1584 997 1669 deserendum
1013 1607 1084 1650 cen-

126 1678 243 1734 suerat.
286 1670 396 1755 Itaque
418 1679 453 1734 ut
472 1670 668 1756 reliquorum
696 1673 921 1820 imperatorum
950 1693 1001 1734 res
1031 1670 1084 1734 ad·

125 1777 240 1821 versae
262 1757 479 1822 auctoritatem
501 1757 655 1840 minuunt,
679 1757 725 1820 sic
769 1757 838 1820 nius
862 1778 903 1820 ex
925 1758 1082 1822 contrario

127 1841 265 1926 dignitas
278 1841 486 1906 'incommodo
509 1851 639 1928 accepto
670 1843 705 1906 in
727 1842 794 1906 dies
818 1841 1002 1928 augebatur.
1036 1841 1084 1906 Si·

126 1925 194 1990 mul
215 1927 250 1990 in
271 1949 359 2012 spem
380 1926 552 1992 veniebant
574 1929 641 1992 eius
664 1927 869 1993 affirmatione
892 1927 932 1994 de
954 1927 1013 1994 reli
1035 1929 1084 1992 uis

15 2019 16 2022 ’
128 2011 337 2098 adiungendis
360 2012 555 2096 civitatibus;
578 2015 777 2100 primumque
793 2036 830 2078 eo
845 2023 987 2100 tempore
1031 2013 1085 2078 alli

128 2107 233 2162 castra
254 2100 376 2164 munire
408 2099 611 2163 instituerunt
639 2107 670 2162 et
697 2101 743 2164 sic
772 2107 845 2163 sunt
874 2101 979 2166 animo
1003 2123 1085 2166 'con-

129 2185 268 2266 sternati,
291 2184 434 2250 homines
456 2185 571 2248 insueti
592 2183 720 2267 laboris,
744 2195 779 2250 ut
800 2188 914 2269 omnia,
931 2208 1012 2271 quae
1028 2188 1084 2250 im·

127 2278 323 2356 perarantur,
347 2270 409 2335 sibi
429 2269 579 2355 patienda
601 2271 827 2335 existimarent.

192 2355 244 2419 31.
266 2355 334 2419 Nec
355 2358 468 2437 minus,
492 2377 587 2442 quarn
610 2364 658 2419 est
678 2354 837 2441 pollicitus
849 2405 858 2440 ,
880 2355 1085 2442 Vercingeto-

128 2441 179 2504 rix
201 2440 305 2506 animo
328 2439 501 2522 laborabat,
524 2450 560 2504 ut
573 2440 714 2542 reliquas
729 2443 871 2507 civitates
887 2440 1083 2529 adiungeret,

128 2535 223 2612 atque
246 2548 299 2591 eas
322 2526 414 2590 donis
436 2525 779 2613 pollicitationibusque
802 2527 970 2592 alliciebat.
999 2527 1086 2600 Huic

127 2613 175 2676 rei
196 2611 326 2677 idoneos
348 2611 490 2677 homines
513 2611 688 2698 deligebat,
713 2636 844 2698 quorum
867 2613 998 2700 quisque
1031 2624 1086 2678 aut

129 2699 270 2762 oratione
291 2697 425 2762 subdola
446 2708 501 2762 aut
522 2697 659 2762 amicitia
672 2698 820 2762 facillimo
836 2721 951 2784 capere
965 2708 1083 2784 posset.
1130 2735 1138 2742 -

129 2781 194 2862 Qui
214 2782 350 2848 Avarico
367 2791 545 2869 expugnato
559 2783 750 2870 refugerant,
767 2783 934 2848 armandos
949 2785 1084 2848 vestien-

130 2867 251 2955 dosque
274 2877 378 2952 ourat3
415 2869 524 2951 simul,
552 2879 587 2932 ut
609 2869 788 2934 deminutae
817 2871 926 3018 copiae
947 2870 1084 2937 redinte-¹

129 2964 304 3038 gratentur,
326 2956 461 3041 imperat
489 2965 609 3018 certum
630 2975 797 3018 numerum
818 2958 862 3018 mi
875 2957 953 3019 itum
977 2957 1085 3020 eivita-

128 3038 229 3122 tibus,
254 3052 346 3126 quern
375 3049 407 3105 et
434 3061 529 3126 quarn
561 3049 634 3103 ante
662 3039 746 3104 diem
778 3042 811 3104 in
839 3051 943 3106 castra
970 3039 1085 3105 adduci

129 3124 214 3206 velit,
238 3127 415 3210 sagittarios
438 3147 479 3190 ue
501 3147 626 3207 omnes,
651 3147 783 3212 quorum
806 3136 873 3191 erat
894 3148 1083 3213 permagnus

129 3233 279 3276 numerus
307 3213 341 3274 in
364 3149 484 3294 Gallia,
514 3211 657 3296 conquiri
687 3219 718 3274 et
747 3211 787 3276 ad
817 3235 851 3275 se
880 3213 961 3275 mitti
987 3210 1083 3276 iubet

129 3295 189 3358 His
206 3295 306 3362 ¹rebus
330 3296 476 3361 celeriter
497 3296 539 3378 id,
563 3296 648 3383 quod
669 3296 799 3378 Auarici
822 3297 1010 3382 deperierat,
1030 3319 1083 3360 ex·

152 3379 241 3444 letur.
285 3381 418 3446 Interim
432 3381 658 3464 Teutomatus,
682 3381 877 3462 Olloviconis
899 3381 997 3464 filius,
1026 3404 1085 3447 rex

129 3403 357 3552 llitiobrigum,
387 3469 476 3532 cuius
503 3477 594 3554 pater
623 3466 663 3532 ab
693 3478 805 3532 senatu
836 3477 943 3534 nostro
965 3469 1098 3534 amicus·
