2538 3978
379 218 513 319 noun
535 219 584 284 111
606 218 699 285 cnr.
724 219 857 284 11-13.
1051 218 1092 284 aa

134 387 260 453 leniam
278 399 386 475 petere
408 393 519 476 coepit,
541 413 582 456 nc
605 390 725 473 Caesar
746 413 820 456 orae
847 391 1022 470 maritimae
1050 391 1092 454 ci-

135 475 254 538 vitates
277 485 453 561 occuparet.
475 476 519 538 At
541 477 595 543 ille
625 477 775 563 expositis
802 475 952 540 militibus
982 475 1094 542 eodem

28 583 32 592 ·
135 559 192 623 die
208 558 337 624 Oricum
350 561 565 647 proficiscitur.
589 561 660 642 Quo
676 586 772 648 quum
793 564 941 643 venisset,
963 560 1001 625 L.
1018 562 1094 626 Tor-

136 654 263 732 quatuS,
302 649 334 711 ui
348 650 436 711 iussu
450 647 581 734 Pompei
596 673 614 714 o
636 649 710 734 pido
727 658 874 734 praeerat
889 647 1094 734 praesidium·

136 753 202 816 que
224 731 268 794 ibi
281 671 509 796 (l'arthinorum
531 671 676 814 habebat,
700 745 830 798 conatus
852 735 952 819 portis
980 733 1094 796 clausis

136 817 291 902 oppidum
306 818 484 900 defendere,
508 843 604 906 quum
621 819 761 884 Graecos
783 842 907 882 murum
923 819 1095 882 ascendere

136 912 234 988 atque
258 925 345 967 arma
367 926 481 990 capere
503 905 634 988 iuberet,
657 904 705 968 illi
725 915 829 969 autem
852 927 886 968 se
908 913 1018 968 contra
1039 905 1095 966 im-

137 989 262 1072 perium
294 989 404 1074 populi
434 989 567 1054 Romani
599 1001 791 1076 pugnaturos
829 1013 899 1054 esse
931 998 1094 1075 negarent,

140 1073 289 1158 oppidani
312 1085 416 1138 autem
438 1079 533 1138 etiarn
556 1099 613 1140 sua
635 1086 746 1161 sponte
762 1075 932 1140 Caesarem
952 1076 1094 1160 recipere

102 1165 105 1172 ’
138 1171 346 1242 conarentur,
381 1160 555 1246 desperatis
578 1162 722 1227 omnibus
746 1162 872 1226 auxiliis
894 1171 1000 1246 portas
1023 1181 1095 1245 apc-

121 1245 203 1318 ,ruit
226 1254 313 1308 etse
336 1255 431 1332 atque
454 1248 603 1332 oppidum
626 1247 755 1312 Caesari
777 1248 896 1312 dedidit
918 1246 1095 1311 incolumis·

138 1349 202 1414 que
219 1329 264 1392 'ab
288 1352 325 1394 eo
348 1343 552 1397 conservatus
575 1343 632 1397 est

206 1415 255 1478 12.
277 1415 416 1502 Recepto
440 1416 558 1482 Caesar
581 1421 676 1484 Orico
697 1417 987 1503 nulla-interposita
1007 1438 1097 1480 mora

140 1497 341 1584 Apolloniam
353 1503 572 1588 proficiscitur.
588 1504 695 1571 „Cuius
707 1505 845 1569 adventu
857 1503 962 1567 audito
977 1501 1014 1565 L.
1027 1507 1098 1565 stae

139 1584 258 1668 berius,
282 1589 335 1673 qui
356 1588 400 1652 ibi
416 1600 573 1674 praeerat,
597 1613 711 1678 aquam
727 1599 924 1674 comportare
939 1591 972 1652 in
988 1610 1095 1652 arcem

140 1682 236 1756 atque
259 1695 329 1736 earn
351 1677 474 1738 munire
497 1674 687 1762 obsidesque
710 1675 750 1740 ab
772 1673 1026 1760 Apolloniatibus
1042 1695 1096 1736 ex-

140 1757 229 1842 igere
251 1761 361 1843 coepit.
385 1759 437 1823 Illi
458 1783 535 1824 vero
559 1761 687 1826 daturos
711 1784 744 1824 se
766 1782 885 1845 negare
907 1781 1011 1844 neque
1025 1781 1097 1843 por·

141 1851 191 1906 tas
214 1844 334 1907 consuli
355 1845 575 1930 praeclusuros
611 1869 715 1932 neque
752 1847 812 1910 sibi
841 1845 991 1910 iudicium
1014 1866 1097 1907 sum·
1130 1909 1136 1922 x

140 1937 250 2012 pturos
272 1939 381 1994 contra
398 1941 495 2016 atque
518 1935 618 1997 omnis
640 1932 734 1996 ltalia
764 1931 962 2018 populusque
984 1930 1096 1993 Roma

141 2035 202 2076 nus
231 2014 443 2082 iudicavisset.
488 2017 631 2096 Quorum
663 2019 790 2103 cognita
822 2017 983 2081 voluntate
1016 2013 1098 2078 clam

140 2097 280 2184 profugit
305 2099 475 2186 Apollonia
507 2103 680 2168 Staberius.
713 2103 765 2167 llli
794 2103 835 2167 ad
858 2102 1031 2167 Gaesarem
1053 2098 1097 2164 le-

139 2193 233 2268 gatos
262 2188 392 2250 mittunt
425 2189 603 2275 oppidoque
629 2191 796 2276 recipiunt.
834 2187 902 2253 Hos
926 2195 1098 2271 sequuntur

142 2269 353 2354 Bullidenses,
376 2273 540 2338 Amantini
562 2285 593 2339 et
614 2275 673 2339 reli
697 2297 757 2340 uae
779 2273 930 2338 finitimae
953 2275 1096 2336 civitates

140 2365 269 2442 totaque
291 2357 406 2443 Epiros
423 2370 460 2422 -et
481 2359 593 2447 legatis
609 2361 650 2424 ad
666 2299 838 2424 gaesarem
859 2359 973 2440 missis,
1013 2379 1096 2444 quae

141 2443 321 2527 imperaret,
344 2443 481 2508 facturos
504 2446 700 2532 pollicentur.

208 2528 257 2593 13.
280 2529 324 2592 At
344 2530 514 2616 Pompeius
537 2534 671 2617 cognitis
692 2532 742 2595 his
764 2531 869 2612 rebus,
899 2552 979 2616 quae
1008 2537 1099 2592 erant

143 2611 232 2678 Orici
267 2626 362 2700 atque
393 2616 583 2702 Apolloniae
612 2627 711 2703 gesta,
748 2615 948 2703 Dyrrhachio
984 2616 1098 2678 timens

142 2699 264 2764 diurnis
288 2723 325 2764 eo
346 2705 573 2788 nocturnisque
595 2703 759 2768 itineribus
789 2703 958 2767 contendit.
997 2699 1098 2764 Simul

143 2783 263 2850 Caesar
293 2790 552 2874 appropinquare,
577 2789 754 2854 dicebatur:
791 2797 959 2872 tantusque
995 2796 1098 2850 terror

142 2872 253 2935 incidit
275 2875 342 2936 eius
372 2877 531 2957 exercitui,
567 2873 651 2962 quod
678 2897 853 2959 properans
882 2884 1006 2936 noctem
1034 2870 1099 2933 diei

144 2959 351 3022 coniunxerat
371 2981 474 3046 neque
496 2963 557 3025 iter
579 2961 799 3041 intermiserat,
821 2970 857 3023 ut
870 2980 971 3044 paene
988 2977 1097 3020 omnes

145 3065 187 3107 ex
208 3043 236 3106 E
260 3045 307 3108 iro
330 3045 533 3130 finitimisque
555 3045 737 3130 regionibus
761 3047 852 3131 signa
872 3043 1095 3128 relinquerent,

131 3067 322 3214 ,complbres
345 3153 433 3195 arma
454 3133 645 3216 proiicerent
667 3154 704 3196 ac
725 3132 818 3216 fugae
846 3129 949 3192 simile
970 3131 1030 3192 iter
1051 3129 1096 3190 vi-

142 3213 280 3278 deretur.
319 3215 384 3280 Sed
420 3241 516 3302 quum
544 3240 643 3302 prope
672 3216 905 3302 Dyrrhachium
926 3214 1096 3298 Pompeius

144 3302 337 3374 constitisset
348 3311 513 3390 castraque
525 3305 638 3367 metari
649 3303 800 3385 iussisset,
820 3301 985 3386 perterrito
1002 3299 1097 3362 etiam

144 3394 211 3450 tum
233 3388 374 3450 exercitu
395 3391 544 3474 princeps
566 3389 725 3452 Labienus
747 3387 889 3473 procedit
903 3388 1047 3470 iuratque
1063 3405 1096 3447 se

143 3491 217 3534 eum
238 3494 304 3536 non
325 3473 524 3538 deserturum
546 3475 743 3561 eundemque
772 3496 895 3622 casurp*
910 3471 1097 3550 subiturum,
