2538 3978
181 253 244 319 124
466 252 528 316 Du
549 251 693 318 BELLO
716 249 849 317 CIVlLl
872 289 878 303 ·

179 425 324 513 plerique
353 431 426 487 sunt
454 446 494 488 ex
523 423 653 488 coloniis
683 423 928 509 Transpadanis.
962 423 1011 486 Ao
1032 432 1148 489 tamen

202 511 265 576 uod
276 512 334 574 fuit
353 507 476 576 roboris
488 508 610 572 duobus
625 509 754 594 proeliis
768 509 999 594 Dyrrhachinis
1010 508 1145 574 interiit

213 617 270 660 aec
293 616 388 681 quum
411 592 554 676 dixisset,
577 595 695 660 iurarit
722 617 755 658 se
777 596 838 658 nisi
860 595 1012 658 victorem
1032 594 1067 656 in
1089 615 1146 658 ca-

180 690 247 744 stra
267 703 331 744 non
353 700 556 743 reversurum
587 679 799 766 reliquosque,
828 690 863 744 ut
883 677 969 742 idem
989 679 1143 762 iacerent,

183 767 325 830 hortatus
355 771 413 830 est.
450 763 521 828 Hoc
547 763 681 828 laudans
709 765 878 849 Pompeius
900 764 985 829 idem
1006 765 1143 846 iuravit;

182 873 243 914 nec
263 872 340 915 vero
363 871 405 912 cx
426 848 555 936 reliquis
577 850 635 914 fuit
664 851 840 950 quisquam,
893 851 925 912 ui
951 851 1055 912 iurare
1083 847 1143 912 du·

180 936 306 1000 bitaret.
328 938 413 1000 llaec
435 956 531 1020 quum
552 934 636 998 facta
656 944 728 998 sunt
742 958 776 998 111
790 873 930 1016 consilio,
953 955 1068 1019 magna
1082 955 1143 1019 spc

180 1029 212 1085 et
244 1020 364 1084 laetitia
396 1020 535 1084 omnium
567 1019 742 1084 discessum
775 1028 837 1102 est3
872 1042 910 1083 ac
942 1021 1005 1082 iam
1034 1020 1142 1083 animo

181 1107 347 1170 victoriam
374 1104 617 1189 praecipiebant,
646 1103 731 1191 quod
753 1105 793 1168 de
815 1127 851 1169 re
873 1114 961 1168 tanta
983 1114 1014 1168 et
1035 1126 1054 1166 a
1074 1113 1139 1168 tam

178 1192 278 1275 perito
306 1191 494 1274 imperatore
522 1189 600 1253 nihil
622 1190 739 1254 frustra
760 1191 939 1254 confirmari
953 1189 1138 1266 ‚videbatur

244 1275 294 1338 88.
319 1273 447 1355 Caesar,
461 1295 558 1359 quum
571 1275 703 1376 Pompei
718 1277 829 1340 castris
845 1276 1137 1360 appropinquasset,

97 1394 102 1404 ·
180 1359 321 1424 adhunc
341 1359 470 1424 modum
493 1361 592 1424 aciem
615 1382 683 1424 erus
698 1362 883 1424 instructam
906 1359 1138 1424 animadvertit

180 1445 281 1508 Erant
313 1447 345 1508 in
379 1445 505 1508 sinistro
539 1467 638 1509 cornu
668 1445 810 1531 legiones
844 1447 925 1511 duae
958 1444 1091 1509 traditae
1120 1465 1141 1508 a

179 1529 317 1596 Caesare
339 1530 427 1593 initio
450 1529 655 1594 dissensionis
678 1553 720 1594 ex
741 1529 1030 1611 senatusconsult03
1068 1543 1139 1612 ,ua-

177 1638 247 1678 rum
270 1637 334 1679 una
354 1615 469 1700 prima,
486 1614 586 1678 altera
600 1617 693 1680 tertia
706 1615 933 1701 appellabatur.
955 1615 994 1678 In
1017 1553 1139 1680 eohoo

177 1703 247 1786 ipse
269 1709 336 1766 erat
364 1701 542 1786 Pompeius.
573 1701 709 1765 Mediam
738 1702 840 1768 aciem
867 1702 973 1785 Scipio
1001 1721 1073 1764 cum
1094 1699 1139 1763 le·

178 1785 325 1871 gionibus
348 1785 487 1870 Syriacis
510 1785 647 1851 tenebat
665 1785 842 1851 Ciliciensis
865 1786 948 1872 legio
972 1787 1139 1850 coniuncta

178 1892 251 1935 cum
273 1869 453 1935 cohortibus
476 1871 636 1956 Hispanis,
660 1893 739 1957 quas
761 1871 921 1958 traductas
943 1871 983 1934 ab
1006 1871 1137 1934 Afranio

178 1955 351 2039 docuimus,
373 1957 406 2020 in
430 1956 540 2020 dextro
567 1978 665 2020 cornu
688 1965 778 2020 erant
800 1957 979 2022 collocatae.
1003 1957 1071 2020 Has
1086 1955 1138 2018 fir·

178 2041 336 2104 missimus
359 2063 393 2106 se
415 2039 535 2105 habere
560 2041 731 2126 Pompeius
753 2041 964 2106 existimabat.
987 2041 1137 2127 Reliquas

178 2127 262 2190 inter
284 2128 385 2190 aciem
406 2125 543 2189 mediam
571 2148 751 2213 cornuaque
772 2129 971 2192 interiecerat
992 2147 1137 2190 numero·

179 2232 240 2296 que
263 2211 406 2275 cohortes
431 2217 477 2274 CX
507 2211 700 2296 expleverat.
724 2211 814 2276 Haec
836 2222 926 2276 erant
946 2211 1034 2276 milia
1054 2218 1136 2292 ΧΠ,

179 2305 380 2360 evocatorum
403 2298 527 2360 circiter
549 2296 620 2379 duo,
649 2320 729 2384 quae
752 2319 793 2360 ex
815 2297 1024 2362 beneficiariis
1048 2317 1137 2381 supe·

178 2382 297 2445 riorum
319 2383 515 2446 exercituum
544 2380 585 2445 ad
614 2404 686 2446 eum
713 2393 941 2465 convenerant3
969 2405 1052 2468 quae
1073 2391 1137 2446 tota

176 2466 246 2530 acie
274 2465 474 2552 disperserat.
511 2466 661 2553 Reliquas
684 2467 841 2533 cohortes·
858 2476 905 2530 Vll
929 2469 1041 2532 castris
1064 2489 1134 2552 pro-

178 2551 367 2637 pinquisque
391 2550 526 2616 castellis
548 2552 705 2638 praesidio
736 2553 944 2639 disposuerat.
980 2552 1134 2617 Dextrum

178 2657 276 2701 cornu
305 2639 372 2702 eius
400 2639 486 2702 rivus
516 2638 645 2724 quidam
671 2639 828 2724 impeditis
858 2639 936 2724 ripis
959 2636 1133 2714 muniebat}

200 2743 273 2786 uam
295 2722 335 2786 ob
359 2743 486 2788 causam
509 2731 655 2787 cunctum
671 2726 853 2809 equitatum,
876 2725 1055 2809 sagittarios
1070 2722 1145 2786 fun.

179 2745 363 2893 ditoresque
386 2829 494 2872 omnes
518 2809 644 2873 sinistro
667 2830 765 2874 cornu
787 2808 957 2873 obiecerat

242 2892 293 2956 89.
318 2893 438 2958 Caesar
452 2895 596 2979 superius
610 2894 787 2958 institutum
803 2917 933 2959 servans
944 2901 970 2956 X
982 2893 1134 2978 legionem

176 2979 211 3042 in
243 2977 355 3042 dextro
392 3000 500 3060 cornu,
537 3001 653 3046 nonam
688 2980 721 3042 in
754 2980 880 3044 sinistro
917 2979 1133 3058 collocaverat,

176 3063 301 3130 tametsi
325 3072 393 3128 erat
414 3063 647 3150 Dyrrhachinis
675 3063 804 3150 proehis
834 3065 1039 3131 vehementer
1060 3071 1134 3127 atte-

176 3159 283 3232 nuata,
307 3158 338 3214 et
360 3149 433 3214 huic
456 3151 503 3212 sic
524 3148 668 3214 adiunxit
689 3159 843 3232 octavam,
866 3159 901 3227 ut
922 3172 1023 3236 paene
1043 3169 1136 3214 unam

177 3255 221 3298 ex
242 3233 366 3321 duabus
396 3235 544 3316 efficeret,
575 3244 669 3322 atque
698 3234 830 3302 alteram
860 3235 952 3300 alteri
979 3233 1135 3320 praesidio

177 3339 249 3382 esso
282 3320 425 3384 iusserat.
460 3318 613 3384 Cohortes
645 3322 679 3386 in
713 3323 781 3384 acie
819 3327 918 3383 LXXV
954 3320 1135 3385 constitutas

176 3401 324 3493 habebat,
348 3427 428 3492 quae
451 3426 573 3470 summa
595 3415 662 3470 erat
688 3405 810 3470 milium
832 3413 924 3488 xxm
947 3405 1091 3470 cohortes
1111 3408 1136 3466 ll

180 3489 291 3553 castris
314 3489 474 3576 praesidio
489 3489 670 3578 reliquerat.
686 3491 819 3558 Sinistro
843 3513 939 3556 cornu
953 3491 1134 3570 Antonium,
