<?xml version="1.0" encoding="UTF-8"?>
<!DOCTYPE html PUBLIC "-//W3C//DTD XHTML 1.0 Transitional//EN"
    "http://www.w3.org/TR/xhtml1/DTD/xhtml1-transitional.dtd">
<html xmlns="http://www.w3.org/1999/xhtml" xml:lang="en" lang="en">
 <head>
  <title>
</title>
<meta http-equiv="Content-Type" content="text/html;charset=utf-8" />
  <meta name='ocr-system' content='tesseract 3.04.00' />
  <meta name='ocr-capabilities' content='ocr_page ocr_carea ocr_par ocr_line ocrx_word'/>
</head>
<body>
  <div class='ocr_page' id='page_1' title='image "./ciuliicaesarisc01hirtgoog_0081.png"; bbox 0 0 2534 3970; ppageno 0'>
   <div class='ocr_carea' id='block_1_1' title="bbox 139 225 867 298">
    <p class='ocr_par' dir='ltr' id='par_1_1' title="bbox 139 225 867 298">
     <span class='ocr_line' id='line_1_1' title="bbox 139 225 867 298; baseline 0 0"><span class='ocrx_word' id='word_1_1' title='bbox 139 225 143 230; x_wconf 66' lang='grc'>’</span> <span class='ocrx_word' id='word_1_2' title='bbox 171 233 211 298; x_wconf 68' lang='lat'><strong>76</strong></span> <span class='ocrx_word' id='word_1_3' title='bbox 426 231 488 295; x_wconf 81' lang='lat' dir='ltr'><strong>DE</strong></span> <span class='ocrx_word' id='word_1_4' title='bbox 509 231 653 298; x_wconf 82' lang='lat' dir='ltr'>BELLO</span> <span class='ocrx_word' id='word_1_5' title='bbox 677 231 867 298; x_wconf 74' lang='lat' dir='ltr'>GALLIOO</span> 
     </span>
    </p>
   </div>
   <div class='ocr_carea' id='block_1_2' title="bbox 169 402 1124 725">
    <p class='ocr_par' dir='ltr' id='par_1_2' title="bbox 169 402 1124 725">
     <span class='ocr_line' id='line_1_2' title="bbox 169 402 1124 491; baseline 0 -23"><span class='ocrx_word' id='word_1_6' title='bbox 169 404 320 468; x_wconf 80' lang='lat' dir='ltr'>transisse</span> <span class='ocrx_word' id='word_1_7' title='bbox 341 426 446 490; x_wconf 90' lang='lat' dir='ltr'><strong>neque</strong></span> <span class='ocrx_word' id='word_1_8' title='bbox 466 404 587 491; x_wconf 91' lang='lat' dir='ltr'><strong>proelio</strong></span> <span class='ocrx_word' id='word_1_9' title='bbox 606 403 802 486; x_wconf 81' lang='lat' dir='ltr'><strong>interfirisse,</strong></span> <span class='ocrx_word' id='word_1_10' title='bbox 826 414 899 491; x_wconf 90' lang='lat' dir='ltr'><strong>post</strong></span> <span class='ocrx_word' id='word_1_11' title='bbox 920 402 1027 488; x_wconf 83' lang='lat' dir='ltr'><strong>fugam</strong></span> <span class='ocrx_word' id='word_1_12' title='bbox 1053 424 1124 470; x_wconf 88' lang='lat' dir='ltr'><strong>suo·</strong></span> 
     </span>
     <span class='ocr_line' id='line_1_3' title="bbox 169 488 1123 574; baseline -0.003 -20"><span class='ocrx_word' id='word_1_13' title='bbox 169 511 242 554; x_wconf 87' lang='lat' dir='ltr'><strong>rum</strong></span> <span class='ocrx_word' id='word_1_14' title='bbox 263 511 299 554; x_wconf 90' lang='lat' dir='ltr'><strong>se</strong></span> <span class='ocrx_word' id='word_1_15' title='bbox 319 497 407 554; x_wconf 87' lang='lat' dir='ltr'><strong>trans</strong></span> <span class='ocrx_word' id='word_1_16' title='bbox 430 489 574 553; x_wconf 80' lang='lat' dir='ltr'><strong>Rhenum</strong></span> <span class='ocrx_word' id='word_1_17' title='bbox 596 490 630 552; x_wconf 90' lang='lat' dir='ltr'><strong>in</strong></span> <span class='ocrx_word' id='word_1_18' title='bbox 651 488 732 553; x_wconf 88' lang='lat' dir='ltr'><strong>fines</strong></span> <span class='ocrx_word' id='word_1_19' title='bbox 754 489 1003 574; x_wconf 79' lang='lat' dir='ltr'><strong>Sugambrorum</strong></span> <span class='ocrx_word' id='word_1_20' title='bbox 1036 509 1123 552; x_wconf 86' lang='lat' dir='ltr'><strong>rece·</strong></span> 
     </span>
     <span class='ocr_line' id='line_1_4' title="bbox 169 573 1124 725; baseline 0.001 -88"><span class='ocrx_word' id='word_1_21' title='bbox 169 585 262 725; x_wconf 64' lang='lat' dir='ltr'><strong>perot</strong></span> <span class='ocrx_word' id='word_1_22' title='bbox 289 596 386 660; x_wconf 90' lang='lat' dir='ltr'><strong>seque</strong></span> <span class='ocrx_word' id='word_1_23' title='bbox 408 597 479 638; x_wconf 88' lang='lat' dir='ltr'><strong>cum</strong></span> <span class='ocrx_word' id='word_1_24' title='bbox 513 576 552 638; x_wconf 90' lang='lat' dir='ltr'><strong>iis</strong></span> <span class='ocrx_word' id='word_1_25' title='bbox 580 575 797 640; x_wconf 85' lang='lat' dir='ltr'><strong>coniunxerat.</strong></span> <span class='ocrx_word' id='word_1_26' title='bbox 841 573 895 638; x_wconf 90' lang='lat' dir='ltr'><strong>Ad</strong></span> <span class='ocrx_word' id='word_1_27' title='bbox 920 594 999 659; x_wconf 89' lang='lat' dir='ltr'><strong>quos</strong></span> <span class='ocrx_word' id='word_1_28' title='bbox 1027 594 1124 658; x_wconf 88' lang='lat' dir='ltr'><strong>quum</strong></span> 
     </span>
    </p>
   </div>
   <div class='ocr_carea' id='block_1_3' title="bbox 199 658 1123 746">
    <p class='ocr_par' dir='ltr' id='par_1_3' title="bbox 199 658 1123 746">
     <span class='ocr_line' id='line_1_5' title="bbox 199 658 1123 746; baseline 0.001 -23"><span class='ocrx_word' id='word_1_29' title='bbox 199 681 290 724; x_wconf 88' lang='lat' dir='ltr'><strong>aesar</strong></span> <span class='ocrx_word' id='word_1_30' title='bbox 318 661 445 724; x_wconf 89' lang='lat' dir='ltr'><strong>nuntios</strong></span> <span class='ocrx_word' id='word_1_31' title='bbox 474 661 626 740; x_wconf 80' lang='lat' dir='ltr'><strong>misisset,</strong></span> <span class='ocrx_word' id='word_1_32' title='bbox 661 661 714 744; x_wconf 92' lang='lat' dir='ltr'><strong>qui</strong></span> <span class='ocrx_word' id='word_1_33' title='bbox 736 658 940 746; x_wconf 78' lang='lat' dir='ltr'><strong>postularent,</strong></span> <span class='ocrx_word' id='word_1_34' title='bbox 969 679 1038 740; x_wconf 88' lang='lat' dir='ltr'><strong>eos,</strong></span> <span class='ocrx_word' id='word_1_35' title='bbox 1069 658 1123 744; x_wconf 91' lang='lat' dir='ltr'><strong>qui</strong></span> 
     </span>
    </p>
   </div>
   <div class='ocr_carea' id='block_1_4' title="bbox 170 742 1241 830">
    <p class='ocr_par' dir='ltr' id='par_1_4' title="bbox 170 742 1241 830">
     <span class='ocr_line' id='line_1_6' title="bbox 170 742 1241 830; baseline -0.004 -20"><span class='ocrx_word' id='word_1_36' title='bbox 170 744 232 810; x_wconf 89' lang='lat' dir='ltr'><strong>sibi</strong></span> <span class='ocrx_word' id='word_1_37' title='bbox 254 743 440 830; x_wconf 75' lang='lat' dir='ltr'><strong>Galliaeque</strong></span> <span class='ocrx_word' id='word_1_38' title='bbox 475 744 595 810; x_wconf 90' lang='lat' dir='ltr'><strong>bellum</strong></span> <span class='ocrx_word' id='word_1_39' title='bbox 631 745 828 826; x_wconf 81' lang='lat' dir='ltr'><strong>intulissent,</strong></span> <span class='ocrx_word' id='word_1_40' title='bbox 865 743 925 809; x_wconf 89' lang='lat' dir='ltr'><strong>sibi</strong></span> <span class='ocrx_word' id='word_1_41' title='bbox 961 742 1122 825; x_wconf 85' lang='lat' dir='ltr'><strong>dederent,</strong></span> <span class='ocrx_word' id='word_1_42' title='bbox 1238 758 1241 762; x_wconf 82' lang='lat'>&#39;</span> 
     </span>
    </p>
   </div>
   <div class='ocr_carea' id='block_1_5' title="bbox 164 828 1163 3534">
    <p class='ocr_par' dir='ltr' id='par_1_5' title="bbox 164 828 1124 2193">
     <span class='ocr_line' id='line_1_7' title="bbox 168 828 1122 916; baseline 0.002 -24"><span class='ocrx_word' id='word_1_43' title='bbox 168 829 420 915; x_wconf 88' lang='lat' dir='ltr'><strong>responderunt:</strong></span> <span class='ocrx_word' id='word_1_44' title='bbox 460 830 574 916; x_wconf 90' lang='lat' dir='ltr'><strong>Populi</strong></span> <span class='ocrx_word' id='word_1_45' title='bbox 607 829 741 894; x_wconf 89' lang='lat' dir='ltr'><strong>Romani</strong></span> <span class='ocrx_word' id='word_1_46' title='bbox 773 830 815 893; x_wconf 93' lang='lat' dir='ltr'><strong>im</strong></span> <span class='ocrx_word' id='word_1_47' title='bbox 840 831 940 893; x_wconf 90' lang='lat' dir='ltr'><strong>erium</strong></span> <span class='ocrx_word' id='word_1_48' title='bbox 976 828 1122 895; x_wconf 86' lang='lat' dir='ltr'><strong>Rhenum</strong></span> 
     </span>
     <span class='ocr_line' id='line_1_8' title="bbox 168 852 1123 981; baseline -0.002 -1"><span class='ocrx_word' id='word_1_49' title='bbox 168 915 277 980; x_wconf 84' lang='lat' dir='ltr'><strong>finire:</strong></span> <span class='ocrx_word' id='word_1_50' title='bbox 300 916 328 979; x_wconf 92' lang='lat' dir='ltr'><strong>si</strong></span> <span class='ocrx_word' id='word_1_51' title='bbox 349 936 383 978; x_wconf 91' lang='lat' dir='ltr'><strong>se</strong></span> <span class='ocrx_word' id='word_1_52' title='bbox 398 916 496 981; x_wconf 89' lang='lat' dir='ltr'><strong>invito</strong></span> <span class='ocrx_word' id='word_1_53' title='bbox 512 913 690 980; x_wconf 83' lang='lat' dir='ltr'><strong>Germanos</strong></span> <span class='ocrx_word' id='word_1_54' title='bbox 712 916 745 978; x_wconf 93' lang='lat' dir='ltr'><strong>in</strong></span> <span class='ocrx_word' id='word_1_55' title='bbox 760 852 899 979; x_wconf 80' lang='lat' dir='ltr'><strong>Galliam</strong></span> <span class='ocrx_word' id='word_1_56' title='bbox 913 914 1048 977; x_wconf 88' lang='lat' dir='ltr'><strong>transire</strong></span> <span class='ocrx_word' id='word_1_57' title='bbox 1059 935 1123 978; x_wconf 93' lang='lat' dir='ltr'><strong>non</strong></span> 
     </span>
     <span class='ocr_line' id='line_1_9' title="bbox 170 999 1123 1086; baseline -0.002 -22"><span class='ocrx_word' id='word_1_58' title='bbox 170 1022 306 1086; x_wconf 83' lang='lat' dir='ltr'><strong>acquum</strong></span> <span class='ocrx_word' id='word_1_59' title='bbox 327 1001 536 1082; x_wconf 85' lang='lat' dir='ltr'><strong>existimaret,</strong></span> <span class='ocrx_word' id='word_1_60' title='bbox 565 1023 621 1064; x_wconf 90' lang='lat' dir='ltr'><strong>cur</strong></span> <span class='ocrx_word' id='word_1_61' title='bbox 643 1001 692 1063; x_wconf 90' lang='lat' dir='ltr'><strong>sui</strong></span> <span class='ocrx_word' id='word_1_62' title='bbox 715 1002 885 1086; x_wconf 88' lang='lat' dir='ltr'><strong>quicquam</strong></span> <span class='ocrx_word' id='word_1_63' title='bbox 907 1021 977 1063; x_wconf 88' lang='lat' dir='ltr'><strong>esse</strong></span> <span class='ocrx_word' id='word_1_64' title='bbox 998 999 1123 1083; x_wconf 89' lang='lat' dir='ltr'><strong>imperii</strong></span> 
     </span>
     <span class='ocr_line' id='line_1_10' title="bbox 169 1083 1122 1170; baseline -0.002 -20"><span class='ocrx_word' id='word_1_65' title='bbox 169 1094 224 1150; x_wconf 86' lang='lat' dir='ltr'><strong>aut</strong></span> <span class='ocrx_word' id='word_1_66' title='bbox 237 1085 402 1170; x_wconf 89' lang='lat' dir='ltr'><strong>potestatis</strong></span> <span class='ocrx_word' id='word_1_67' title='bbox 417 1095 506 1150; x_wconf 89' lang='lat' dir='ltr'><strong>trans</strong></span> <span class='ocrx_word' id='word_1_68' title='bbox 521 1085 667 1149; x_wconf 88' lang='lat' dir='ltr'><strong>Rhenum</strong></span> <span class='ocrx_word' id='word_1_69' title='bbox 711 1083 887 1150; x_wconf 81' lang='lat' dir='ltr'><strong>ostularet?</strong></span> <span class='ocrx_word' id='word_1_70' title='bbox 908 1083 985 1148; x_wconf 91' lang='lat' dir='ltr'><strong>Ubii</strong></span> <span class='ocrx_word' id='word_1_71' title='bbox 1007 1091 1122 1165; x_wconf 87' lang='lat' dir='ltr'><strong>autem,</strong></span> 
     </span>
     <span class='ocr_line' id='line_1_11' title="bbox 168 1169 1123 1255; baseline 0.001 -22"><span class='ocrx_word' id='word_1_72' title='bbox 168 1170 223 1255; x_wconf 92' lang='lat' dir='ltr'><strong>qui</strong></span> <span class='ocrx_word' id='word_1_73' title='bbox 245 1173 300 1233; x_wconf 90' lang='lat' dir='ltr'><strong>uni</strong></span> <span class='ocrx_word' id='word_1_74' title='bbox 327 1192 369 1234; x_wconf 88' lang='lat' dir='ltr'><strong>ex</strong></span> <span class='ocrx_word' id='word_1_75' title='bbox 391 1171 644 1235; x_wconf 84' lang='lat' dir='ltr'><strong>Transrhenanis</strong></span> <span class='ocrx_word' id='word_1_76' title='bbox 731 1169 902 1234; x_wconf 82' lang='lat' dir='ltr'><strong>Caesarem</strong></span> <span class='ocrx_word' id='word_1_77' title='bbox 923 1169 1044 1254; x_wconf 84' lang='lat' dir='ltr'><strong>legatos</strong></span> <span class='ocrx_word' id='word_1_78' title='bbox 1066 1169 1123 1234; x_wconf 89' lang='lat' dir='ltr'><strong>mi·</strong></span> 
     </span>
     <span class='ocr_line' id='line_1_12' title="bbox 168 1255 1123 1338; baseline 0 -20"><span class='ocrx_word' id='word_1_79' title='bbox 168 1263 283 1336; x_wconf 88' lang='lat' dir='ltr'><strong>serant,</strong></span> <span class='ocrx_word' id='word_1_80' title='bbox 300 1256 469 1320; x_wconf 77' lang='lat' dir='ltr'><strong>amicitiam</strong></span> <span class='ocrx_word' id='word_1_81' title='bbox 483 1255 634 1337; x_wconf 83' lang='lat' dir='ltr'><strong>fecerant,</strong></span> <span class='ocrx_word' id='word_1_82' title='bbox 659 1255 786 1320; x_wconf 89' lang='lat' dir='ltr'><strong>obsides</strong></span> <span class='ocrx_word' id='word_1_83' title='bbox 809 1255 970 1334; x_wconf 85' lang='lat' dir='ltr'><strong>dederant,</strong></span> <span class='ocrx_word' id='word_1_84' title='bbox 993 1275 1123 1338; x_wconf 88' lang='lat' dir='ltr'><strong>magno·</strong></span> 
     </span>
     <span class='ocr_line' id='line_1_13' title="bbox 167 1338 1124 1426; baseline -0.001 -23"><span class='ocrx_word' id='word_1_85' title='bbox 167 1361 246 1426; x_wconf 88' lang='lat' dir='ltr'><strong>pere</strong></span> <span class='ocrx_word' id='word_1_86' title='bbox 268 1340 411 1423; x_wconf 87' lang='lat' dir='ltr'><strong>orabant,</strong></span> <span class='ocrx_word' id='word_1_87' title='bbox 434 1350 469 1405; x_wconf 91' lang='lat' dir='ltr'><strong>ut</strong></span> <span class='ocrx_word' id='word_1_88' title='bbox 491 1341 553 1406; x_wconf 89' lang='lat' dir='ltr'><strong>sibi</strong></span> <span class='ocrx_word' id='word_1_89' title='bbox 574 1339 727 1404; x_wconf 85' lang='lat' dir='ltr'><strong>auxilium</strong></span> <span class='ocrx_word' id='word_1_90' title='bbox 749 1340 855 1423; x_wconf 82' lang='lat' dir='ltr'><strong>ferret,</strong></span> <span class='ocrx_word' id='word_1_91' title='bbox 878 1338 964 1425; x_wconf 92' lang='lat' dir='ltr'><strong>quod</strong></span> <span class='ocrx_word' id='word_1_92' title='bbox 984 1341 1124 1423; x_wconf 78' lang='lat' dir='ltr'><strong>graviter</strong></span> 
     </span>
     <span class='ocr_line' id='line_1_14' title="bbox 167 1423 1122 1511; baseline -0.002 -21"><span class='ocrx_word' id='word_1_93' title='bbox 167 1425 208 1490; x_wconf 86' lang='lat' dir='ltr'><strong>ab</strong></span> <span class='ocrx_word' id='word_1_94' title='bbox 236 1423 350 1490; x_wconf 86' lang='lat' dir='ltr'><strong>Suebis</strong></span> <span class='ocrx_word' id='word_1_95' title='bbox 376 1435 610 1511; x_wconf 79' lang='lat' dir='ltr'><strong>premerentur3</strong></span> <span class='ocrx_word' id='word_1_96' title='bbox 632 1425 694 1507; x_wconf 83' lang='lat' dir='ltr'><strong>vel,</strong></span> <span class='ocrx_word' id='word_1_97' title='bbox 718 1428 745 1489; x_wconf 89' lang='lat' dir='ltr'><strong>si</strong></span> <span class='ocrx_word' id='word_1_98' title='bbox 766 1425 799 1489; x_wconf 94' lang='lat' dir='ltr'><strong>id</strong></span> <span class='ocrx_word' id='word_1_99' title='bbox 820 1425 926 1490; x_wconf 87' lang='lat' dir='ltr'><strong>facere</strong></span> <span class='ocrx_word' id='word_1_100' title='bbox 947 1424 1122 1509; x_wconf 87' lang='lat' dir='ltr'><strong>occupatio-</strong></span> 
     </span>
     <span class='ocr_line' id='line_1_15' title="bbox 166 1507 1119 1596; baseline 0 -22"><span class='ocrx_word' id='word_1_101' title='bbox 166 1508 261 1574; x_wconf 89' lang='lat' dir='ltr'><strong>nibus</strong></span> <span class='ocrx_word' id='word_1_102' title='bbox 290 1512 338 1574; x_wconf 90' lang='lat' dir='ltr'><strong>rei</strong></span> <span class='ocrx_word' id='word_1_103' title='bbox 373 1510 520 1596; x_wconf 89' lang='lat' dir='ltr'><strong>publicae</strong></span> <span class='ocrx_word' id='word_1_104' title='bbox 546 1510 786 1596; x_wconf 87' lang='lat' dir='ltr'><strong>prohiberetur,</strong></span> <span class='ocrx_word' id='word_1_105' title='bbox 815 1511 988 1573; x_wconf 81' lang='lat' dir='ltr'><strong>exercimrn</strong></span> <span class='ocrx_word' id='word_1_106' title='bbox 1025 1507 1119 1574; x_wconf 89' lang='lat' dir='ltr'><strong>modo</strong></span> 
     </span>
     <span class='ocr_line' id='line_1_16' title="bbox 166 1593 1121 1681; baseline 0 -23"><span class='ocrx_word' id='word_1_107' title='bbox 166 1593 312 1660; x_wconf 87' lang='lat' dir='ltr'><strong>Rhenum</strong></span> <span class='ocrx_word' id='word_1_108' title='bbox 326 1605 574 1681; x_wconf 87' lang='lat' dir='ltr'><strong>transportaret:</strong></span> <span class='ocrx_word' id='word_1_109' title='bbox 597 1596 631 1659; x_wconf 92' lang='lat' dir='ltr'><strong>id</strong></span> <span class='ocrx_word' id='word_1_110' title='bbox 653 1595 713 1660; x_wconf 88' lang='lat' dir='ltr'><strong>sibi</strong></span> <span class='ocrx_word' id='word_1_111' title='bbox 736 1595 777 1659; x_wconf 83' lang='lat' dir='ltr'><strong>ed</strong></span> <span class='ocrx_word' id='word_1_112' title='bbox 799 1594 952 1660; x_wconf 85' lang='lat' dir='ltr'><strong>auxilium</strong></span> <span class='ocrx_word' id='word_1_113' title='bbox 969 1615 1121 1680; x_wconf 84' lang='lat' dir='ltr'><strong>spemque</strong></span> 
     </span>
     <span class='ocr_line' id='line_1_17' title="bbox 166 1679 1121 1782; baseline -0.001 -39"><span class='ocrx_word' id='word_1_114' title='bbox 166 1679 281 1766; x_wconf 89' lang='lat' dir='ltr'><strong>reliqui</strong></span> <span class='ocrx_word' id='word_1_115' title='bbox 302 1681 453 1782; x_wconf 87' lang='lat' dir='ltr'><strong>temporis</strong></span> <span class='ocrx_word' id='word_1_116' title='bbox 476 1683 553 1745; x_wconf 88' lang='lat' dir='ltr'><strong>satis</strong></span> <span class='ocrx_word' id='word_1_117' title='bbox 574 1681 723 1746; x_wconf 73' lang='lat' dir='ltr'><strong>fatuarum.</strong></span> <span class='ocrx_word' id='word_1_118' title='bbox 757 1680 894 1744; x_wconf 84' lang='lat' dir='ltr'><strong>Tantum</strong></span> <span class='ocrx_word' id='word_1_119' title='bbox 916 1702 987 1745; x_wconf 88' lang='lat' dir='ltr'><strong>esse</strong></span> <span class='ocrx_word' id='word_1_120' title='bbox 1006 1700 1121 1742; x_wconf 91' lang='lat' dir='ltr'><strong>nomen</strong></span> 
     </span>
     <span class='ocr_line' id='line_1_18' title="bbox 166 1763 1122 1852; baseline -0.002 -22"><span class='ocrx_word' id='word_1_121' title='bbox 166 1774 262 1852; x_wconf 79' lang='lat' dir='ltr'><strong>atqua</strong></span> <span class='ocrx_word' id='word_1_122' title='bbox 291 1767 470 1851; x_wconf 82' lang='lat' dir='ltr'><strong>epimonem</strong></span> <span class='ocrx_word' id='word_1_123' title='bbox 499 1769 571 1832; x_wconf 88' lang='lat' dir='ltr'><strong>eius·</strong></span> <span class='ocrx_word' id='word_1_124' title='bbox 594 1767 753 1831; x_wconf 87' lang='lat' dir='ltr'><strong>exercitus</strong></span> <span class='ocrx_word' id='word_1_125' title='bbox 781 1765 941 1830; x_wconf 83' lang='lat' dir='ltr'><strong>Ariovisto</strong></span> <span class='ocrx_word' id='word_1_126' title='bbox 968 1763 1058 1851; x_wconf 92' lang='lat' dir='ltr'><strong>pulso</strong></span> <span class='ocrx_word' id='word_1_127' title='bbox 1090 1773 1122 1830; x_wconf 90' lang='lat' dir='ltr'><strong>et</strong></span> 
     </span>
     <span class='ocr_line' id='line_1_19' title="bbox 166 1846 1121 1938; baseline 0 -24"><span class='ocrx_word' id='word_1_128' title='bbox 166 1849 226 1916; x_wconf 93' lang='lat' dir='ltr'><strong>hoc</strong></span> <span class='ocrx_word' id='word_1_129' title='bbox 257 1851 428 1916; x_wconf 86' lang='lat' dir='ltr'><strong>novissimo</strong></span> <span class='ocrx_word' id='word_1_130' title='bbox 449 1850 572 1938; x_wconf 88' lang='lat' dir='ltr'><strong>proelio</strong></span> <span class='ocrx_word' id='word_1_131' title='bbox 599 1851 682 1915; x_wconf 88' lang='lat' dir='ltr'><strong>facto</strong></span> <span class='ocrx_word' id='word_1_132' title='bbox 705 1852 800 1915; x_wconf 87' lang='lat' dir='ltr'><strong>etiam</strong></span> <span class='ocrx_word' id='word_1_133' title='bbox 828 1851 869 1916; x_wconf 84' lang='lat' dir='ltr'><strong>ad</strong></span> <span class='ocrx_word' id='word_1_134' title='bbox 890 1850 1016 1914; x_wconf 87' lang='lat' dir='ltr'><strong>ultimas</strong></span> <span class='ocrx_word' id='word_1_135' title='bbox 1042 1846 1121 1914; x_wconf 83' lang='lat' dir='ltr'><strong>Ger·</strong></span> 
     </span>
     <span class='ocr_line' id='line_1_20' title="bbox 165 1934 1120 2022; baseline 0 -22"><span class='ocrx_word' id='word_1_136' title='bbox 165 1957 331 2000; x_wconf 90' lang='lat' dir='ltr'><strong>manorum</strong></span> <span class='ocrx_word' id='word_1_137' title='bbox 353 1939 512 2018; x_wconf 88' lang='lat' dir='ltr'><strong>nationes,</strong></span> <span class='ocrx_word' id='word_1_138' title='bbox 542 1936 589 2001; x_wconf 93' lang='lat' dir='ltr'><strong>uti</strong></span> <span class='ocrx_word' id='word_1_139' title='bbox 611 1937 757 2022; x_wconf 91' lang='lat' dir='ltr'><strong>opinione</strong></span> <span class='ocrx_word' id='word_1_140' title='bbox 786 1947 818 2000; x_wconf 91' lang='lat' dir='ltr'><strong>et</strong></span> <span class='ocrx_word' id='word_1_141' title='bbox 847 1936 984 2001; x_wconf 85' lang='lat' dir='ltr'><strong>amicitia</strong></span> <span class='ocrx_word' id='word_1_142' title='bbox 1011 1934 1120 2020; x_wconf 86' lang='lat' dir='ltr'><strong>populi</strong></span> 
     </span>
     <span class='ocr_line' id='line_1_21' title="bbox 166 2019 1120 2107; baseline -0.002 -21"><span class='ocrx_word' id='word_1_143' title='bbox 166 2019 300 2086; x_wconf 87' lang='lat' dir='ltr'><strong>Romani</strong></span> <span class='ocrx_word' id='word_1_144' title='bbox 331 2023 390 2085; x_wconf 89' lang='lat' dir='ltr'><strong>tuti</strong></span> <span class='ocrx_word' id='word_1_145' title='bbox 413 2043 483 2085; x_wconf 87' lang='lat' dir='ltr'><strong>esse</strong></span> <span class='ocrx_word' id='word_1_146' title='bbox 504 2023 636 2107; x_wconf 87' lang='lat' dir='ltr'><strong>possint.</strong></span> <span class='ocrx_word' id='word_1_147' title='bbox 670 2021 806 2086; x_wconf 87' lang='lat' dir='ltr'><strong>Navium</strong></span> <span class='ocrx_word' id='word_1_148' title='bbox 828 2043 975 2107; x_wconf 85' lang='lat' dir='ltr'><strong>magnam</strong></span> <span class='ocrx_word' id='word_1_149' title='bbox 998 2021 1120 2105; x_wconf 89' lang='lat' dir='ltr'><strong>copiam</strong></span> 
     </span>
     <span class='ocr_line' id='line_1_22' title="bbox 164 2105 966 2193; baseline -0.001 -23"><span class='ocrx_word' id='word_1_150' title='bbox 164 2105 208 2170; x_wconf 77' lang='lat' dir='ltr'><strong>ad</strong></span> <span class='ocrx_word' id='word_1_151' title='bbox 229 2115 317 2170; x_wconf 88' lang='lat' dir='ltr'><strong>trans</strong></span> <span class='ocrx_word' id='word_1_152' title='bbox 340 2105 504 2171; x_wconf 86' lang='lat' dir='ltr'><strong>ortandum</strong></span> <span class='ocrx_word' id='word_1_153' title='bbox 535 2109 708 2170; x_wconf 86' lang='lat' dir='ltr'><strong>exercitum</strong></span> <span class='ocrx_word' id='word_1_154' title='bbox 728 2106 966 2193; x_wconf 80' lang='lat' dir='ltr'><strong>pollicebantur.</strong></span> 
     </span>
    </p>

    <p class='ocr_par' dir='ltr' id='par_1_6' title="bbox 164 2191 1163 3534">
     <span class='ocr_line' id='line_1_23' title="bbox 233 2191 1116 2279; baseline 0.002 -25"><span class='ocrx_word' id='word_1_155' title='bbox 233 2191 282 2255; x_wconf 85' lang='grc'><strong>17.</strong></span> <span class='ocrx_word' id='word_1_156' title='bbox 334 2213 426 2255; x_wconf 88' lang='lat' dir='ltr'><strong>aesar</strong></span> <span class='ocrx_word' id='word_1_157' title='bbox 453 2191 503 2254; x_wconf 90' lang='lat' dir='ltr'><strong>his</strong></span> <span class='ocrx_word' id='word_1_158' title='bbox 531 2191 571 2256; x_wconf 90' lang='lat' dir='ltr'><strong>de</strong></span> <span class='ocrx_word' id='word_1_159' title='bbox 599 2194 723 2274; x_wconf 88' lang='lat' dir='ltr'><strong>causis,</strong></span> <span class='ocrx_word' id='word_1_160' title='bbox 755 2215 832 2279; x_wconf 86' lang='lat' dir='ltr'><strong>quas</strong></span> <span class='ocrx_word' id='word_1_161' title='bbox 862 2193 1116 2274; x_wconf 86' lang='lat' dir='ltr'><strong>commemoravi,</strong></span> 
     </span>
     <span class='ocr_line' id='line_1_24' title="bbox 166 2276 1117 2360; baseline 0.001 -20"><span class='ocrx_word' id='word_1_162' title='bbox 166 2276 313 2340; x_wconf 88' lang='lat' dir='ltr'><strong>Rhenum</strong></span> <span class='ocrx_word' id='word_1_163' title='bbox 333 2278 469 2342; x_wconf 72' lang='lat' dir='ltr'><strong>tranche</strong></span> <span class='ocrx_word' id='word_1_164' title='bbox 496 2276 698 2360; x_wconf 82' lang='lat' dir='ltr'><strong>decreverat3</strong></span> <span class='ocrx_word' id='word_1_165' title='bbox 732 2277 789 2342; x_wconf 90' lang='lat' dir='ltr'><strong>sed</strong></span> <span class='ocrx_word' id='word_1_166' title='bbox 820 2277 955 2342; x_wconf 89' lang='lat' dir='ltr'><strong>navibus</strong></span> <span class='ocrx_word' id='word_1_167' title='bbox 981 2278 1117 2342; x_wconf 86' lang='lat' dir='ltr'><strong>transire</strong></span> 
     </span>
     <span class='ocr_line' id='line_1_25' title="bbox 165 2362 1118 2448; baseline 0 -22"><span class='ocrx_word' id='word_1_168' title='bbox 165 2383 269 2448; x_wconf 88' lang='lat' dir='ltr'><strong>neque</strong></span> <span class='ocrx_word' id='word_1_169' title='bbox 292 2362 368 2425; x_wconf 89' lang='lat' dir='ltr'><strong>satis</strong></span> <span class='ocrx_word' id='word_1_170' title='bbox 389 2370 491 2426; x_wconf 91' lang='lat' dir='ltr'><strong>tutum</strong></span> <span class='ocrx_word' id='word_1_171' title='bbox 514 2384 585 2426; x_wconf 89' lang='lat' dir='ltr'><strong>esse</strong></span> <span class='ocrx_word' id='word_1_172' title='bbox 600 2362 825 2444; x_wconf 86' lang='lat' dir='ltr'><strong>arbitrabatur,</strong></span> <span class='ocrx_word' id='word_1_173' title='bbox 847 2384 951 2448; x_wconf 85' lang='lat' dir='ltr'><strong>neque</strong></span> <span class='ocrx_word' id='word_1_174' title='bbox 974 2384 1049 2426; x_wconf 85' lang='lat' dir='ltr'><strong>suae</strong></span> <span class='ocrx_word' id='word_1_175' title='bbox 1065 2383 1118 2426; x_wconf 87' lang='lat' dir='ltr'><strong>ne·</strong></span> 
     </span>
     <span class='ocr_line' id='line_1_26' title="bbox 166 2446 1116 2532; baseline -0.001 -22"><span class='ocrx_word' id='word_1_176' title='bbox 166 2469 228 2532; x_wconf 89' lang='lat' dir='ltr'><strong>que</strong></span> <span class='ocrx_word' id='word_1_177' title='bbox 255 2446 365 2532; x_wconf 87' lang='lat' dir='ltr'><strong>populi</strong></span> <span class='ocrx_word' id='word_1_178' title='bbox 393 2447 529 2512; x_wconf 87' lang='lat' dir='ltr'><strong>Romani</strong></span> <span class='ocrx_word' id='word_1_179' title='bbox 562 2447 594 2510; x_wconf 92' lang='lat' dir='ltr'><strong>di</strong></span> <span class='ocrx_word' id='word_1_180' title='bbox 639 2449 723 2512; x_wconf 85' lang='lat' dir='ltr'><strong>itatis</strong></span> <span class='ocrx_word' id='word_1_181' title='bbox 746 2470 817 2512; x_wconf 87' lang='lat' dir='ltr'><strong>esse</strong></span> <span class='ocrx_word' id='word_1_182' title='bbox 840 2447 1006 2511; x_wconf 84' lang='lat' dir='ltr'><strong>statuebat</strong></span> <span class='ocrx_word' id='word_1_183' title='bbox 1056 2446 1116 2510; x_wconf 81' lang='lat' dir='ltr'><strong>Ita</strong></span> 
     </span>
     <span class='ocr_line' id='line_1_27' title="bbox 166 2532 1117 2619; baseline 0.001 -24"><span class='ocrx_word' id='word_1_184' title='bbox 166 2553 237 2619; x_wconf 88' lang='lat' dir='ltr'><strong>que,</strong></span> <span class='ocrx_word' id='word_1_185' title='bbox 262 2534 320 2595; x_wconf 89' lang='lat' dir='ltr'><strong>etsi</strong></span> <span class='ocrx_word' id='word_1_186' title='bbox 344 2555 467 2596; x_wconf 90' lang='lat' dir='ltr'><strong>summa</strong></span> <span class='ocrx_word' id='word_1_187' title='bbox 488 2532 596 2597; x_wconf 90' lang='lat' dir='ltr'><strong>diffieu</strong></span> <span class='ocrx_word' id='word_1_188' title='bbox 609 2541 658 2596; x_wconf 85' lang='lat' dir='ltr'><strong>tas</strong></span> <span class='ocrx_word' id='word_1_189' title='bbox 681 2533 817 2597; x_wconf 86' lang='lat' dir='ltr'><strong>faciendi</strong></span> <span class='ocrx_word' id='word_1_190' title='bbox 838 2534 943 2618; x_wconf 87' lang='lat' dir='ltr'><strong>pontis</strong></span> <span class='ocrx_word' id='word_1_191' title='bbox 964 2553 1117 2617; x_wconf 91' lang='lat' dir='ltr'><strong>propone·</strong></span> 
     </span>
     <span class='ocr_line' id='line_1_28' title="bbox 165 2616 1115 2704; baseline 0.001 -23"><span class='ocrx_word' id='word_1_192' title='bbox 165 2617 258 2682; x_wconf 88' lang='lat' dir='ltr'><strong>batur</strong></span> <span class='ocrx_word' id='word_1_193' title='bbox 279 2626 410 2702; x_wconf 91' lang='lat' dir='ltr'><strong>propter</strong></span> <span class='ocrx_word' id='word_1_194' title='bbox 432 2616 649 2700; x_wconf 88' lang='lat' dir='ltr'><strong>latitudinem,</strong></span> <span class='ocrx_word' id='word_1_195' title='bbox 678 2619 879 2704; x_wconf 84' lang='lat' dir='ltr'><strong>rapiditatem</strong></span> <span class='ocrx_word' id='word_1_196' title='bbox 907 2617 1115 2682; x_wconf 90' lang='lat' dir='ltr'><strong>altitudinem·</strong></span> 
     </span>
     <span class='ocr_line' id='line_1_29' title="bbox 166 2701 1117 2790; baseline 0.001 -25"><span class='ocrx_word' id='word_1_197' title='bbox 166 2723 227 2790; x_wconf 90' lang='lat' dir='ltr'><strong>que</strong></span> <span class='ocrx_word' id='word_1_198' title='bbox 248 2701 402 2784; x_wconf 89' lang='lat' dir='ltr'><strong>fluminis,</strong></span> <span class='ocrx_word' id='word_1_199' title='bbox 425 2713 531 2766; x_wconf 92' lang='lat' dir='ltr'><strong>tamen</strong></span> <span class='ocrx_word' id='word_1_200' title='bbox 553 2702 586 2766; x_wconf 93' lang='lat' dir='ltr'><strong>id</strong></span> <span class='ocrx_word' id='word_1_201' title='bbox 608 2703 668 2766; x_wconf 90' lang='lat' dir='ltr'><strong>sibi</strong></span> <span class='ocrx_word' id='word_1_202' title='bbox 691 2703 944 2768; x_wconf 89' lang='lat' dir='ltr'><strong>contendendum</strong></span> <span class='ocrx_word' id='word_1_203' title='bbox 958 2711 1012 2767; x_wconf 86' lang='lat' dir='ltr'><strong>aut</strong></span> <span class='ocrx_word' id='word_1_204' title='bbox 1026 2702 1117 2766; x_wconf 86' lang='lat' dir='ltr'><strong>aliter</strong></span> 
     </span>
     <span class='ocr_line' id='line_1_30' title="bbox 164 2787 1163 2853; baseline 0.001 -3"><span class='ocrx_word' id='word_1_205' title='bbox 164 2809 228 2852; x_wconf 90' lang='lat' dir='ltr'><strong>non</strong></span> <span class='ocrx_word' id='word_1_206' title='bbox 249 2787 476 2852; x_wconf 86' lang='lat' dir='ltr'><strong>traducendum</strong></span> <span class='ocrx_word' id='word_1_207' title='bbox 500 2789 674 2852; x_wconf 85' lang='lat' dir='ltr'><strong>exercitum</strong></span> <span class='ocrx_word' id='word_1_208' title='bbox 698 2788 906 2853; x_wconf 86' lang='lat' dir='ltr'><strong>existimabat.</strong></span> <span class='ocrx_word' id='word_1_209' title='bbox 951 2787 1116 2852; x_wconf 87' lang='lat' dir='ltr'><strong>Rationem</strong></span> <span class='ocrx_word' id='word_1_210' title='bbox 1160 2843 1163 2851; x_wconf 30' lang='lat' dir='ltr'><strong>r</strong></span> 
     </span>
     <span class='ocr_line' id='line_1_31' title="bbox 187 2872 1113 2960; baseline 0 -24"><span class='ocrx_word' id='word_1_211' title='bbox 187 2873 268 2936; x_wconf 89' lang='lat' dir='ltr'><strong>ontis</strong></span> <span class='ocrx_word' id='word_1_212' title='bbox 291 2873 373 2936; x_wconf 90' lang='lat' dir='ltr'><strong>hanc</strong></span> <span class='ocrx_word' id='word_1_213' title='bbox 394 2875 535 2938; x_wconf 88' lang='lat' dir='ltr'><strong>instituit.</strong></span> <span class='ocrx_word' id='word_1_214' title='bbox 560 2873 664 2958; x_wconf 81' lang='lat' dir='ltr'><strong>Tigna</strong></span> <span class='ocrx_word' id='word_1_215' title='bbox 680 2873 757 2938; x_wconf 89' lang='lat' dir='ltr'><strong>bina</strong></span> <span class='ocrx_word' id='word_1_216' title='bbox 772 2872 1013 2960; x_wconf 84' lang='lat' dir='ltr'><strong>sesquipedalia,</strong></span> <span class='ocrx_word' id='word_1_217' title='bbox 1036 2895 1113 2958; x_wconf 90' lang='lat' dir='ltr'><strong>pau·</strong></span> 
     </span>
     <span class='ocr_line' id='line_1_32' title="bbox 164 2895 1115 3044; baseline 0.002 -24"><span class='ocrx_word' id='word_1_218' title='bbox 164 2895 228 3020; x_wconf 77' lang='lat' dir='ltr'><strong>lum</strong></span> <span class='ocrx_word' id='word_1_219' title='bbox 252 2957 293 3021; x_wconf 88' lang='lat' dir='ltr'><strong>ab</strong></span> <span class='ocrx_word' id='word_1_220' title='bbox 314 2960 377 3023; x_wconf 89' lang='lat' dir='ltr'><strong>imo</strong></span> <span class='ocrx_word' id='word_1_221' title='bbox 399 2968 578 3044; x_wconf 84' lang='lat' dir='ltr'><strong>praeacuta,</strong></span> <span class='ocrx_word' id='word_1_222' title='bbox 602 2958 746 3023; x_wconf 89' lang='lat' dir='ltr'><strong>dimensa</strong></span> <span class='ocrx_word' id='word_1_223' title='bbox 769 2958 810 3024; x_wconf 91' lang='lat' dir='ltr'><strong>ad</strong></span> <span class='ocrx_word' id='word_1_224' title='bbox 839 2958 1038 3022; x_wconf 88' lang='lat' dir='ltr'><strong>altitudinem</strong></span> <span class='ocrx_word' id='word_1_225' title='bbox 1059 2957 1115 3022; x_wconf 84' lang='lat' dir='ltr'><strong>flu·</strong></span> 
     </span>
     <span class='ocr_line' id='line_1_33' title="bbox 165 3042 1115 3128; baseline 0.003 -23"><span class='ocrx_word' id='word_1_226' title='bbox 165 3043 258 3106; x_wconf 90' lang='lat' dir='ltr'><strong>minis</strong></span> <span class='ocrx_word' id='word_1_227' title='bbox 287 3043 456 3108; x_wconf 87' lang='lat' dir='ltr'><strong>intervallo</strong></span> <span class='ocrx_word' id='word_1_228' title='bbox 485 3042 602 3128; x_wconf 88' lang='lat' dir='ltr'><strong>pedum</strong></span> <span class='ocrx_word' id='word_1_229' title='bbox 624 3044 759 3107; x_wconf 88' lang='lat' dir='ltr'><strong>duorum</strong></span> <span class='ocrx_word' id='word_1_230' title='bbox 793 3046 874 3107; x_wconf 88' lang='lat' dir='ltr'><strong>inter</strong></span> <span class='ocrx_word' id='word_1_231' title='bbox 897 3067 931 3108; x_wconf 90' lang='lat' dir='ltr'><strong>sc</strong></span> <span class='ocrx_word' id='word_1_232' title='bbox 953 3042 1115 3128; x_wconf 82' lang='lat' dir='ltr'><strong>iungebat</strong></span> 
     </span>
     <span class='ocr_line' id='line_1_34' title="bbox 164 3127 1113 3194; baseline 0.001 -3"><span class='ocrx_word' id='word_1_233' title='bbox 164 3127 254 3191; x_wconf 88' lang='lat' dir='ltr'><strong>Haec</strong></span> <span class='ocrx_word' id='word_1_234' title='bbox 276 3150 349 3192; x_wconf 90' lang='lat' dir='ltr'><strong>cum</strong></span> <span class='ocrx_word' id='word_1_235' title='bbox 371 3127 654 3192; x_wconf 80' lang='lat' dir='ltr'><strong>machinationibus</strong></span> <span class='ocrx_word' id='word_1_236' title='bbox 677 3130 819 3193; x_wconf 85' lang='lat' dir='ltr'><strong>immissa</strong></span> <span class='ocrx_word' id='word_1_237' title='bbox 840 3129 873 3191; x_wconf 92' lang='lat' dir='ltr'><strong>in</strong></span> <span class='ocrx_word' id='word_1_238' title='bbox 894 3127 1014 3193; x_wconf 88' lang='lat' dir='ltr'><strong>flumen</strong></span> <span class='ocrx_word' id='word_1_239' title='bbox 1036 3128 1113 3194; x_wconf 89' lang='lat' dir='ltr'><strong>defi·</strong></span> 
     </span>
     <span class='ocr_line' id='line_1_35' title="bbox 164 3213 1116 3299; baseline 0.001 -23"><span class='ocrx_word' id='word_1_240' title='bbox 164 3222 256 3276; x_wconf 84' lang='lat' dir='ltr'><strong>xerat</strong></span> <span class='ocrx_word' id='word_1_241' title='bbox 276 3213 458 3299; x_wconf 88' lang='lat' dir='ltr'><strong>fistucisque</strong></span> <span class='ocrx_word' id='word_1_242' title='bbox 491 3214 655 3297; x_wconf 84' lang='lat' dir='ltr'><strong>adegerat,</strong></span> <span class='ocrx_word' id='word_1_243' title='bbox 688 3237 753 3278; x_wconf 90' lang='lat' dir='ltr'><strong>non</strong></span> <span class='ocrx_word' id='word_1_244' title='bbox 782 3213 923 3278; x_wconf 86' lang='lat' dir='ltr'><strong>sublicae</strong></span> <span class='ocrx_word' id='word_1_245' title='bbox 954 3213 1049 3278; x_wconf 90' lang='lat' dir='ltr'><strong>modo</strong></span> <span class='ocrx_word' id='word_1_246' title='bbox 1072 3213 1116 3284; x_wconf 90' lang='lat' dir='ltr'><strong>di-</strong></span> 
     </span>
     <span class='ocr_line' id='line_1_36' title="bbox 164 3297 1117 3446; baseline 0 -85"><span class='ocrx_word' id='word_1_247' title='bbox 164 3307 251 3361; x_wconf 90' lang='lat' dir='ltr'><strong>recte</strong></span> <span class='ocrx_word' id='word_1_248' title='bbox 273 3297 315 3360; x_wconf 90' lang='lat' dir='ltr'><strong>ad</strong></span> <span class='ocrx_word' id='word_1_249' title='bbox 334 3298 605 3383; x_wconf 88' lang='lat' dir='ltr'><strong>perpendiculum,</strong></span> <span class='ocrx_word' id='word_1_250' title='bbox 628 3298 686 3362; x_wconf 91' lang='lat' dir='ltr'><strong>sed</strong></span> <span class='ocrx_word' id='word_1_251' title='bbox 707 3321 807 3384; x_wconf 87' lang='lat' dir='ltr'><strong>prone</strong></span> <span class='ocrx_word' id='word_1_252' title='bbox 830 3321 867 3362; x_wconf 84' lang='lat' dir='ltr'><strong>ac</strong></span> <span class='ocrx_word' id='word_1_253' title='bbox 888 3299 1051 3446; x_wconf 63' lang='lat' dir='ltr'><strong>fastiqlate,</strong></span> <span class='ocrx_word' id='word_1_254' title='bbox 1082 3307 1117 3362; x_wconf 91' lang='lat' dir='ltr'><strong>ut</strong></span> 
     </span>
     <span class='ocr_line' id='line_1_37' title="bbox 164 3382 1115 3469; baseline 0.001 -23"><span class='ocrx_word' id='word_1_255' title='bbox 164 3382 338 3447; x_wconf 87' lang='lat' dir='ltr'><strong>secundum</strong></span> <span class='ocrx_word' id='word_1_256' title='bbox 359 3394 504 3448; x_wconf 85' lang='lat' dir='ltr'><strong>naturam</strong></span> <span class='ocrx_word' id='word_1_257' title='bbox 526 3382 664 3446; x_wconf 87' lang='lat' dir='ltr'><strong>fluminis</strong></span> <span class='ocrx_word' id='word_1_258' title='bbox 687 3384 940 3469; x_wconf 80' lang='lat' dir='ltr'><strong>procrnuberent,</strong></span> <span class='ocrx_word' id='word_1_259' title='bbox 991 3383 1017 3446; x_wconf 91' lang='lat' dir='ltr'><strong>is</strong></span> <span class='ocrx_word' id='word_1_260' title='bbox 1040 3385 1115 3447; x_wconf 90' lang='lat' dir='ltr'><strong>item</strong></span> 
     </span>
     <span class='ocr_line' id='line_1_38' title="bbox 164 3467 1115 3534; baseline 0.002 -2"><span class='ocrx_word' id='word_1_261' title='bbox 164 3469 324 3532; x_wconf 69' lang='lat' dir='ltr'><strong>cornaria</strong></span> <span class='ocrx_word' id='word_1_262' title='bbox 345 3468 407 3532; x_wconf 89' lang='lat' dir='ltr'><strong>duo</strong></span> <span class='ocrx_word' id='word_1_263' title='bbox 430 3467 471 3531; x_wconf 85' lang='lat' dir='ltr'><strong>ad</strong></span> <span class='ocrx_word' id='word_1_264' title='bbox 493 3467 629 3532; x_wconf 90' lang='lat' dir='ltr'><strong>eundem</strong></span> <span class='ocrx_word' id='word_1_265' title='bbox 656 3467 784 3533; x_wconf 91' lang='lat' dir='ltr'><strong>modum</strong></span> <span class='ocrx_word' id='word_1_266' title='bbox 811 3470 918 3534; x_wconf 89' lang='lat' dir='ltr'><strong>iuncta</strong></span> <span class='ocrx_word' id='word_1_267' title='bbox 947 3468 1115 3534; x_wconf 88' lang='lat' dir='ltr'><strong>intervallo</strong></span> 
     </span>
    </p>
   </div>
   <div class='ocr_carea' id='block_1_6' title="bbox 0 0 1272 3970">
    <p class='ocr_par' dir='ltr' id='par_1_7' title="bbox 0 0 1272 3970">
     <span class='ocr_line' id='line_1_39' title="bbox 0 0 1272 3970; baseline 0 1"><span class='ocrx_word' id='word_1_268' title='bbox 0 0 1272 3970; x_wconf 95' lang='lat' dir='ltr'><strong> </strong></span> 
     </span>
    </p>
   </div>
  </div>
 </body>
</html>
