2562 3970
214 253 257 319 60
500 250 561 316 DE
583 249 727 315 BELLO
751 247 884 314 CIVILI

215 422 508 510 comprobaverunt,
535 431 571 487 ut
599 422 728 486 domum
756 419 797 485 ad
826 442 861 483 se
883 420 1015 506 quisque
1036 417 1180 504 hospitio

217 509 418 596 cupidissime
429 511 593 593 reciperet.
610 506 733 587 Quibus
747 505 842 570 rebus
854 505 1041 591 perterritus
1056 503 1178 586 Varro,

216 613 313 682 quum
334 595 445 659 itinere
467 615 620 659 converso
642 615 713 658 sese
727 590 872 656 Italicam
892 599 1061 656 venturum
1081 611 1178 676 prae-

214 682 361 762 misisset,
391 680 506 743 certibr
535 678 575 743 ab
605 681 670 743 suis
699 677 800 742 factus
828 684 877 740 est
897 675 1079 762 praeclusas
1102 697 1179 741 esse

215 775 333 852 portas.
362 764 445 828 Tum
472 786 549 830 vero
572 767 656 830 omni
677 761 868 828 interclusus
895 763 1007 826 itinere
1030 761 1072 825 ad
1094 760 1179 826 Cae·

216 874 320 916 sarem
341 851 436 913 mittit
456 859 602 935 paratum
625 872 659 915 se
682 870 752 914 esse
775 848 941 934 legionem,
964 848 1016 911 oui
1036 847 1178 931 iusserit,

216 936 352 1001 madere.
374 935 434 998 Ille
456 934 498 999 ad
520 957 592 999 eum
614 933 747 1000 Sextum
770 931 940 998 Caesarem
962 933 1057 996 mittit
1078 941 1179 1020 atque

213 1022 288 1086 huic
310 1021 391 1086 tradi
405 1019 501 1087 iubet.
517 1019 650 1084 Tradita
664 1019 789 1104 legione
810 1019 912 1082 Varro
936 1016 1117 1083 Cordubam
1134 1019 1179 1083 ad

216 1107 387 1172 Caesarem
413 1108 516 1188 venit3
545 1105 653 1169 relatis
682 1105 723 1169 ad
753 1126 825 1168 eum
852 1102 989 1190 publicis
1012 1125 1084 1168 cum
1109 1103 1178 1168 fide

214 1191 390 1257 rationibus
418 1190 502 1277 quod
528 1213 628 1276 penes
658 1210 731 1255 eum
759 1199 809 1254 est
833 1191 987 1276 pecuniae
1015 1189 1111 1276 tradit
1133 1202 1176 1275 et,

215 1277 292 1364 quid
312 1276 368 1340 ubi
390 1299 430 1341 ue
452 1276 568 1341 habeat
588 1275 737 1340 frumenti
759 1284 790 1340 et
811 1275 950 1356 navium,
974 1274 1120 1339 ostendit

279 1362 330 1426 21.
383 1384 474 1426 aesar
507 1362 658 1428 concione
685 1359 793 1426 habita
826 1359 996 1426 Cordubae
1028 1359 1177 1426 omnibus

238 1448 390 1514 eneratim
411 1448 528 1532 gratias
551 1447 632 1531 agit:
650 1446 772 1511 civibus
794 1445 954 1528 Romanis,
978 1445 1063 1532 quod
1085 1449 1176 1532 oppi-

215 1471 291 1617 dum
312 1534 346 1596 in
368 1555 425 1597 sua
446 1541 600 1618 potestate
630 1532 824 1596 studuissent
853 1531 988 1613 habere;
1010 1531 1176 1617 Hispanis,

216 1618 301 1706 quod
321 1618 481 1704 praesidia
502 1617 715 1704 expulissent3
739 1616 914 1700 Gaditanis,
938 1616 1023 1702 quod
1044 1627 1178 1682 conatus

216 1704 469 1770 adversancium
483 1703 685 1788 infregissent
700 1725 833 1789 seseque
854 1704 888 1768 in
908 1702 1086 1767 libertatem
1106 1704 1177 1767 vin·

216 1789 391 1873 dicassent3
414 1789 549 1854 tribunis
571 1787 706 1853 militum
728 1787 1037 1874 centurionibusque,
1061 1790 1116 1874 qui
1138 1811 1177 1854 ec

215 1875 365 1962 praesidii
394 1897 491 1940 causa
511 1884 675 1957 venerant,
705 1873 791 1959 quod
819 1896 938 1938 eorum.
958 1873 1089 1938 consilia
1119 1897 1178 1939 sua

215 1963 331 2028 virtute
360 1959 609 2026 confirmassent.
638 1959 805 2042 Pecunias,
836 1982 914 2044 quas
944 1968 1034 2023 erant
1060 1963 1094 2024 in
1120 1981 1178 2046 pu·

215 2046 334 2112 blicum
355 2046 493 2110 Varroni
515 2046 600 2110 cives
614 2044 749 2110 Romani
762 2045 905 2131 polliciti,
927 2045 1073 2127 remittit3
1089 2044 1176 2110 bona

216 2132 353 2196 restituit
373 2133 422 2214 iis,
439 2153 517 2280 quos
532 2129 661 2195 liberius
676 2129 798 2195 locutos
813 2130 895 2195 hanc
916 2152 1052 2216 poenam
1065 2130 1177 2195 tulisse

217 2227 419 2302 cognoverat.
470 2216 584 2280 ributis
607 2214 796 2301 quibusdam
847 2216 961 2281 ublicis
982 2217 1112 2301 privatis
1134 2239 1177 2282 ue

237 2303 365 2367 raemiis
397 2301 535 2387 reliquos
567 2302 601 2364 in
632 2309 795 2387 posterum
824 2239 915 2366 bona
947 2323 1003 2387 spe
1040 2239 1178 2387 complet

215 2325 409 2472 biduumque
422 2385 590 2452 Cordubae
601 2396 814 2452 commoratus
826 2387 934 2452 Gades
946 2387 1174 2473 proficiscitur:

215 2475 368 2559 pecunias
380 2480 653 2558 monumentaque,
667 2494 750 2559 quae
762 2495 803 2538 ex
814 2472 887 2537 fano
899 2471 1047 2537 Herculis
1059 2471 1177 2537 collata

219 2563 308 2623 erant
329 2559 363 2622 in
384 2559 541 2644 privatam
562 2557 700 2640 domum,
715 2559 826 2624 referri
846 2559 881 2622 in
901 2557 1054 2643 templum
1075 2557 1175 2623 iubet.

87 2681 92 2694 ·
215 2644 404 2710 Provinciae
426 2643 466 2723 Q.
495 2642 641 2708 Cassium
669 2643 828 2728 praeficit:
857 2643 931 2708 huic
959 2651 1008 2706 1111
1034 2643 1176 2728 legiones

217 2730 367 2794 attribuit.
395 2728 469 2814 Ipse
497 2730 536 2793 iis
563 2728 708 2811 navibus,
738 2751 816 2815 quas
837 2729 882 2792 M.
910 2729 1012 2793 Varro
1034 2750 1176 2815 quasque

143 2893 147 2902 ,
216 2814 367 2880 Gaditani
388 2815 476 2878 iussu
497 2814 650 2879 Varronis
665 2814 816 2898 fecerant,
832 2814 1044 2880 Tarraconem
1064 2817 1176 2899 paucis

217 2900 329 2966 diebus
351 2900 506 2986 pervenit.
528 2898 579 2964 lbi
605 2901 701 2964 totius
728 2900 795 2966 iere
818 2901 971 2965 citerioris
992 2901 1176 2986 provinciae

215 2985 390 3072 legationes
413 2983 559 3049 Caesaris
586 2985 757 3050 adventum
779 3007 835 3050 exs
859 2984 1015 3051 ectabant.
1053 2986 1176 3051 Eadem

214 3073 336 3138 ratione
392 3071 518 3134 rivatim
547 3093 585 3136 ao
619 3071 747 3157 publice
779 3008 968 3157 quibusdam
997 3071 1176 3136 civitatibus

215 3157 330 3222 habitis
366 3093 537 3222 dcnoribus
584 3157 765 3222 Tarracone
801 3156 934 3222 discedit
978 3157 1175 3243 pedibusque

215 3243 398 3308 Narbonem
419 3251 451 3307 at
473 3264 512 3307 ue
534 3241 608 3306 inde
629 3242 804 3308 Massiliam
824 3244 979 3328 pervenit.
1002 3241 1052 3306 Ibi
1071 3243 1175 3328 legem

216 3327 255 3393 de
278 3328 432 3394 dictatore
452 3265 550 3393 latam
580 3349 713 3414 seseque
740 3328 925 3394 dictatorem
947 3328 1066 3392 dictum
1088 3351 1108 3394 a
1129 3328 1173 3392 M.

213 3411 336 3498 Lepido
381 3422 505 3478 raetore
532 3417 704 3499 cognoscit.

279 3497 330 3561 22.
387 3498 567 3565 assilienses
595 3498 740 3564 omnibus
769 3499 886 3567 defessi
914 3499 1015 3582 malis,
1044 3501 1093 3565 rei
1113 3499 1176 3565 iru-
