<?xml version="1.0" encoding="UTF-8"?>
<!DOCTYPE html PUBLIC "-//W3C//DTD XHTML 1.0 Transitional//EN"
    "http://www.w3.org/TR/xhtml1/DTD/xhtml1-transitional.dtd">
<html xmlns="http://www.w3.org/1999/xhtml" xml:lang="en" lang="en">
 <head>
  <title>
</title>
<meta http-equiv="Content-Type" content="text/html;charset=utf-8" />
  <meta name='ocr-system' content='tesseract 3.04.00' />
  <meta name='ocr-capabilities' content='ocr_page ocr_carea ocr_par ocr_line ocrx_word'/>
</head>
<body>
  <div class='ocr_page' id='page_1' title='image "./ciuliicaesarisc01hirtgoog_0545.png"; bbox 0 0 2490 3974; ppageno 0'>
   <div class='ocr_carea' id='block_1_1' title="bbox 147 176 803 242">
    <p class='ocr_par' dir='ltr' id='par_1_1' title="bbox 147 176 803 242">
     <span class='ocr_line' id='line_1_1' title="bbox 147 176 803 242; baseline -0.003 0"><span class='ocrx_word' id='word_1_1' title='bbox 147 176 210 242; x_wconf 88' lang='grc'><strong>198</strong></span> <span class='ocrx_word' id='word_1_2' title='bbox 460 177 591 242; x_wconf 83' lang='lat' dir='ltr'>BELLI</span> <span class='ocrx_word' id='word_1_3' title='bbox 613 177 803 242; x_wconf 78' lang='lat' dir='ltr'><strong>AFRICAE</strong></span> 
     </span>
    </p>
   </div>
   <div class='ocr_carea' id='block_1_2' title="bbox 71 348 1145 1288">
    <p class='ocr_par' dir='ltr' id='par_1_2' title="bbox 144 348 1145 946">
     <span class='ocr_line' id='line_1_2' title="bbox 144 348 1145 434; baseline -0.002 -22"><span class='ocrx_word' id='word_1_4' title='bbox 144 349 236 412; x_wconf 89' lang='lat' dir='ltr'><strong>milia</strong></span> <span class='ocrx_word' id='word_1_5' title='bbox 256 371 409 433; x_wconf 75' lang='lat' dir='ltr'><strong>passuum</strong></span> <span class='ocrx_word' id='word_1_6' title='bbox 431 357 469 412; x_wconf 88' lang='lat' dir='ltr'><strong>v1</strong></span> <span class='ocrx_word' id='word_1_7' title='bbox 491 359 596 418; x_wconf 89' lang='lat' dir='ltr'><strong>terrae</strong></span> <span class='ocrx_word' id='word_1_8' title='bbox 618 348 746 413; x_wconf 86' lang='lat' dir='ltr'><strong>Africae</strong></span> <span class='ocrx_word' id='word_1_9' title='bbox 780 369 905 434; x_wconf 91' lang='lat' dir='ltr'><strong>quoquo</strong></span> <span class='ocrx_word' id='word_1_10' title='bbox 936 371 1059 412; x_wconf 87' lang='lat' dir='ltr'><strong>versus</strong></span> <span class='ocrx_word' id='word_1_11' title='bbox 1086 357 1145 410; x_wconf 84' lang='lat' dir='ltr'><strong>te-</strong></span> 
     </span>
     <span class='ocr_line' id='line_1_3' title="bbox 146 433 1142 535; baseline -0.004 -37"><span class='ocrx_word' id='word_1_12' title='bbox 146 433 270 498; x_wconf 82' lang='lat' dir='ltr'>nebant</span> <span class='ocrx_word' id='word_1_13' title='bbox 290 434 464 521; x_wconf 80' lang='lat' dir='ltr'>pabulique</span> <span class='ocrx_word' id='word_1_14' title='bbox 486 436 595 535; x_wconf 89' lang='lat' dir='ltr'><strong>inopia</strong></span> <span class='ocrx_word' id='word_1_15' title='bbox 615 434 850 518; x_wconf 88' lang='lat' dir='ltr'><strong>premebantur.</strong></span> <span class='ocrx_word' id='word_1_16' title='bbox 883 434 957 513; x_wconf 76' lang='lat' dir='ltr'><strong>Qua</strong></span> <span class='ocrx_word' id='word_1_17' title='bbox 977 433 1142 499; x_wconf 87' lang='lat' dir='ltr'><strong>necessi-</strong></span> 
     </span>
     <span class='ocr_line' id='line_1_4' title="bbox 147 519 1143 605; baseline -0.004 -21"><span class='ocrx_word' id='word_1_18' title='bbox 147 528 215 584; x_wconf 83' lang='lat' dir='ltr'>tate</span> <span class='ocrx_word' id='word_1_19' title='bbox 231 521 333 584; x_wconf 88' lang='lat' dir='ltr'><strong>coacti</strong></span> <span class='ocrx_word' id='word_1_20' title='bbox 348 522 493 584; x_wconf 86' lang='lat' dir='ltr'><strong>veterani</strong></span> <span class='ocrx_word' id='word_1_21' title='bbox 509 519 623 584; x_wconf 77' lang='lat' dir='ltr'><strong>milites</strong></span> <span class='ocrx_word' id='word_1_22' title='bbox 640 520 834 605; x_wconf 78' lang='lat' dir='ltr'><strong>equitesque,</strong></span> <span class='ocrx_word' id='word_1_23' title='bbox 849 521 905 604; x_wconf 94' lang='lat' dir='ltr'><strong>qui</strong></span> <span class='ocrx_word' id='word_1_24' title='bbox 920 519 1021 583; x_wconf 89' lang='lat' dir='ltr'><strong>multa</strong></span> <span class='ocrx_word' id='word_1_25' title='bbox 1035 528 1143 582; x_wconf 81' lang='lat' dir='ltr'><strong>terra</strong></span> 
     </span>
     <span class='ocr_line' id='line_1_5' title="bbox 147 601 1140 690; baseline -0.002 -23"><span class='ocrx_word' id='word_1_26' title='bbox 147 605 297 690; x_wconf 86' lang='lat' dir='ltr'><strong>marique</strong></span> <span class='ocrx_word' id='word_1_27' title='bbox 318 605 406 670; x_wconf 86' lang='lat' dir='ltr'><strong>bella</strong></span> <span class='ocrx_word' id='word_1_28' title='bbox 429 604 641 670; x_wconf 75' lang='lat' dir='ltr'><strong>confecissent</strong></span> <span class='ocrx_word' id='word_1_29' title='bbox 662 613 694 668; x_wconf 94' lang='lat' dir='ltr'><strong>et</strong></span> <span class='ocrx_word' id='word_1_30' title='bbox 709 603 859 689; x_wconf 83' lang='lat' dir='ltr'><strong>periculis</strong></span> <span class='ocrx_word' id='word_1_31' title='bbox 874 606 1050 689; x_wconf 78' lang='lat' dir='ltr'><strong>inopiaque</strong></span> <span class='ocrx_word' id='word_1_32' title='bbox 1067 601 1140 666; x_wconf 84' lang='lat' dir='ltr'><strong>tali</strong></span> 
     </span>
     <span class='ocr_line' id='line_1_6' title="bbox 150 689 1140 775; baseline -0.004 -21"><span class='ocrx_word' id='word_1_33' title='bbox 150 712 247 774; x_wconf 85' lang='lat' dir='ltr'><strong>saepe</strong></span> <span class='ocrx_word' id='word_1_34' title='bbox 269 699 377 754; x_wconf 84' lang='lat' dir='ltr'><strong>essent</strong></span> <span class='ocrx_word' id='word_1_35' title='bbox 399 690 583 772; x_wconf 89' lang='lat' dir='ltr'><strong>conflictati,</strong></span> <span class='ocrx_word' id='word_1_36' title='bbox 607 689 680 775; x_wconf 84' lang='lat' dir='ltr'><strong>alga</strong></span> <span class='ocrx_word' id='word_1_37' title='bbox 700 711 718 754; x_wconf 85' lang='lat' dir='ltr'><strong>e</strong></span> <span class='ocrx_word' id='word_1_38' title='bbox 733 690 825 753; x_wconf 86' lang='lat' dir='ltr'><strong>litore</strong></span> <span class='ocrx_word' id='word_1_39' title='bbox 842 689 975 757; x_wconf 86' lang='lat' dir='ltr'><strong>collecta</strong></span> <span class='ocrx_word' id='word_1_40' title='bbox 990 698 1022 752; x_wconf 94' lang='lat' dir='ltr'><strong>et</strong></span> <span class='ocrx_word' id='word_1_41' title='bbox 1037 709 1140 774; x_wconf 82' lang='lat' dir='ltr'><strong>aqua</strong></span> 
     </span>
     <span class='ocr_line' id='line_1_7' title="bbox 152 774 1137 841; baseline -0.004 -2"><span class='ocrx_word' id='word_1_42' title='bbox 152 774 238 839; x_wconf 91' lang='lat' dir='ltr'><strong>dulci</strong></span> <span class='ocrx_word' id='word_1_43' title='bbox 261 774 346 840; x_wconf 88' lang='lat' dir='ltr'><strong>eluta</strong></span> <span class='ocrx_word' id='word_1_44' title='bbox 368 777 465 840; x_wconf 87' lang='lat' dir='ltr'><strong>etita</strong></span> <span class='ocrx_word' id='word_1_45' title='bbox 487 775 636 841; x_wconf 89' lang='lat' dir='ltr'><strong>iumentis</strong></span> <span class='ocrx_word' id='word_1_46' title='bbox 664 774 879 840; x_wconf 87' lang='lat' dir='ltr'><strong>esurientibus</strong></span> <span class='ocrx_word' id='word_1_47' title='bbox 913 775 989 839; x_wconf 89' lang='lat' dir='ltr'><strong>data</strong></span> <span class='ocrx_word' id='word_1_48' title='bbox 1020 776 1137 837; x_wconf 85' lang='lat' dir='ltr'><strong>vitam</strong></span> 
     </span>
     <span class='ocr_line' id='line_1_8' title="bbox 153 859 930 946; baseline -0.006 -20"><span class='ocrx_word' id='word_1_49' title='bbox 153 882 264 926; x_wconf 87' lang='lat' dir='ltr'><strong>corum</strong></span> <span class='ocrx_word' id='word_1_50' title='bbox 286 859 515 946; x_wconf 75' lang='lat' dir='ltr'><strong>producebant.</strong></span> <span class='ocrx_word' id='word_1_51' title='bbox 924 885 930 898; x_wconf 91' lang='lat'><strong>·</strong></span> 
     </span>
    </p>

    <p class='ocr_par' dir='ltr' id='par_1_3' title="bbox 71 945 1137 1288">
     <span class='ocr_line' id='line_1_9' title="bbox 216 945 1136 1030; baseline 0 -21"><span class='ocrx_word' id='word_1_52' title='bbox 216 946 268 1009; x_wconf 78' lang='lat'><strong>25.</strong></span> <span class='ocrx_word' id='word_1_53' title='bbox 302 945 407 1024; x_wconf 79' lang='lat' dir='ltr'><strong>Quum</strong></span> <span class='ocrx_word' id='word_1_54' title='bbox 439 946 520 1010; x_wconf 90' lang='lat' dir='ltr'><strong>haec</strong></span> <span class='ocrx_word' id='word_1_55' title='bbox 552 946 597 1010; x_wconf 90' lang='lat' dir='ltr'><strong>ita</strong></span> <span class='ocrx_word' id='word_1_56' title='bbox 630 946 754 1029; x_wconf 88' lang='lat' dir='ltr'><strong>fierent,</strong></span> <span class='ocrx_word' id='word_1_57' title='bbox 786 967 844 1009; x_wconf 87' lang='lat' dir='ltr'><strong>rex</strong></span> <span class='ocrx_word' id='word_1_58' title='bbox 871 945 950 1008; x_wconf 87' lang='lat' dir='ltr'><strong>Iuba</strong></span> <span class='ocrx_word' id='word_1_59' title='bbox 983 946 1136 1030; x_wconf 80' lang='lat' dir='ltr'><strong>cognitis</strong></span> 
     </span>
     <span class='ocr_line' id='line_1_10' title="bbox 154 1029 1137 1117; baseline -0.002 -21"><span class='ocrx_word' id='word_1_60' title='bbox 154 1029 303 1096; x_wconf 77' lang='lat' dir='ltr'><strong>Caesaris</strong></span> <span class='ocrx_word' id='word_1_61' title='bbox 336 1030 590 1095; x_wconf 88' lang='lat' dir='ltr'><strong>difficultatibus.</strong></span> <span class='ocrx_word' id='word_1_62' title='bbox 610 1033 837 1117; x_wconf 79' lang='lat' dir='ltr'><strong>copiarumque</strong></span> <span class='ocrx_word' id='word_1_63' title='bbox 865 1031 1024 1115; x_wconf 81' lang='lat' dir='ltr'><strong>paucitate</strong></span> <span class='ocrx_word' id='word_1_64' title='bbox 1059 1053 1137 1094; x_wconf 92' lang='lat' dir='ltr'><strong>non</strong></span> 
     </span>
     <span class='ocr_line' id='line_1_11' title="bbox 156 1115 1137 1264; baseline -0.002 -84"><span class='ocrx_word' id='word_1_65' title='bbox 156 1125 205 1181; x_wconf 92' lang='lat' dir='ltr'><strong>est</strong></span> <span class='ocrx_word' id='word_1_66' title='bbox 226 1117 330 1180; x_wconf 87' lang='lat' dir='ltr'><strong>visum</strong></span> <span class='ocrx_word' id='word_1_67' title='bbox 353 1117 424 1180; x_wconf 88' lang='lat' dir='ltr'><strong>dari</strong></span> <span class='ocrx_word' id='word_1_68' title='bbox 447 1117 583 1264; x_wconf 62' lang='lat' dir='ltr'><strong>spatium</strong></span> <span class='ocrx_word' id='word_1_69' title='bbox 618 1115 862 1182; x_wconf 81' lang='lat' dir='ltr'><strong>convalescendi</strong></span> <span class='ocrx_word' id='word_1_70' title='bbox 892 1116 1137 1200; x_wconf 87' lang='lat' dir='ltr'><strong>augendarum-</strong></span> 
     </span>
     <span class='ocr_line' id='line_1_12' title="bbox 71 1202 1137 1288; baseline -0.002 -22"><span class='ocrx_word' id='word_1_71' title='bbox 71 1258 80 1283; x_wconf 80' lang='lat'><strong>,</strong></span> <span class='ocrx_word' id='word_1_72' title='bbox 156 1224 220 1288; x_wconf 91' lang='lat' dir='ltr'><strong>que</strong></span> <span class='ocrx_word' id='word_1_73' title='bbox 243 1202 310 1264; x_wconf 90' lang='lat' dir='ltr'><strong>eius</strong></span> <span class='ocrx_word' id='word_1_74' title='bbox 333 1224 439 1288; x_wconf 90' lang='lat' dir='ltr'><strong>opum.</strong></span> <span class='ocrx_word' id='word_1_75' title='bbox 489 1211 585 1287; x_wconf 87' lang='lat' dir='ltr'><strong>taque</strong></span> <span class='ocrx_word' id='word_1_76' title='bbox 620 1204 811 1288; x_wconf 90' lang='lat' dir='ltr'><strong>comparatis</strong></span> <span class='ocrx_word' id='word_1_77' title='bbox 835 1203 975 1285; x_wconf 89' lang='lat' dir='ltr'><strong>equitum</strong></span> <span class='ocrx_word' id='word_1_78' title='bbox 998 1203 1137 1286; x_wconf 85' lang='lat' dir='ltr'><strong>magnis</strong></span> 
     </span>
    </p>
   </div>
   <div class='ocr_carea' id='block_1_3' title="bbox 156 1286 1136 1386">
    <p class='ocr_par' dir='ltr' id='par_1_4' title="bbox 156 1286 1136 1386">
     <span class='ocr_line' id='line_1_13' title="bbox 156 1286 1136 1386; baseline -0.001 -36"><span class='ocrx_word' id='word_1_79' title='bbox 156 1286 361 1373; x_wconf 86' lang='lat' dir='ltr'><strong>peditumque</strong></span> <span class='ocrx_word' id='word_1_80' title='bbox 384 1287 484 1372; x_wconf 90' lang='lat' dir='ltr'><strong>copiis</strong></span> <span class='ocrx_word' id='word_1_81' title='bbox 507 1286 651 1351; x_wconf 87' lang='lat' dir='ltr'><strong>subsidio</strong></span> <span class='ocrx_word' id='word_1_82' title='bbox 674 1309 739 1351; x_wconf 75' lang='lat' dir='ltr'><strong>suis</strong></span> <span class='ocrx_word' id='word_1_83' title='bbox 762 1308 910 1370; x_wconf 88' lang='lat' dir='ltr'><strong>egressus</strong></span> <span class='ocrx_word' id='word_1_84' title='bbox 934 1289 1136 1386; x_wconf 67' lang='lat' dir='ltr'><strong>eregnoire</strong></span> 
     </span>
    </p>
   </div>
   <div class='ocr_carea' id='block_1_4' title="bbox 158 1371 1221 3480">
    <p class='ocr_par' dir='ltr' id='par_1_5' title="bbox 158 1371 1135 2904">
     <span class='ocr_line' id='line_1_14' title="bbox 161 1371 1135 1436; baseline -0.001 -1"><span class='ocrx_word' id='word_1_85' title='bbox 161 1371 333 1436; x_wconf 87' lang='lat' dir='ltr'><strong>contendit.</strong></span> <span class='ocrx_word' id='word_1_86' title='bbox 356 1372 392 1435; x_wconf 93' lang='lat' dir='ltr'><strong>P.</strong></span> <span class='ocrx_word' id='word_1_87' title='bbox 406 1371 517 1436; x_wconf 88' lang='lat' dir='ltr'><strong>Sittius</strong></span> <span class='ocrx_word' id='word_1_88' title='bbox 529 1373 656 1436; x_wconf 87' lang='lat' dir='ltr'><strong>interim</strong></span> <span class='ocrx_word' id='word_1_89' title='bbox 670 1381 701 1436; x_wconf 86' lang='lat' dir='ltr'><strong>et</strong></span> <span class='ocrx_word' id='word_1_90' title='bbox 712 1393 771 1434; x_wconf 88' lang='lat' dir='ltr'><strong>rex</strong></span> <span class='ocrx_word' id='word_1_91' title='bbox 785 1371 931 1435; x_wconf 91' lang='lat' dir='ltr'><strong>Bocchus</strong></span> <span class='ocrx_word' id='word_1_92' title='bbox 948 1380 1135 1435; x_wconf 75' lang='lat' dir='ltr'><strong>coniunctis</strong></span> 
     </span>
     <span class='ocr_line' id='line_1_15' title="bbox 160 1455 1134 1542; baseline -0.002 -20"><span class='ocrx_word' id='word_1_93' title='bbox 160 1457 226 1522; x_wconf 87' lang='lat' dir='ltr'><strong>suis</strong></span> <span class='ocrx_word' id='word_1_94' title='bbox 249 1459 347 1542; x_wconf 87' lang='lat' dir='ltr'><strong>copiis</strong></span> <span class='ocrx_word' id='word_1_95' title='bbox 371 1459 497 1542; x_wconf 87' lang='lat' dir='ltr'><strong>cognito</strong></span> <span class='ocrx_word' id='word_1_96' title='bbox 520 1459 606 1542; x_wconf 86' lang='lat' dir='ltr'><strong>regis</strong></span> <span class='ocrx_word' id='word_1_97' title='bbox 629 1455 728 1521; x_wconf 89' lang='lat' dir='ltr'><strong>Iubae</strong></span> <span class='ocrx_word' id='word_1_98' title='bbox 751 1479 882 1542; x_wconf 83' lang='lat' dir='ltr'><strong>egressu</strong></span> <span class='ocrx_word' id='word_1_99' title='bbox 902 1457 1034 1542; x_wconf 86' lang='lat' dir='ltr'><strong>propius</strong></span> <span class='ocrx_word' id='word_1_100' title='bbox 1057 1458 1134 1520; x_wconf 86' lang='lat' dir='ltr'><strong>eius</strong></span> 
     </span>
     <span class='ocr_line' id='line_1_16' title="bbox 158 1541 1134 1628; baseline -0.002 -22"><span class='ocrx_word' id='word_1_101' title='bbox 158 1564 292 1627; x_wconf 84' lang='lat' dir='ltr'><strong>regnum</strong></span> <span class='ocrx_word' id='word_1_102' title='bbox 308 1544 413 1628; x_wconf 88' lang='lat' dir='ltr'><strong>copias</strong></span> <span class='ocrx_word' id='word_1_103' title='bbox 430 1564 504 1606; x_wconf 88' lang='lat' dir='ltr'><strong>suas</strong></span> <span class='ocrx_word' id='word_1_104' title='bbox 520 1541 701 1624; x_wconf 84' lang='lat' dir='ltr'><strong>admovere,</strong></span> <span class='ocrx_word' id='word_1_105' title='bbox 720 1550 810 1627; x_wconf 78' lang='lat' dir='ltr'><strong>isque</strong></span> <span class='ocrx_word' id='word_1_106' title='bbox 827 1541 956 1624; x_wconf 80' lang='lat' dir='ltr'><strong>Cirtam,</strong></span> <span class='ocrx_word' id='word_1_107' title='bbox 974 1541 1134 1628; x_wconf 90' lang='lat' dir='ltr'><strong>oppidum</strong></span> 
     </span>
     <span class='ocr_line' id='line_1_17' title="bbox 162 1625 1135 1714; baseline -0.003 -21"><span class='ocrx_word' id='word_1_108' title='bbox 162 1626 435 1714; x_wconf 88' lang='lat' dir='ltr'><strong>opulentissimum</strong></span> <span class='ocrx_word' id='word_1_109' title='bbox 469 1627 536 1690; x_wconf 89' lang='lat' dir='ltr'><strong>eius</strong></span> <span class='ocrx_word' id='word_1_110' title='bbox 569 1627 670 1711; x_wconf 87' lang='lat' dir='ltr'><strong>regni,</strong></span> <span class='ocrx_word' id='word_1_111' title='bbox 710 1625 838 1690; x_wconf 85' lang='lat' dir='ltr'><strong>adortus</strong></span> <span class='ocrx_word' id='word_1_112' title='bbox 871 1629 980 1712; x_wconf 87' lang='lat' dir='ltr'><strong>paucis</strong></span> <span class='ocrx_word' id='word_1_113' title='bbox 1014 1627 1135 1691; x_wconf 87' lang='lat' dir='ltr'><strong>diebus</strong></span> 
     </span>
     <span class='ocr_line' id='line_1_18' title="bbox 162 1711 1130 1798; baseline 0.001 -23"><span class='ocrx_word' id='word_1_114' title='bbox 162 1714 336 1798; x_wconf 86' lang='lat' dir='ltr'><strong>pugnando</strong></span> <span class='ocrx_word' id='word_1_115' title='bbox 370 1715 455 1797; x_wconf 88' lang='lat' dir='ltr'><strong>capit</strong></span> <span class='ocrx_word' id='word_1_116' title='bbox 488 1721 519 1776; x_wconf 92' lang='lat' dir='ltr'><strong>et</strong></span> <span class='ocrx_word' id='word_1_117' title='bbox 552 1722 720 1798; x_wconf 88' lang='lat' dir='ltr'><strong>praeterea</strong></span> <span class='ocrx_word' id='word_1_118' title='bbox 752 1712 814 1776; x_wconf 93' lang='lat' dir='ltr'><strong>duo</strong></span> <span class='ocrx_word' id='word_1_119' title='bbox 837 1712 954 1797; x_wconf 87' lang='lat' dir='ltr'><strong>oppida</strong></span> <span class='ocrx_word' id='word_1_120' title='bbox 977 1711 1130 1776; x_wconf 80' lang='lat' dir='ltr'><strong>Gaetulo-</strong></span> 
     </span>
     <span class='ocr_line' id='line_1_19' title="bbox 163 1796 1133 1883; baseline -0.002 -21"><span class='ocrx_word' id='word_1_121' title='bbox 163 1821 250 1879; x_wconf 83' lang='lat' dir='ltr'><strong>rum3</strong></span> <span class='ocrx_word' id='word_1_122' title='bbox 274 1799 388 1883; x_wconf 88' lang='lat' dir='ltr'><strong>quibus</strong></span> <span class='ocrx_word' id='word_1_123' title='bbox 411 1820 508 1882; x_wconf 90' lang='lat' dir='ltr'><strong>quum</strong></span> <span class='ocrx_word' id='word_1_124' title='bbox 531 1796 743 1862; x_wconf 90' lang='lat' dir='ltr'><strong>conditionem</strong></span> <span class='ocrx_word' id='word_1_125' title='bbox 758 1797 865 1879; x_wconf 89' lang='lat' dir='ltr'><strong>ferret,</strong></span> <span class='ocrx_word' id='word_1_126' title='bbox 888 1806 923 1861; x_wconf 91' lang='lat' dir='ltr'><strong>ut</strong></span> <span class='ocrx_word' id='word_1_127' title='bbox 938 1797 1052 1882; x_wconf 91' lang='lat' dir='ltr'><strong>oppido</strong></span> <span class='ocrx_word' id='word_1_128' title='bbox 1076 1820 1133 1860; x_wconf 87' lang='lat' dir='ltr'><strong>ex·</strong></span> 
     </span>
     <span class='ocr_line' id='line_1_20' title="bbox 165 1881 1134 1969; baseline -0.003 -21"><span class='ocrx_word' id='word_1_129' title='bbox 165 1882 316 1948; x_wconf 88' lang='lat' dir='ltr'><strong>cederent</strong></span> <span class='ocrx_word' id='word_1_130' title='bbox 338 1883 434 1969; x_wconf 90' lang='lat' dir='ltr'><strong>idque</strong></span> <span class='ocrx_word' id='word_1_131' title='bbox 458 1881 518 1946; x_wconf 88' lang='lat' dir='ltr'><strong>sibi</strong></span> <span class='ocrx_word' id='word_1_132' title='bbox 540 1904 678 1946; x_wconf 87' lang='lat' dir='ltr'><strong>vacuum</strong></span> <span class='ocrx_word' id='word_1_133' title='bbox 700 1883 872 1963; x_wconf 82' lang='lat' dir='ltr'><strong>traderent,</strong></span> <span class='ocrx_word' id='word_1_134' title='bbox 903 1883 1134 1947; x_wconf 84' lang='lat' dir='ltr'><strong>conditionem-</strong></span> 
     </span>
     <span class='ocr_line' id='line_1_21' title="bbox 165 1967 1133 2055; baseline 0.002 -25"><span class='ocrx_word' id='word_1_135' title='bbox 165 1989 226 2055; x_wconf 90' lang='lat' dir='ltr'><strong>que</strong></span> <span class='ocrx_word' id='word_1_136' title='bbox 248 1969 477 2054; x_wconf 87' lang='lat' dir='ltr'><strong>repudiassent,</strong></span> <span class='ocrx_word' id='word_1_137' title='bbox 511 1976 623 2052; x_wconf 86' lang='lat' dir='ltr'><strong>postea</strong></span> <span class='ocrx_word' id='word_1_138' title='bbox 656 1967 696 2031; x_wconf 91' lang='lat' dir='ltr'><strong>ab</strong></span> <span class='ocrx_word' id='word_1_139' title='bbox 735 1989 772 2032; x_wconf 91' lang='lat' dir='ltr'><strong>eo</strong></span> <span class='ocrx_word' id='word_1_140' title='bbox 805 1969 889 2052; x_wconf 87' lang='lat' dir='ltr'><strong>capti</strong></span> <span class='ocrx_word' id='word_1_141' title='bbox 910 1969 1133 2054; x_wconf 84' lang='lat' dir='ltr'><strong>interfectique</strong></span> 
     </span>
     <span class='ocr_line' id='line_1_22' title="bbox 167 2052 1131 2139; baseline -0.002 -21"><span class='ocrx_word' id='word_1_142' title='bbox 167 2062 241 2118; x_wconf 87' lang='lat' dir='ltr'><strong>sunt</strong></span> <span class='ocrx_word' id='word_1_143' title='bbox 262 2077 381 2118; x_wconf 88' lang='lat' dir='ltr'><strong>omnes.</strong></span> <span class='ocrx_word' id='word_1_144' title='bbox 403 2052 483 2116; x_wconf 88' lang='lat' dir='ltr'><strong>Inde</strong></span> <span class='ocrx_word' id='word_1_145' title='bbox 498 2075 686 2137; x_wconf 85' lang='lat' dir='ltr'><strong>progressus</strong></span> <span class='ocrx_word' id='word_1_146' title='bbox 702 2074 797 2137; x_wconf 86' lang='lat' dir='ltr'><strong>agros</strong></span> <span class='ocrx_word' id='word_1_147' title='bbox 812 2053 992 2139; x_wconf 85' lang='lat' dir='ltr'><strong>oppidaque</strong></span> <span class='ocrx_word' id='word_1_148' title='bbox 1007 2075 1131 2117; x_wconf 88' lang='lat' dir='ltr'><strong>vexare</strong></span> 
     </span>
     <span class='ocr_line' id='line_1_23' title="bbox 165 2137 1131 2223; baseline 0.001 -22"><span class='ocrx_word' id='word_1_149' title='bbox 165 2162 229 2202; x_wconf 91' lang='lat' dir='ltr'><strong>non</strong></span> <span class='ocrx_word' id='word_1_150' title='bbox 251 2139 380 2203; x_wconf 85' lang='lat' dir='ltr'><strong>destitit.</strong></span> <span class='ocrx_word' id='word_1_151' title='bbox 404 2137 528 2218; x_wconf 77' lang='lat' dir='ltr'><strong>Quibus</strong></span> <span class='ocrx_word' id='word_1_152' title='bbox 550 2138 646 2202; x_wconf 88' lang='lat' dir='ltr'><strong>rebus</strong></span> <span class='ocrx_word' id='word_1_153' title='bbox 670 2139 804 2222; x_wconf 84' lang='lat' dir='ltr'><strong>cognitis</strong></span> <span class='ocrx_word' id='word_1_154' title='bbox 826 2138 915 2217; x_wconf 86' lang='lat' dir='ltr'><strong>Iuba,</strong></span> <span class='ocrx_word' id='word_1_155' title='bbox 946 2161 1042 2223; x_wconf 90' lang='lat' dir='ltr'><strong>quum</strong></span> <span class='ocrx_word' id='word_1_156' title='bbox 1066 2139 1131 2202; x_wconf 88' lang='lat' dir='ltr'><strong>iam</strong></span> 
     </span>
     <span class='ocr_line' id='line_1_24' title="bbox 166 2222 1130 2309; baseline 0 -23"><span class='ocrx_word' id='word_1_157' title='bbox 166 2245 230 2286; x_wconf 91' lang='lat' dir='ltr'><strong>non</strong></span> <span class='ocrx_word' id='word_1_158' title='bbox 253 2223 348 2309; x_wconf 84' lang='lat' dir='ltr'><strong>longe</strong></span> <span class='ocrx_word' id='word_1_159' title='bbox 370 2222 410 2288; x_wconf 89' lang='lat' dir='ltr'><strong>ab</strong></span> <span class='ocrx_word' id='word_1_160' title='bbox 434 2222 582 2308; x_wconf 80' lang='lat' dir='ltr'><strong>Scipione</strong></span> <span class='ocrx_word' id='word_1_161' title='bbox 606 2231 701 2308; x_wconf 90' lang='lat' dir='ltr'><strong>atque</strong></span> <span class='ocrx_word' id='word_1_162' title='bbox 724 2224 792 2286; x_wconf 89' lang='lat' dir='ltr'><strong>eius</strong></span> <span class='ocrx_word' id='word_1_163' title='bbox 826 2223 959 2287; x_wconf 86' lang='lat' dir='ltr'><strong>ducibus</strong></span> <span class='ocrx_word' id='word_1_164' title='bbox 993 2223 1130 2304; x_wconf 88' lang='lat' dir='ltr'><strong>abesset,</strong></span> 
     </span>
     <span class='ocr_line' id='line_1_25' title="bbox 169 2307 1131 2393; baseline -0.001 -21"><span class='ocrx_word' id='word_1_165' title='bbox 169 2330 206 2372; x_wconf 88' lang='lat' dir='ltr'><strong>ca</strong></span> <span class='ocrx_word' id='word_1_166' title='bbox 229 2309 254 2371; x_wconf 92' lang='lat' dir='ltr'><strong>it</strong></span> <span class='ocrx_word' id='word_1_167' title='bbox 276 2307 452 2390; x_wconf 88' lang='lat' dir='ltr'><strong>consilium,</strong></span> <span class='ocrx_word' id='word_1_168' title='bbox 487 2310 585 2371; x_wconf 88' lang='lat' dir='ltr'><strong>satius</strong></span> <span class='ocrx_word' id='word_1_169' title='bbox 615 2330 685 2372; x_wconf 88' lang='lat' dir='ltr'><strong>esse</strong></span> <span class='ocrx_word' id='word_1_170' title='bbox 709 2307 768 2371; x_wconf 86' lang='lat' dir='ltr'><strong>sibi</strong></span> <span class='ocrx_word' id='word_1_171' title='bbox 792 2329 911 2393; x_wconf 87' lang='lat' dir='ltr'><strong>suoque</strong></span> <span class='ocrx_word' id='word_1_172' title='bbox 934 2330 1032 2392; x_wconf 84' lang='lat' dir='ltr'><strong>regno</strong></span> <span class='ocrx_word' id='word_1_173' title='bbox 1056 2308 1131 2371; x_wconf 89' lang='lat' dir='ltr'><strong>sub-</strong></span> 
     </span>
     <span class='ocr_line' id='line_1_26' title="bbox 170 2331 1131 2479; baseline -0.001 -22"><span class='ocrx_word' id='word_1_174' title='bbox 170 2331 250 2458; x_wconf 80' lang='lat' dir='ltr'><strong>sidio</strong></span> <span class='ocrx_word' id='word_1_175' title='bbox 272 2394 329 2476; x_wconf 88' lang='lat' dir='ltr'><strong>ire,</strong></span> <span class='ocrx_word' id='word_1_176' title='bbox 353 2415 457 2479; x_wconf 84' lang='lat' dir='ltr'><strong>quam,</strong></span> <span class='ocrx_word' id='word_1_177' title='bbox 481 2392 556 2456; x_wconf 90' lang='lat' dir='ltr'><strong>dum</strong></span> <span class='ocrx_word' id='word_1_178' title='bbox 578 2391 656 2457; x_wconf 90' lang='lat' dir='ltr'><strong>alios</strong></span> <span class='ocrx_word' id='word_1_179' title='bbox 679 2391 842 2456; x_wconf 90' lang='lat' dir='ltr'><strong>adiuturus</strong></span> <span class='ocrx_word' id='word_1_180' title='bbox 865 2393 1131 2478; x_wconf 87' lang='lat' dir='ltr'><strong>proficisceretur,</strong></span> 
     </span>
     <span class='ocr_line' id='line_1_27' title="bbox 168 2477 1130 2563; baseline 0 -21"><span class='ocrx_word' id='word_1_181' title='bbox 168 2480 238 2563; x_wconf 89' lang='lat' dir='ltr'><strong>ipse</strong></span> <span class='ocrx_word' id='word_1_182' title='bbox 261 2501 318 2542; x_wconf 88' lang='lat' dir='ltr'><strong>suo</strong></span> <span class='ocrx_word' id='word_1_183' title='bbox 340 2500 439 2563; x_wconf 86' lang='lat' dir='ltr'><strong>regno</strong></span> <span class='ocrx_word' id='word_1_184' title='bbox 463 2477 614 2563; x_wconf 86' lang='lat' dir='ltr'><strong>expulsus</strong></span> <span class='ocrx_word' id='word_1_185' title='bbox 636 2478 767 2542; x_wconf 85' lang='lat' dir='ltr'><strong>forsitan</strong></span> <span class='ocrx_word' id='word_1_186' title='bbox 789 2488 922 2563; x_wconf 91' lang='lat' dir='ltr'><strong>utraque</strong></span> <span class='ocrx_word' id='word_1_187' title='bbox 941 2499 976 2540; x_wconf 92' lang='lat' dir='ltr'><strong>re</strong></span> <span class='ocrx_word' id='word_1_188' title='bbox 993 2478 1130 2563; x_wconf 86' lang='lat' dir='ltr'><strong>expelle-</strong></span> 
     </span>
     <span class='ocr_line' id='line_1_28' title="bbox 169 2561 1129 2648; baseline 0.002 -22"><span class='ocrx_word' id='word_1_189' title='bbox 169 2573 267 2626; x_wconf 90' lang='lat' dir='ltr'><strong>retur.</strong></span> <span class='ocrx_word' id='word_1_190' title='bbox 290 2563 402 2648; x_wconf 87' lang='lat' dir='ltr'><strong>Itaque</strong></span> <span class='ocrx_word' id='word_1_191' title='bbox 424 2585 533 2627; x_wconf 91' lang='lat' dir='ltr'><strong>rursus</strong></span> <span class='ocrx_word' id='word_1_192' title='bbox 550 2585 584 2625; x_wconf 86' lang='lat' dir='ltr'><strong>sc</strong></span> <span class='ocrx_word' id='word_1_193' title='bbox 600 2564 753 2647; x_wconf 88' lang='lat' dir='ltr'><strong>recipere,</strong></span> <span class='ocrx_word' id='word_1_194' title='bbox 777 2575 870 2648; x_wconf 88' lang='lat' dir='ltr'><strong>atque</strong></span> <span class='ocrx_word' id='word_1_195' title='bbox 894 2561 1014 2626; x_wconf 88' lang='lat' dir='ltr'><strong>auxilia</strong></span> <span class='ocrx_word' id='word_1_196' title='bbox 1036 2565 1129 2628; x_wconf 88' lang='lat' dir='ltr'><strong>etiam</strong></span> 
     </span>
     <span class='ocr_line' id='line_1_29' title="bbox 172 2647 1129 2734; baseline 0 -22"><span class='ocrx_word' id='word_1_197' title='bbox 172 2647 212 2712; x_wconf 89' lang='lat' dir='ltr'><strong>ab</strong></span> <span class='ocrx_word' id='word_1_198' title='bbox 236 2649 384 2734; x_wconf 85' lang='lat' dir='ltr'><strong>Scipione</strong></span> <span class='ocrx_word' id='word_1_199' title='bbox 417 2647 550 2711; x_wconf 85' lang='lat' dir='ltr'><strong>abduxit</strong></span> <span class='ocrx_word' id='word_1_200' title='bbox 579 2647 641 2711; x_wconf 92' lang='lat' dir='ltr'><strong>sibi</strong></span> <span class='ocrx_word' id='word_1_201' title='bbox 664 2649 792 2732; x_wconf 89' lang='lat' dir='ltr'><strong>suisque</strong></span> <span class='ocrx_word' id='word_1_202' title='bbox 814 2647 908 2712; x_wconf 91' lang='lat' dir='ltr'><strong>rebus</strong></span> <span class='ocrx_word' id='word_1_203' title='bbox 931 2650 1046 2710; x_wconf 86' lang='lat' dir='ltr'><strong>timens</strong></span> <span class='ocrx_word' id='word_1_204' title='bbox 1069 2649 1129 2712; x_wconf 90' lang='lat' dir='ltr'><strong>ele-</strong></span> 
     </span>
     <span class='ocr_line' id='line_1_30' title="bbox 172 2731 1129 2820; baseline -0.001 -22"><span class='ocrx_word' id='word_1_205' title='bbox 172 2733 360 2819; x_wconf 88' lang='lat' dir='ltr'><strong>phantisque</strong></span> <span class='ocrx_word' id='word_1_206' title='bbox 383 2739 461 2793; x_wconf 93' lang='lat' dir='ltr'><strong>XXX</strong></span> <span class='ocrx_word' id='word_1_207' title='bbox 482 2731 601 2796; x_wconf 88' lang='lat' dir='ltr'><strong>relictis</strong></span> <span class='ocrx_word' id='word_1_208' title='bbox 625 2733 689 2799; x_wconf 83' lang='lat' dir='ltr'><strong>suis</strong></span> <span class='ocrx_word' id='word_1_209' title='bbox 711 2733 828 2797; x_wconf 88' lang='lat' dir='ltr'><strong>finibus</strong></span> <span class='ocrx_word' id='word_1_210' title='bbox 851 2731 1038 2818; x_wconf 87' lang='lat' dir='ltr'><strong>oppidisque</strong></span> <span class='ocrx_word' id='word_1_211' title='bbox 1060 2755 1129 2820; x_wconf 93' lang='lat' dir='ltr'><strong>sup-</strong></span> 
     </span>
     <span class='ocr_line' id='line_1_31' title="bbox 173 2819 534 2904; baseline -0.006 -22"><span class='ocrx_word' id='word_1_212' title='bbox 173 2820 274 2904; x_wconf 88' lang='lat' dir='ltr'><strong>petias</strong></span> <span class='ocrx_word' id='word_1_213' title='bbox 296 2819 455 2904; x_wconf 85' lang='lat' dir='ltr'><strong>profeotus</strong></span> <span class='ocrx_word' id='word_1_214' title='bbox 478 2829 534 2881; x_wconf 90' lang='lat' dir='ltr'><strong>est.</strong></span> 
     </span>
    </p>

    <p class='ocr_par' dir='ltr' id='par_1_6' title="bbox 174 2902 1221 3480">
     <span class='ocr_line' id='line_1_32' title="bbox 238 2902 1129 2989; baseline 0.001 -23"><span class='ocrx_word' id='word_1_215' title='bbox 238 2904 289 2966; x_wconf 80' lang='lat'><strong>26.</strong></span> <span class='ocrx_word' id='word_1_216' title='bbox 313 2903 433 2967; x_wconf 83' lang='lat' dir='ltr'><strong>Caesar</strong></span> <span class='ocrx_word' id='word_1_217' title='bbox 455 2904 590 2985; x_wconf 79' lang='lat' dir='ltr'><strong>interim,</strong></span> <span class='ocrx_word' id='word_1_218' title='bbox 622 2924 717 2989; x_wconf 88' lang='lat' dir='ltr'><strong>quum</strong></span> <span class='ocrx_word' id='word_1_219' title='bbox 740 2902 781 2965; x_wconf 90' lang='lat' dir='ltr'><strong>dc</strong></span> <span class='ocrx_word' id='word_1_220' title='bbox 803 2925 859 2966; x_wconf 90' lang='lat' dir='ltr'><strong>suo</strong></span> <span class='ocrx_word' id='word_1_221' title='bbox 882 2903 1020 2968; x_wconf 87' lang='lat' dir='ltr'><strong>adventu</strong></span> <span class='ocrx_word' id='word_1_222' title='bbox 1043 2903 1129 2967; x_wconf 92' lang='lat' dir='ltr'><strong>dubi-</strong></span> 
     </span>
     <span class='ocr_line' id='line_1_33' title="bbox 174 2988 1129 3074; baseline 0.001 -22"><span class='ocrx_word' id='word_1_223' title='bbox 174 2989 251 3053; x_wconf 88' lang='lat' dir='ltr'><strong>tatio</strong></span> <span class='ocrx_word' id='word_1_224' title='bbox 273 2989 306 3052; x_wconf 92' lang='lat' dir='ltr'><strong>in</strong></span> <span class='ocrx_word' id='word_1_225' title='bbox 329 2989 493 3074; x_wconf 91' lang='lat' dir='ltr'><strong>provincia</strong></span> <span class='ocrx_word' id='word_1_226' title='bbox 526 2996 619 3069; x_wconf 87' lang='lat' dir='ltr'><strong>esset,</strong></span> <span class='ocrx_word' id='word_1_227' title='bbox 653 3010 756 3073; x_wconf 90' lang='lat' dir='ltr'><strong>neque</strong></span> <span class='ocrx_word' id='word_1_228' title='bbox 790 2990 954 3073; x_wconf 86' lang='lat' dir='ltr'><strong>quisquam</strong></span> <span class='ocrx_word' id='word_1_229' title='bbox 988 2988 1129 3053; x_wconf 87' lang='lat' dir='ltr'><strong>crederet</strong></span> 
     </span>
     <span class='ocr_line' id='line_1_34' title="bbox 175 3072 1129 3158; baseline 0.001 -23"><span class='ocrx_word' id='word_1_230' title='bbox 175 3075 287 3158; x_wconf 89' lang='lat' dir='ltr'><strong>ipsum,</strong></span> <span class='ocrx_word' id='word_1_231' title='bbox 323 3073 380 3138; x_wconf 86' lang='lat' dir='ltr'><strong>sed</strong></span> <span class='ocrx_word' id='word_1_232' title='bbox 402 3072 541 3158; x_wconf 87' lang='lat' dir='ltr'><strong>aliquem</strong></span> <span class='ocrx_word' id='word_1_233' title='bbox 562 3073 699 3157; x_wconf 84' lang='lat' dir='ltr'><strong>legatum</strong></span> <span class='ocrx_word' id='word_1_234' title='bbox 722 3073 755 3136; x_wconf 91' lang='lat' dir='ltr'><strong>in</strong></span> <span class='ocrx_word' id='word_1_235' title='bbox 777 3073 917 3137; x_wconf 86' lang='lat' dir='ltr'><strong>Africam</strong></span> <span class='ocrx_word' id='word_1_236' title='bbox 940 3095 1011 3137; x_wconf 92' lang='lat' dir='ltr'><strong>cum</strong></span> <span class='ocrx_word' id='word_1_237' title='bbox 1033 3074 1129 3158; x_wconf 89' lang='lat' dir='ltr'><strong>copiis</strong></span> 
     </span>
     <span class='ocr_line' id='line_1_35' title="bbox 174 3157 1128 3243; baseline 0.001 -21"><span class='ocrx_word' id='word_1_238' title='bbox 174 3160 311 3240; x_wconf 81' lang='lat' dir='ltr'><strong>venisse,</strong></span> <span class='ocrx_word' id='word_1_239' title='bbox 335 3159 519 3242; x_wconf 86' lang='lat' dir='ltr'><strong>conscriptis</strong></span> <span class='ocrx_word' id='word_1_240' title='bbox 542 3157 654 3221; x_wconf 88' lang='lat' dir='ltr'><strong>litteris</strong></span> <span class='ocrx_word' id='word_1_241' title='bbox 677 3159 795 3222; x_wconf 89' lang='lat' dir='ltr'><strong>circum</strong></span> <span class='ocrx_word' id='word_1_242' title='bbox 811 3159 1008 3243; x_wconf 81' lang='lat' dir='ltr'><strong>provinciam</strong></span> <span class='ocrx_word' id='word_1_243' title='bbox 1023 3180 1128 3223; x_wconf 90' lang='lat' dir='ltr'><strong>omnes</strong></span> 
     </span>
     <span class='ocr_line' id='line_1_36' title="bbox 177 3242 1129 3310; baseline 0.004 -5"><span class='ocrx_word' id='word_1_244' title='bbox 177 3245 320 3307; x_wconf 87' lang='lat' dir='ltr'><strong>civitates</strong></span> <span class='ocrx_word' id='word_1_245' title='bbox 343 3243 416 3307; x_wconf 90' lang='lat' dir='ltr'><strong>facit</strong></span> <span class='ocrx_word' id='word_1_246' title='bbox 438 3242 478 3307; x_wconf 90' lang='lat' dir='ltr'><strong>de</strong></span> <span class='ocrx_word' id='word_1_247' title='bbox 501 3265 557 3306; x_wconf 93' lang='lat' dir='ltr'><strong>suo</strong></span> <span class='ocrx_word' id='word_1_248' title='bbox 580 3243 718 3307; x_wconf 89' lang='lat' dir='ltr'><strong>adventu</strong></span> <span class='ocrx_word' id='word_1_249' title='bbox 741 3245 900 3308; x_wconf 87' lang='lat' dir='ltr'><strong>certiores.</strong></span> <span class='ocrx_word' id='word_1_250' title='bbox 933 3243 1063 3310; x_wconf 88' lang='lat' dir='ltr'><strong>Interim</strong></span> <span class='ocrx_word' id='word_1_251' title='bbox 1077 3267 1129 3309; x_wconf 91' lang='lat' dir='ltr'><strong>no-</strong></span> 
     </span>
     <span class='ocr_line' id='line_1_37' title="bbox 179 3327 1130 3414; baseline 0.004 -24"><span class='ocrx_word' id='word_1_252' title='bbox 179 3327 261 3390; x_wconf 88' lang='lat' dir='ltr'><strong>biles</strong></span> <span class='ocrx_word' id='word_1_253' title='bbox 284 3329 427 3392; x_wconf 88' lang='lat' dir='ltr'><strong>homines</strong></span> <span class='ocrx_word' id='word_1_254' title='bbox 451 3351 492 3392; x_wconf 85' lang='lat' dir='ltr'><strong>ex</strong></span> <span class='ocrx_word' id='word_1_255' title='bbox 514 3329 578 3392; x_wconf 87' lang='lat' dir='ltr'><strong>suis</strong></span> <span class='ocrx_word' id='word_1_256' title='bbox 600 3329 724 3414; x_wconf 90' lang='lat' dir='ltr'><strong>oppidis</strong></span> <span class='ocrx_word' id='word_1_257' title='bbox 746 3329 915 3414; x_wconf 84' lang='lat' dir='ltr'><strong>profugere</strong></span> <span class='ocrx_word' id='word_1_258' title='bbox 937 3337 969 3393; x_wconf 91' lang='lat' dir='ltr'><strong>et</strong></span> <span class='ocrx_word' id='word_1_259' title='bbox 983 3330 1016 3391; x_wconf 92' lang='lat' dir='ltr'><strong>in</strong></span> <span class='ocrx_word' id='word_1_260' title='bbox 1031 3339 1130 3394; x_wconf 85' lang='lat' dir='ltr'><strong>castra</strong></span> 
     </span>
     <span class='ocr_line' id='line_1_38' title="bbox 179 3410 1221 3480; baseline 0.007 -7"><span class='ocrx_word' id='word_1_261' title='bbox 179 3410 325 3476; x_wconf 84' lang='lat' dir='ltr'><strong>Caesaris</strong></span> <span class='ocrx_word' id='word_1_262' title='bbox 348 3413 498 3478; x_wconf 86' lang='lat' dir='ltr'><strong>devenire</strong></span> <span class='ocrx_word' id='word_1_263' title='bbox 521 3423 552 3478; x_wconf 88' lang='lat' dir='ltr'><strong>et</strong></span> <span class='ocrx_word' id='word_1_264' title='bbox 575 3413 614 3476; x_wconf 89' lang='lat' dir='ltr'><strong>de</strong></span> <span class='ocrx_word' id='word_1_265' title='bbox 637 3414 892 3478; x_wconf 86' lang='lat' dir='ltr'><strong>adversariorum</strong></span> <span class='ocrx_word' id='word_1_266' title='bbox 926 3416 993 3479; x_wconf 86' lang='lat' dir='ltr'><strong>eius</strong></span> <span class='ocrx_word' id='word_1_267' title='bbox 1023 3415 1129 3480; x_wconf 90' lang='lat' dir='ltr'><strong>crude·</strong></span> <span class='ocrx_word' id='word_1_268' title='bbox 1220 3445 1221 3468; x_wconf 65' lang='grc'><strong>(</strong></span> 
     </span>
    </p>
   </div>
   <div class='ocr_carea' id='block_1_5' title="bbox 0 0 1267 3974">
    <p class='ocr_par' dir='ltr' id='par_1_7' title="bbox 0 0 1267 3974">
     <span class='ocr_line' id='line_1_39' title="bbox 0 0 1267 3974; baseline 0 0"><span class='ocrx_word' id='word_1_269' title='bbox 0 0 1267 3974; x_wconf 95' lang='lat' dir='ltr'><strong> </strong></span> 
     </span>
    </p>
   </div>
  </div>
 </body>
</html>
