2490 3974
439 281 582 348 oAPUT
606 281 740 346 14-18,
1005 280 1066 345 193

107 455 209 540 prima
231 456 315 536 acie3
338 452 431 517 simul
453 476 526 518 suos
542 453 708 532 cohortari,
731 461 966 538 nonnumquam
989 451 1065 536 legi·

109 541 233 603 onarios
256 534 402 602 Caesaris
424 539 469 602 ita
490 537 665 624 appellare:
683 535 768 615 Quid
789 548 833 619 tu,
848 539 957 622 inquit,
974 536 1065 602 miles

107 623 193 688 tiro?
216 635 280 686 tam
301 623 459 688 feroculus
487 630 542 687 es?
563 623 630 687 Vos
661 644 785 707 quoque
808 623 868 685 iste
889 622 996 686 verbis
1018 624 1065 689 in-

107 709 260 774 fatuavit?
271 709 309 772 In
320 732 469 793 magnum
485 707 665 772 mehercule
675 729 733 770 vos
749 706 923 792 periculum
932 707 1066 792 impulit.

107 793 263 870 Misereor
283 796 391 858 vestri.
422 794 504 857 Tum
530 792 631 868 miles,
664 792 736 856 Non
758 815 838 873 sum,
861 795 894 855 in
918 795 971 874 uit
994 793 1065 874 tiro,

108 879 259 961 Labiene,
283 880 340 943 sed
362 880 401 942 de
417 878 542 963 legione
558 885 583 939 X
597 887 776 942 veteranus.
799 877 881 940 Tum
895 817 1066 960 labienus,

6 983 7 1020 l
108 964 180 1028 Non
195 987 342 1048 agnosco,
358 965 468 1063 inquit,
484 965 575 1112 siqua
586 962 839 1026 decumanorum.
863 962 944 1026 Tum
959 963 1067 1030 miles:

6 1067 8 1104 t
109 1048 177 1124 Iam
199 1071 260 1131 me,
284 1051 338 1134 qui
359 1072 428 1130 sim,
450 1051 515 1112 inte
540 1069 632 1133 eges3
663 1047 756 1110 simul
778 1047 933 1111 cassidem
955 1047 995 1112 de
1018 1070 1075 1112 ca-.

6 1153 7 1192 i
108 1135 174 1219 pite
207 1135 329 1217 deiecit„
362 1143 397 1197 ut
429 1135 578 1218 cognosci
614 1132 655 1196 ab
688 1155 726 1196 eo
781 1143 874 1214 osset,
898 1141 992 1220 atque
1024 1135 1068 1198 ita

109 1217 209 1303 pilum
230 1219 351 1284 viribus
381 1227 564 1300 contortum,
595 1217 669 1282 dum
691 1219 724 1280 in
775 1217 923 1282 abienum
944 1222 1068 1284 mittere

6 1325 7 1366 i
111 1304 280 1385 contendit,
310 1305 383 1391 equi
408 1305 548 1389 graviter
577 1302 725 1366 adverso·
748 1305 869 1388 pectori
897 1303 1008 1368 adfixit
1024 1315 1069 1370 set

6 1421 7 1444 ι
111 1390 171 1452 ait:
194 1389 345 1472 Labiene,
369 1388 578 1454 decumanum
592 1387 734 1469 militem,
759 1390 812 1474 qui
833 1397 865 1452 te
886 1391 973 1475 petit,
990 1391 1067 1453 scito

6 1501 7 1538 ς
112 1496 190 1537 esse.
215 1474 364 1538 Omnium
392 1483 498 1537 tamen
527 1475 622 1537 animi
643 1475 677 1535 in
705 1481 859 1538 terrorem
882 1477 1015 1540 coniecti
1038 1486 1068 1540 et

6 1589 7 1624 i
110 1561 248 1622 maxime
270 1562 421 1624 tironum:
445 1561 685 1643 circumspicere
715 1559 799 1622 enim
821 1557 992 1624 Caesarem
1013 1583 1067 1624 ne·

6 1675 7 1704 1
112 1665 173 1729 que
196 1644 329 1730 amplius
352 1644 455 1708 facere
477 1646 539 1707 nisi
559 1643 697 1706 hostium
718 1642 822 1706 iacula
843 1647 954 1710 vitare.

176 1730 225 1792 17.
250 1728 369 1794 Caesar
389 1730 515 1792 interim
537 1726 668 1792 consilio
684 1728 819 1792 hostium
842 1733 966 1813 cognito
981 1732 1069 1796 iubet

6 1849 7 1884 r
113 1815 214 1878 aciem
246 1817 280 1878 in
312 1813 540 1899 longitudinem
574 1835 670 1899 quam
702 1815 873 1877 maximam
895 1819 1014 1902 porrigi
1038 1826 1069 1882 et

6 1933 7 1972 q
111 1897 241 1962 alternis
264 1901 425 1964 conversis
442 1898 631 1980 cohortibus,
652 1908 686 1962 ut
700 1921 764 1962 una
784 1908 865 1983 post,
881 1900 1069 1966 altercante

6 2021 7 2060 ;
112 1985 203 2069 signa
223 1985 376 2068 tenderet,
398 1986 443 2048 ita
464 2005 613 2048 coronam
634 1982 772 2066 hostimn
794 1984 906 2049 dextro
930 1989 1068 2052 sinistro·

113 2091 174 2155 que
197 2090 295 2137 cornu
316 2070 451 2134 mediam
474 2068 585 2132 dividit
600 2077 632 2133 et
646 2091 743 2132 unam
764 2079 886 2154 partem
908 2072 948 2135 ab
971 2072 1071 2138 altera

112 2154 275 2220 exclusam
296 2155 455 2240 equitibus
476 2154 664 2218 intrinsecus
685 2154 813 2218 adortus
836 2175 907 2218 cum
929 2157 1069 2242 peditatu

111 2239 183 2303 telis
207 2243 354 2304 coniectis
376 2242 409 2304 in
430 2239 539 2324 fugam
553 2241 647 2302 vertit
665 2261 769 2324 neque
784 2241 907 2324 longius
922 2265 981 2328 pro
1003 2267 1069 2309 res·

112 2346 165 2388 sus
187 2327 306 2389 veritus
327 2325 457 2390 iusidias
488 2347 522 2388 se
544 2323 585 2388 ad
608 2346 680 2388 suos
701 2323 823 2410 recipit.
859 2326 948 2390 ldem
970 2267 1070 2392 altera

111 2432 187 2494 pars
210 2412 349 2496 equitum
370 2409 573 2558 peditumqpe
597 2408 742 2473 Caesaris
764 2411 847 2474 facit.
890 2413 951 2475 His
973 2415 1069 2478 rebus

6 2523 7 2530 ¹
112 2497 209 2578 gestis
239 2518 276 2560 ac
303 2497 414 2580 procul
442 2497 524 2560 hosti
547 2517 584 2560 us
611 2496 1069 2588 repulsissconvulneratisque

114 2579 155 2644 ad
178 2602 234 2680 sua
255 2581 413 2666 praesidia
435 2603 514 2662 sese,
538 2583 619 2644 sicut
640 2590 707 2644 erat
726 2584 904 2664 instructus,
927 2581 1073 2670 recipere

113 2676 227 2813 coeppg:
249 2750 380 2817 Interim
402 2752 444 2815 M.
468 2753 610 2816 Petreius
634 2760 665 2814 et
687 2750 745 2816 On.
768 2751 842 2816 Piso
865 2776 935 2817 cum
958 2755 1070 2837 equiti-

112 2834 172 2898 bus
193 2835 337 2901 Numidis
360 2843 433 2902 MDC
456 2836 565 2902 electis
585 2837 788 2922 peditatuque
811 2838 952 2902 eiusdem
973 2859 1070 2922 gene-

6 2971 10 3006 ἢ
111 2921 156 2984 ris
179 2923 253 2984 satis
276 2922 387 3009 grandi
409 2941 451 2986 ex
472 2925 584 2986 itinere
605 2932 693 2986 recta
708 2922 847 2987 subsidio
871 2925 936 2986 suis
959 2945 1067 2988 occur-

8 3039 9 3048 *
111 3015 195 3069 runt.
217 3006 322 3091 Atque
344 3007 450 3073 hostes
474 3010 538 3072 suis
554 3029 595 3070 ex
608 3017 729 3070 terrore
751 3009 881 3072 firmatis
896 3031 1071 3094 rursusque

111 3094 273 3155 renovatis
296 3095 408 3156 animis
437 3093 625 3178 legionarios
653 3095 813 3157 conversis
843 3093 1000 3178 equitibus
1021 3117 1070 3158 re-

6 3243 9 3254 ,
78 3194 82 3199 ’
113 3177 265 3262 cipientes
296 3180 484 3243 novissimos
512 3178 627 3245 adoriri
650 3187 681 3240 et
708 3179 862 3264 impedire
889 3188 1069 3264 coeperunt,

6 3267 9 3356 ὲ
114 3284 175 3347 quo
196 3264 299 3326 minus
320 3264 355 3326 in
377 3273 481 3328 castra
502 3286 536 3328 se
557 3265 744 3348 reciperent
778 3264 851 3328 Hac
870 3286 906 3327 re
929 3263 1070 3329 animad-

114 3368 207 3410 versa
228 3346 348 3412 Caesar
375 3349 468 3418 iubet,
490 3351 516 3412 si
562 3371 581 3411 a
610 3351 751 3411 converti
780 3359 812 3412 et
832 3349 936 3414 medio
958 3369 1070 3432 campo

114 3431 321 3518 redintegrari
331 3434 494 3518 proelium.
517 3371 623 3512 &irum
639 3433 680 3497 ab
694 3433 836 3498 hostibus
852 3433 963 3498 eodem
977 3433 1071 3497 modo

115 3529 307 3664 pugnarethr
328 3541 386 3582 nec
409 3520 582 3582 comminus
606 3519 647 3582 ad
669 3540 779 3581 manus
801 3518 966 3664 rqdpretur,
990 3516 1071 3580 an-

160 3617 242 3658 caesar.
297 3650 304 3664 .
