2490 3974
456 293 599 362 CAPUT
620 287 755 361 28-31.
826 359 827 362 ,
1017 292 1079 360 257

126 465 211 552 quod
239 465 434 532 adversarios
457 468 713 533 existimabamus
743 489 814 532 esse
840 467 994 550 facturos,
1027 467 1081 552 qui

126 561 232 618 tamen
253 575 274 617 a
293 554 464 617 munitione
486 553 594 640 oppidi
612 553 736 640 longius
751 573 814 618 non
838 552 996 618 audebant
1009 573 1079 638 pra-

126 637 248 720 cedere,
271 638 289 676 *
310 640 344 702 in
366 661 428 726 quo
451 639 511 703 sibi
532 661 630 726 prope
652 661 777 706 murum
794 639 983 704 adversariis
1007 659 1078 702 con·

127 723 306 788 stitucbant.
326 720 436 810 Itaque
446 727 545 789 nostri
556 724 739 810 procedunt.
762 723 926 789 Interdum
937 724 1079 811 aequitas
1121 747 1122 750 ¹

126 807 188 873 loci
216 809 416 875 adversarios
444 810 648 895 efflagitabat,
669 820 705 874 ut
732 809 787 875 tali
809 810 986 875 conditione
1008 831 1080 875 con·

125 894 291 959 tenderent
326 895 367 960 ad
401 897 583 979 victoriam,
619 917 722 983 neque
754 904 859 962 tamen
892 895 939 959 illi
971 917 991 960 a
1023 917 1081 960 sua

125 981 349 1046 consuetudine
372 979 585 1064 discedebant,
608 989 643 1046 ut
657 991 711 1046 aut
731 981 771 1045 ab
795 981 921 1047 excelso
943 980 1013 1046 loco
1028 992 1082 1044 aut

126 1065 167 1129 ab
198 1066 312 1152 oppido
340 1065 547 1132 discederent.
579 1067 687 1132 Nostri
715 1066 796 1152 pede
818 1087 927 1153 presso
950 1069 1079 1152 propius

126 1152 230 1215 rivum
252 1174 347 1239 quum
363 1155 677 1240 appropinquassent,
701 1151 875 1222 adversarii
889 1153 1081 1238 patrocinari

126 1235 197 1302 loco
219 1238 264 1302 ini
286 1259 327 1302 uo
348 1261 412 1303 non
435 1238 590 1303 desinunt.

189 1321 239 1386 30.
263 1259 343 1387 drat
364 1325 447 1388 acies
470 1331 531 1386 Xlll
553 1324 666 1410 aquilis
696 1323 872 1405 constituta,
902 1345 983 1409 quaa
1005 1323 1079 1386 lato·

127 1407 213 1471 ribus
236 1410 376 1496 equitatu
397 1409 561 1494 tegebatur
583 1431 654 1474 cum
682 1405 746 1472 levi
775 1418 934 1473 armatura
954 1407 1080 1472 milibus

127 1515 195 1577 sex,
217 1503 383 1579 praeterea
405 1494 575 1559 auxiliares
603 1493 795 1559 accedebant
823 1515 921 1579 prope
948 1491 1081 1557 alterum

125 1588 262 1664 tantum,
294 1589 402 1646 nostra
429 1579 587 1666 praesidia
612 1586 709 1641 LXXX
740 1579 920 1644 cohortibus
948 1588 979 1644 et
1007 1586 1080 1641 Vllll

126 1664 252 1730 milibus
275 1667 423 1751 equitum.
456 1665 506 1730 Ita
533 1688 628 1750 quum
657 1666 690 1728 in
713 1674 856 1728 extrema
883 1663 1013 1750 planitie
1034 1665 1080 1728 iu·

127 1751 234 1835 iquum
270 1753 303 1815 in
338 1751 442 1815 locum
469 1753 569 1816 nostri
604 1751 916 1836 appropinquassent,
952 1745 1080 1836 paratus

112 1834 224 1899 'hostis
252 1845 320 1901 erat
352 1838 504 1923 superior,
534 1845 570 1900 ut
595 1835 822 1900 transeundum
849 1838 992 1923 superius
1021 1837 1081 1900 iter

8 1904 13 1927 ³
128 1921 330 1986 vehementer
345 1931 428 1988 esset
442 1921 663 2008 periculosum.
688 1921 781 2000 Quod
797 1942 892 2008 quum
907 1943 927 1985 a
942 1921 1080 1987 Caesare

9 2011 12 2019 ‘
127 2015 210 2070 esset
242 2007 504 2090 animadversum,
536 2030 577 2072 ne
611 2007 686 2093 quid
717 2016 835 2072 temere
865 2005 958 2092 culpa
989 2029 1080 2072 secus

128 2091 352 2176 admitteretur,
375 2113 447 2159 eum
469 2093 573 2157 locum
588 2092 719 2156 definire
742 2093 853 2176 coepit.
877 2091 970 2172 Quod
985 2115 1080 2180 quum

15 2201 19 2211 ·
128 2175 288 2240 hominum
309 2177 436 2243 auribus
458 2188 544 2242 esset
565 2178 731 2260 obiectum,
754 2175 885 2243 moleste
908 2188 939 2242 et
967 2177 1080 2243 acerbe

129 2261 326 2347 accipiebant
346 2264 502 2350 impediri,
531 2286 594 2350 quo
620 2265 723 2327 minus
751 2263 904 2348 proelium
927 2264 1081 2329 conficere

127 2356 264 2431 possent.
287 2347 376 2412 Haec
390 2371 479 2415 mora
500 2349 698 2414 adversarios
714 2348 883 2414 alacriores
907 2348 1079 2416 efficiebat:

128 2429 274 2496 Caesaris
307 2435 412 2520 copias
440 2436 551 2499 timore
579 2434 727 2520 impediri
754 2433 796 2498 ad
825 2433 1080 2500 committendum

128 2517 289 2602 proelium.
312 2519 361 2582 Ita
383 2541 417 2584 se
439 2521 605 2585 efferentes
625 2522 733 2607 iniquo
748 2519 817 2585 loco
832 2520 881 2584 sui
894 2529 1080 2605 potestatem

128 2602 316 2687 efficiebant,
338 2614 373 2668 ut
393 2627 507 2690 magno
529 2615 635 2671 tamen
648 2604 790 2692 periculo
810 2627 956 2670 accessus
972 2627 1081 2671 eorum

129 2687 307 2754 haberetur.-
329 2691 385 2755 llic
407 2690 573 2756 decumani
585 2713 676 2755 suurn
691 2690 804 2774 locum,
820 2712 916 2756 cornu
932 2689 1079 2768 dextrum

130 2774 287 2858 tenebant,
310 2774 471 2840 sinistrum
493 2784 528 2839 111
555 2787 586 2841 et
607 2786 633 2839 V
655 2777 738 2863 legio
764 2776 901 2863 itemque
924 2784 955 2839 et
977 2785 1081 2840 cetera

130 2859 247 2923 auxilia
278 2869 310 2927 et
339 2861 504 2947 equitatus.
533 2861 693 2928 Proelium
722 2862 858 2928 clamore
886 2861 969 2926 laeta
998 2882 1080 2926 oom-

129 2945 266 3009 mittitur.
911 2997 914 3003 .

192 3029 241 3093 31.
264 3029 326 3095 Hic
349 3032 408 3095 etsi
436 3033 551 3096 virtute
579 3035 679 3098 nostri
706 3029 943 3114 antecedebant,
970 3029 1080 3096 adver·

129 3115 203 3178 sarii
225 3113 293 3180 loco
315 3117 475 3203 superiore
498 3138 533 3180 se
554 3117 764 3184 defendebant
790 3117 956 3199 acerrime,
975 3124 1006 3180 et
1027 3137 1080 3180 ve·

9 3251 10 3260 ,
129 3199 258 3265 hemena
280 3201 375 3267 fiebat
396 3202 439 3267 ab
460 3204 600 3289 utrisque
628 3202 746 3268 clamor
768 3201 962 3288 telorumque
983 3201 1081 3266 missu
1153 3271 1155 3275 ,

130 3307 310 3370 concursus,
333 3289 379 3352 sic
399 3297 434 3352 ut
459 3309 557 3374 prope
583 3290 684 3353 nostri
712 3288 892 3354 diffiderent
917 3287 1079 3352 matema.

8 3413 13 3421 ψ
132 3370 328 3456 (languemus
357 3376 440 3440 enim
472 3381 504 3439 et
532 3371 658 3458 clamor,
688 3374 802 3460 quibus
823 3372 922 3439 rebus·
942 3372 1080 3440 maxime

4 3482 13 3544 3:
130 3455 227 3522 bostis
256 3469 458 3534 conterretur,
487 3460 521 3524 in
542 3458 659 3525 collatu
680 3461 751 3545 pari
779 3468 870 3524 arant
893 3456 1080 3526 conditione.

130 3539 456 3694 m‘ffiffimque
477 3567 595 3630 genere
621 3567 747 3630 pugnae
774 3566 877 3692 quupa7
891 3565 998 3629 parem
1020 3543 1080 3608 vir·
