2534 3970
371 218 507 284 OOMM.
529 218 562 282 H
585 219 676 284 OAP.
702 219 835 285 19-24.
1040 221 1080 288 47

127 390 286 471 constitit,
320 412 361 452 ne
389 390 423 452 in
438 389 645 475 ·.quaerendis
676 391 740 454 suis
767 389 930 476 pugnandi
958 400 1081 477 tempus

127 475 309 538 dimitteret.

196 559 248 622 22.
272 559 430 623 Instructo
453 561 604 641 exercitu,
627 562 729 646 magis
751 572 786 625 ut
810 561 873 626 loci
894 570 1007 624 natura
1028 562 1081 626 de-

126 646 290 730 iectusque
313 644 403 708 collis
426 654 457 708 et
477 647 651 708 necessitas
680 648 838 732 temporis,
863 669 957 733 quam
979 656 1014 710 ut
1034 650 1081 712 rei

127 729 275 793 militaris
297 731 377 794 ratio
400 739 494 816 atque
510 730 586 794 ordo
602 731 791 815 postulabat,
815 755 921 818 quum,
946 731 1080 796 diversis

127 813 322 898 legionibus,
356 815 437 878 aliae
459 815 523 878 elia
543 817 577 878 in
599 825 689 900 parte
716 817 859 881 hostibus
888 818 1079 899 resisterent,

129 897 322 986 sepibusque
355 900 572 980 densissimis,
608 911 644 965 ut
676 911 749 966 ante
785 903 1080 984 demonstravimus,

128 985 300 1048 interiectis
322 994 507 1070 prospectus
529 985 749 1070 impediretur,
772 1010 876 1072 neque
898 996 985 1052 certa
1008 987 1080 1052 sub·

128 1069 209 1133 sidia
236 1070 384 1134 collocari
412 1092 534 1155 neque,
585 1071 640 1134 uid
668 1074 701 1136 in
730 1095 854 1159 quaque
884 1082 972 1158 parte
1002 1095 1080 1158 opus

128 1164 222 1239 esset,
246 1155 408 1240 provideri
429 1178 533 1302 nepus
556 1095 596 1220 sib
619 1179 682 1220 uno
706 1160 811 1221 omnia
830 1159 962 1243 imperia
983 1158 1079 1222 admi-

127 1242 256 1303 nistrari
277 1249 432 1325 poterent.
492 1250 588 1326 taque
610 1244 643 1305 in
665 1252 754 1306 tanta
783 1266 889 1308 rerum
916 1245 1080 1329 iniquitate

127 1327 271 1390 fortunae
294 1347 419 1411 quoque
442 1335 573 1391 eventus
595 1328 678 1391 varii
700 1327 919 1414 sequebantur.

192 1410 242 1474 23.
270 1411 430 1495 Legionis
457 1433 561 1476 nonae
589 1425 620 1476 et
647 1412 787 1478 decimae
813 1414 948 1495 milites,
984 1423 1020 1477 ut
1048 1415 1080 1476 in

127 1495 257 1559 sinistra
278 1505 367 1580 parte
390 1498 458 1560 acie
481 1498 699 1578 constiterant,
733 1497 803 1583 pilis
834 1499 956 1563 emissis
985 1520 1079 1564 cursu

127 1602 165 1644 ac
192 1580 378 1646 lassitudine
406 1583 602 1648 exanimatos
642 1583 824 1647 vulneribus
847 1607 887 1648 ue
922 1583 1079 1662 confectos

126 1665 297 1742 Atrebates
326 1665 414 1752 (nam
436 1667 484 1730 his
508 1690 545 1730 ea
567 1690 640 1752 pars
664 1607 848 1753 obvenerati
871 1669 1017 1733 celeriter
1039 1690 1080 1732 ex

127 1749 196 1816 loco
229 1753 392 1837 superiore
423 1753 457 1814 in
485 1751 603 1817 flumen
637 1753 857 1838 compulerunt
889 1765 921 1818 et
947 1754 1080 1816 transire

128 1847 276 1902 conantes
298 1837 433 1901 insecuti
454 1837 566 1921 gladiis
590 1861 735 1924 magnam
751 1848 875 1923 partem
895 1861 1003 1903 eorum
1023 1839 1080 1901 im·

127 1921 265 2068 peditam
286 1921 522 1986 interfecerunt.
556 1923 622 2007 Ipsi
644 1925 778 1988 transire
800 1923 916 1988 flumen
939 1947 1003 1988 non
1025 1923 1079 1990 du·

149 2008 307 2070 itaverunt
329 2017 360 2071 et
381 2009 414 2072 in
436 2006 540 2071 locum
561 2011 703 2094 iniquum
725 2011 886 2157 progressi
907 2031 1018 2074 rursus
1033 2032 1080 2073 re·

127 2093 273 2156 sistentes
296 2092 402 2157 hostes
422 2093 633 2179 redintegrato
671 2117 727 2158 roe
740 2095 770 2159 io
793 2096 826 2158 in
847 2095 955 2178 lugam
977 2097 1079 2160 conie-

127 2187 244 2240 cerunt.
288 2177 368 2240 Item
397 2177 459 2242 alia
479 2180 513 2241 in
534 2191 624 2263 parte
647 2118 790 2243 diversae
820 2180 900 2245 duae
928 2179 1078 2265 legiones,

126 2261 293 2326 undecima
315 2271 346 2326 et
375 2272 502 2345 octava,
532 2264 709 2350 profligatis
731 2264 978 2347 Vercmanduis,
1012 2267 1078 2351 qui-

125 2346 259 2410 buscum
281 2360 371 2411 erant
394 2349 568 2432 congressi,
592 2371 634 2412 ex
655 2348 725 2414 loco
758 2353 918 2434 superiore
947 2352 980 2414 in
1001 2352 1078 2435 ipsis

125 2431 264 2494 fluminis
285 2433 361 2517 ripis
388 2432 633 2518 proeliebantur.
677 2435 721 2498 At
747 2437 819 2500 totis
842 2436 907 2499 fere
937 2458 956 2499 a
977 2435 1079 2500 fronte

125 2526 157 2582 et
178 2517 218 2581 ab
242 2519 368 2582 sinistra
388 2517 626 2602 pertenudatis
649 2521 771 2602 castris,
796 2543 893 2604 quum
914 2522 947 2583 in
967 2520 1078 2586 dextro

125 2623 224 2666 cornu
246 2601 328 2687 legio
351 2602 539 2667 duodecima
568 2613 599 2667 et
621 2627 685 2668 non
714 2627 828 2690 magno
862 2606 902 2669 ab
925 2628 964 2670 ea
981 2607 1078 2670 inter·

124 2687 209 2752 vallo
233 2690 367 2772 septima
381 2689 581 2770 constitisset,
606 2713 713 2754 omnes
725 2691 836 2754 Nervii
851 2691 1078 2756 confc1tissimo

126 2774 253 2856 agmine
276 2773 355 2837 duce
377 2773 601 2858 Boduognato,
625 2777 679 2860 qui
702 2798 856 2838 summam
881 2777 1006 2861 imperii
1034 2786 1077 2840 te·

126 2857 240 2939 nebat,
274 2858 315 2922 ad
345 2881 416 2922 eum
438 2858 543 2922 locum
572 2860 816 2942 contenderunt,
850 2884 980 2946 quorum
1003 2883 1077 2946 pars

125 2953 233 3028 aperto
257 2942 354 3008 latere
377 2943 517 3026 legiones
540 2945 786 3029 circumvenire,
816 2968 891 3031 pars
922 2969 1078 3010 summum

125 3041 299 3092 carnorum
321 3029 424 3092 locum
446 3037 554 3114 petere
576 3031 687 3114 coepit.

186 3114 237 3178 24.
260 3113 383 3176 Eodem
405 3122 545 3198 tempore
573 3117 693 3200 equites
724 3117 823 3184 nostri
852 3115 995 3200 levisque
1028 3139 1075 3178 ar·
1138 3181 1140 3184 ,

125 3208 263 3264 maturae
284 3198 417 3284 pedites,
442 3201 496 3284 qui
511 3221 581 3262 cum
596 3201 634 3262 iis
644 3222 714 3264 una
728 3201 870 3282 fuerant,
885 3222 962 3286 quos
975 3201 1076 3284 primo

125 3282 257 3348 hostium
279 3285 400 3368 impetu
422 3283 528 3368 pulsos
552 3283 704 3366 dixeram,
733 3308 828 3370 quum
862 3307 896 3348 se
918 3286 951 3348 in
974 3295 1078 3350 castre

125 3370 308 3455 reciperent,
344 3367 486 3432 adversis
508 3369 650 3434 hostibus
674 3370 881 3434 occurrebant
910 3392 947 3434 ec
968 3393 1076 3436 rursus

124 3452 215 3520 eliam
237 3457 270 3520 in
294 3463 419 3542 partem
441 3453 548 3539 fugam
563 3455 722 3539 petebant,
746 3467 777 3518 et
799 3453 936 3537 calones,
960 3456 1014 3540 qui
1036 3455 1076 3519 ab
