2534 3970
361 179 497 246 OOMM.
520 180 537 248 Ι
559 180 652 246 OAP.
671 181 811 246 51-54.
1021 181 1063 246 35

114 351 295 434 traheretur,
317 351 351 414 in
371 351 476 435 ipsum
498 349 668 416 Caesarem
694 352 801 415 hostes
823 351 847 417 'e
869 354 968 417 uitatu
995 375 1064 440 per-

114 443 296 522 sequentem
322 435 439 500 incidit.
485 436 574 515 Quae
604 436 731 522 quidem
759 457 811 500 res
840 376 970 503 laesae
995 460 1065 524 ,non

113 524 266 584 minorem
308 542 382 584 uam
404 521 474 606 ipsa
491 522 623 586 vietoria
636 521 831 606 voluptatem
845 522 956 605 attulit,
981 523 1065 609 quod

113 606 271 673 hominem
288 544 555 670 honestissimum
587 609 769 692 provinciae
803 605 940 690 Galliae,
975 630 1066 672 suum

112 691 296 754 familiarem
318 699 349 753 et
370 691 533 776 hospitem,
562 702 705 777 ereptum
727 715 744 755 e
765 692 910 756 manibus
931 692 1067 758 hostium

113 777 170 840 sibi
195 776 378 840 restitutum
405 776 551 859 videbat,
584 798 689 862 neque
719 779 785 841 eina
819 776 997 841 calamitate
1027 777 1066 842 de

113 870 194 924 tanta
215 861 381 947 voluptate
404 871 435 927 et
456 860 665 946 gratulatione
688 863 855 948 quiequam
873 862 997 927 fortuna
1012 862 1064 928 de-

114 947 277 1010 minuerat.
321 946 353 1009 Ie
376 968 409 1011 se
432 955 598 1030 praesente
628 946 668 1011 de
698 969 732 1010 se
758 956 807 1010 ter
833 946 969 1012 sortibus
995 969 1067 1014 eon·

115 1031 226 1100 tultum
250 1031 386 1113 dicebat,
409 1041 514 1095 utrum
536 1032 603 1116 igni
625 1033 730 1095 statim
758 1043 923 1096 necaretur
930 1082 938 1114 ,
972 1055 1013 1096 an
1034 1033 1067 1095 in

114 1115 195 1180 aliud
217 1126 347 1201 tempus
370 1125 603 1181 reservaretur:
627 1118 758 1180 sortium
772 1115 925 1192 beneficio
941 1139 975 1182 se
998 1139 1068 1182 esso

112 1201 313 1266 ineolumem.
334 1200 416 1265 Item
436 1200 563 1266 Marcus
585 1201 701 1266 Metius
723 1213 867 1287 repertus
894 1211 925 1266 et
940 1201 1066 1267 adeum

114 1287 260 1351 reduetus
285 1297 341 1350 est.
849 1363 852 1368 Ι

171 1373 222 1435 54.
274 1371 344 1435 Hoo
391 1371 489 1436 roelio
517 1381 604 1435 trans
627 1371 772 1438 Rhenum
798 1376 939 1438 nuntiato
962 1371 1067 1454 Suebi,

47 1455 51 1466 “
115 1457 164 1542 qui
185 1457 227 1521 ad
249 1458 339 1541 ripas
361 1394 463 1520 ilheni
484 1466 646 1539 venerant,
673 1457 801 1521 domum
821 1459 938 1522 reverti
960 1479 1069 1543 coepe·

114 1551 198 1626 runt3
222 1563 306 1629 quoe
320 1540 404 1624 Ubii,
429 1543 482 1627 qui
502 1544 640 1627 proximi
660 1543 807 1607 Rhenum
827 1542 977 1623 inoolunt,
1000 1564 1070 1628 per·

114 1629 234 1692 territos
260 1627 397 1690 insecuti
411 1649 561 1713 magnum
577 1650 617 1691 ex
631 1627 680 1690 hie
699 1629 864 1691 numerum
879 1626 1069 1691 oeciderunt.

117 1709 231 1777 Caesar
255 1734 322 1774 una
343 1721 463 1776 aestate
493 1711 616 1776 duobus
638 1714 783 1775 maximis
806 1711 898 1778 bellis
921 1711 1070 1777 confectis

116 1799 269 1861 maturius
297 1795 408 1880 paulo,
438 1819 532 1883 quam
561 1806 685 1882 tempus
714 1798 788 1860 anni
816 1795 1008 1882 postulabat,
1039 1798 1072 1858 in

118 1879 248 1949 hibema
282 1882 317 1944 in
349 1879 513 1967 Sequanos
546 1883 720 1962 exereitum
753 1880 898 1962 deduxit3
932 1881 1071 1946 hibernis

117 1964 293 2031 Labienum
315 1969 512 2051 praeposuit,
534 1968 545 2030 i
568 1989 602 2030 ee
624 1969 658 2030 in
680 1967 857 2032 citeriorem
873 1965 1011 2032 Galliam
1032 1965 1072 2030 ad

118 2062 288 2116 eonventus
311 2051 453 2135 agendos
474 2071 531 2137 pro
545 2061 632 2116 eotue
655 2061 711 2116 est.
