2562 3966
184 211 243 276 112
436 209 497 272 DE
519 209 662 274 BELLO
686 208 876 274 GALLIOO

181 403 223 446 ex
245 380 402 481 equitibus
431 379 533 444 Gallis
559 382 683 466 magnis
708 382 857 467 praemiis
883 382 1061 466 persuadet,
1090 382 1135 444 uti

180 467 222 532 ad
244 465 431 532 Ciceronem
454 465 617 550 epistolam
640 465 769 530 deierat.
805 465 898 529 Hanc
917 465 1049 531 Graecis
1065 488 1135 530 con-

181 553 245 616 seri
267 563 331 614 tam
352 550 466 615 litteris
488 552 591 633 mittit,
613 574 654 615 ne
676 553 851 636 intercepta
873 552 1006 658 epistola
1027 561 1136 616 nostra

181 637 222 701 ab
245 575 395 701 Iirostibus
430 634 561 700 consilia
595 647 835 721 cognoscantur.
887 637 922 700 si
954 637 1041 701 adire
1073 657 1134 700 non

204 723 290 803 ossit,
313 730 428 803 monet,
450 729 485 784 ut
506 719 660 820 tragulam
683 743 755 785 cum
777 721 908 806 epistola
922 721 963 804 pd
978 731 1134 784 amentum

180 745 320 892 deligata
348 807 431 869 intra
459 806 664 869 munitionem
700 815 874 870 castrorum
910 806 1045 871 obiiciat.
1100 804 1136 868 ln

181 892 291 956 litteris
314 891 423 956 scribit
445 913 480 954 se
502 912 574 954 oum
596 890 772 974 legionibus
794 892 967 976 profectum
990 890 1137 956 celeriter

181 977 293 1058 affore;
316 975 469 1058 hortatur,
492 985 526 1038 ut
546 977 711 1062 pristinam
726 978 873 1040 virtutem
894 978 1038 1040 retineat
1062 973 1135 1038 Gal-

181 1062 231 1127 lus
252 1059 428 1162 periculum
448 1062 576 1143 veritus,
599 1069 634 1124 ut
656 1070 725 1126 erat
744 1071 956 1145 praeceptum,
980 1058 1136 1145 tragulam

181 1148 284 1210 mittit.
317 1146 407 1210 Haec
421 1167 498 1211 casu
512 1144 553 1210 ud
567 1146 679 1209 turrim
693 1145 836 1209 adhaesit
850 1168 953 1231 neque
968 1145 1008 1208 ab
1023 1145 1137 1208 nostris

181 1232 278 1296 biduo
307 1231 528 1295 animadversa
554 1232 646 1294 tertio
669 1229 719 1295 die
742 1253 761 1294 a
788 1230 922 1316 quodam
944 1230 1043 1294 milite
1066 1251 1137 1294 con-

183 1318 331 1403 spicitur,
364 1315 468 1380 demta
490 1315 531 1379 ad
554 1314 739 1380 Ciceronem
766 1315 912 1380 defertur.
956 1315 1015 1382 ille
1037 1314 1137 1400 perle-

183 1412 265 1466 ctam
286 1403 320 1465 in
340 1411 497 1465 conventu
518 1399 651 1464 militum
673 1403 786 1464 recitat
807 1403 1006 1486 maximaque
1029 1422 1138 1465 omnes

182 1487 302 1552 laetitia
323 1485 429 1550 afficit.
473 1486 555 1550 'lum
583 1485 661 1550 fumi
681 1486 898 1551 incendiorum
919 1485 1030 1572 procul
1051 1485 1138 1550 vide·

182 1572 312 1654 bantur3
335 1593 489 1657 quaeres
517 1594 642 1635 omnem
669 1571 895 1636 dubitationem
917 1571 1073 1638 adventus
1095 1569 1138 1636 le·

182 1659 311 1744 gionnm
334 1679 375 1720 ex
396 1656 462 1720 ulit

245 1741 297 1806 49.
321 1679 406 1806 Galli
428 1765 463 1806 re
485 1743 612 1828 cognita
632 1765 690 1828 per
711 1743 928 1828 exploratores
944 1742 1139 1808 obsidionem

182 1828 372 1914 relinquunt,
395 1826 437 1890 ud
459 1826 628 1892 Caesarem
651 1828 795 1894 omnibus
817 1830 916 1913 copiis
939 1828 1139 1894 contendunt

184 1914 274 1978 Haec
307 1922 396 1977 erant
424 1921 545 1977 armata
567 1914 691 1978 circiter
716 1913 803 1976 milia
824 1921 879 1978 LX.
925 1913 1037 1978 Cicero
1066 1913 1140 1978 data

183 1997 332 2064 facultate
354 1996 483 2061 Gallum
505 1996 545 2061 ab
576 1997 687 2062 eodem
712 1998 892 2079 Verticone‚
921 2020 1017 2145 pacm
1046 2019 1140 2082 supra

185 2084 467 2150 demonstravimus
474 2131 482 2163 ,
508 2085 636 2168 repetit,
670 2085 724 2168 qui
753 2081 873 2146 litteras
900 2105 920 2146 a
969 2081 1140 2147 Caesarem

185 2169 321 2249 delerat3
339 2168 422 2231 hunc
433 2166 589 2249 admonet,
605 2169 665 2230 iter
680 2179 770 2231 caute
786 2166 1014 2253 diligenterque
1028 2167 1139 2232 iaciat:

184 2253 351 2340 perscribit
372 2253 405 2316 in
426 2251 537 2316 litteris
559 2253 665 2317 hostes
688 2251 727 2316 ab
751 2275 785 2316 se
797 2252 980 2316 discessisse
1002 2274 1139 2316 omnem-

185 2362 246 2426 que
268 2339 309 2402 ad
331 2359 402 2400 eum
423 2336 654 2400 multitudinem
676 2339 878 2401 convertisse.
916 2335 1039 2415 Quibus
1061 2336 1141 2401 litte·

185 2427 229 2489 ris
251 2423 377 2487 circiter
398 2422 503 2485 media
523 2432 616 2487 nocte
638 2419 757 2486 Caesar
780 2422 882 2486 allatis
898 2445 971 2486 suos
985 2422 1061 2486 iacit
1075 2445 1140 2486 cer·

186 2511 280 2574 tiores
302 2528 356 2571 eos
380 2527 419 2569 ue
449 2506 489 2569 ad
510 2506 722 2572 dimicandum
743 2510 847 2572 animo
870 2508 1042 2573 confirmat.
1079 2508 1139 2572 Po-

187 2606 269 2658 stero
291 2591 343 2655 die
359 2529 435 2654 luce
463 2593 566 2676 prima
586 2606 693 2656 movet
722 2602 826 2657 castra
848 2602 879 2656 et
908 2593 1033 2656 circiter
1054 2593 1141 2658 milia

185 2699 334 2764 passuum
357 2687 501 2762 quattuor
522 2699 710 2762 progressus
737 2688 823 2742 trans
844 2676 961 2742 vallem
984 2688 1014 2741 et
1038 2679 1140 2744 rivum

67 2801 71 2808 ·
186 2761 417 2827 multitudinem
438 2762 575 2826 hostium
597 2765 805 2848 conspicatur.
845 2763 924 2827 Erat
938 2765 1046 2849 magni
1060 2766 1140 2850 peri-

188 2847 250 2912 culi
264 2871 316 2913 res
347 2847 476 2910 tantulis
506 2871 543 2912 co
565 2850 604 2912 iis
630 2851 738 2934 iniquo
765 2848 835 2912 loco
865 2849 1034 2931 dimicare;
1064 2860 1140 2933 tum,

189 2933 334 3020 quoniam
346 2931 509 2997 obsidione
520 2871 686 2998 liberatum
699 2932 885 2998 Ciceronem
897 2933 1024 3016 sciebat,
1040 2956 1141 3019 aequo

188 3021 291 3083 animo
312 3017 532 3082 remittendum
554 3018 594 3082 de
612 3018 772 3086 celeritate
795 3019 1010 3083 existimabat:
1034 3041 1141 3083 conse·

189 3105 296 3184 ditet,
319 3124 413 3188 quam
436 3104 624 3188 aequissimo
653 3102 857 3190 loeopotest,
880 3115 983 3170 castra
1006 3126 1142 3168 commu·

188 3191 235 3252 nit
256 3199 350 3274 atque
371 3186 459 3270 haec,
483 3189 541 3252 etsi
570 3199 659 3254 erant
685 3191 801 3274 exigua
822 3211 879 3274 per
900 3211 944 3271 se,
966 3190 1023 3253 vix
1045 3189 1141 3255 homi-

191 3297 263 3338 num
285 3271 405 3336 milium
436 3283 555 3358 septem
582 3276 766 3359 praesertim
793 3273 888 3338 nullis
915 3295 992 3348 cum,
1013 3273 1140 3359 impedi-

190 3360 311 3437 mentis,
333 3368 439 3420 tamen
454 3361 605 3442 angustiis
619 3362 753 3442 viarum,
769 3382 863 3446 quam
877 3360 1014 3424 maxime
1029 3371 1140 3444 potest,

189 3441 354 3524 contrahit,
377 3465 414 3506 eo
437 3443 578 3526 consilio,
601 3457 635 3508 ut
656 3447 689 3508 in
711 3468 864 3515 summam
879 3446 1141 3530 contemptionem
