2534 3970
186 227 226 291 to
439 229 500 292 DE
519 229 664 294 BFLLO
688 228 877 294 GALLIOO

185 419 260 461 num
284 398 324 462 ad
346 422 380 464 se
403 401 528 465 omnino
543 401 708 485 importari
721 422 785 464 non
800 400 917 480 sinunt,
939 398 1022 484 quod
1038 421 1076 462 ea
1095 420 1133 464 re

185 483 227 547 ad
259 483 401 549 laborem
426 485 590 549 ferendum
620 484 838 550 remollescere
866 483 1009 548 homines
1038 491 1132 569 atque

186 567 361 634 effeminari
382 569 581 634 arbitrantur.

176 646 179 653 ’
250 655 278 718 3.
302 653 433 718 Publice
455 657 625 718 maximam
648 663 759 739 putant
781 675 850 717 esse
871 653 1014 735 laudem,
1038 675 1148 738 quam¹

184 737 336 802 latissime
359 762 378 802 a
401 741 465 803 suis
487 738 602 804 finibus
624 761 740 804 vacare
762 761 868 826 agros:
898 739 958 803 hac
979 761 1015 803 re
1037 739 1132 822 signi·

183 822 273 888 ficari
294 847 443 908 magnum
463 847 629 890 numerum
652 826 824 889 civitatium
846 846 935 888 suam
956 826 1020 888 vim
1043 825 1132 886 susti·

183 930 262 972 nere
276 931 340 973 non
355 932 459 994 posse.
481 909 591 997 Itaque
607 933 670 974 una
686 933 726 974 ex
740 920 831 996 parte
846 932 865 972 a
879 907 992 973 Suebis
1008 899 1135 972 circiter

184 992 271 1058 milia
303 1017 454 1080 passuum
480 1006 629 1059 sexcenta
650 997 719 1058 ari
746 1017 860 1058 vacare
882 994 1036 1058 dicuntur.
1079 993 1133 1057 Ad

184 1077 316 1143 alteram
337 1089 459 1165 partem
482 1080 652 1145 succedunt
667 1019 757 1161 buti,
784 1101 916 1166 quorum
938 1079 996 1142 fuit
1020 1079 1133 1142 civitas

184 1162 290 1249 ampla
311 1174 405 1250 atque
426 1163 551 1248 florens,
573 1175 608 1229 ut
631 1176 679 1229 est
700 1175 810 1250 captus
833 1164 1077 1246 Germanorum,
1101 1173 1134 1227 et
1198 1223 1205 1238 ,

183 1247 291 1396 paulo,
325 1271 419 1334 quam
450 1259 522 1313 sunt
551 1251 691 1314 ciusdem
742 1251 860 1332 eneris,
896 1257 987 1315 etiam
1019 1250 1133 1312 ceteris

206 1335 393 1416 umaniores,
405 1345 572 1421 propterca
593 1337 677 1422 quod
698 1273 843 1399 Rhenum
864 1336 1029 1419 attingimt,
1052 1332 1133 1397 mul-

183 1427 311 1503 tumque
333 1419 374 1483 ad
396 1441 449 1490 eos
472 1431 660 1485 mercatores
682 1422 847 1502 ventitant,
871 1430 903 1484 et
923 1421 984 1505 ipsi
1002 1441 1060 1504 pro
1082 1429 1134 1482 ter

183 1505 445 1654 propinguitatem
460 1505 590 1570 Gallicis
613 1515 685 1570 sunt
706 1505 845 1571 moribus
863 1505 1040 1569 assuefacti.
1095 1525 1134 1567 os

185 1609 280 1674 quum
322 1590 397 1655 uebi
417 1591 522 1654 multis
546 1615 640 1677 saepe
655 1591 748 1656 bellis
771 1593 895 1676 experti
915 1600 1045 1677 propter
1066 1610 1132 1652 am·

184 1673 367 1758 plitudinem
390 1679 639 1764 gravitatemque
662 1679 797 1741 civitatis
825 1676 942 1741 finibus
969 1673 1132 1761 expellere

183 1779 246 1824 non
275 1762 465 1844 potuissent,
496 1773 599 1826 tamen
629 1762 801 1848 vectigales
836 1760 896 1826 sibi
928 1761 1071 1825 fecerunt
1093 1763 1132 1823 ac

184 1844 281 1909 multo
304 1844 485 1911 humiliores
507 1847 757 1934 infirmioresque
778 1847 978 1932 redegerunt.

245 1930 276 1992 4.
299 1929 336 1992 ln
358 1932 468 1995 eadem
490 1954 585 1996 causa
606 1933 731 1998 fuerimt
752 1933 899 2019 Usipetes
922 1942 952 1996 et
973 1929 1131 2012 tencteri,

185 2036 263 2100 quos
287 2037 382 2100 supra
404 2017 548 2100 diximus,
573 2019 627 2103 qui
649 2017 825 2102 complures
841 2040 939 2082 annos
955 2015 1131 2081 Sueborum

183 2101 246 2161 vim
269 2104 500 2184 sustinuerunt,
524 2103 565 2166 ad
587 2114 762 2167 extremum
785 2114 890 2167 tamen
905 2103 989 2188 agris
1005 2101 1131 2249 expulsi

183 2192 215 2246 et
236 2183 341 2248 multis
363 2185 440 2250 locis
464 2187 653 2254 Germaniae
675 2191 843 2252 triennium
864 2189 972 2273 vagati
994 2187 1034 2250 ad
1077 2187 1132 2250 he·

182 2291 257 2332 num
279 2283 508 2356 pervenerunt3
532 2296 609 2359 quas
633 2276 777 2358 regiones
792 2273 930 2358 Menapii
951 2271 1132 2337 incolebant

183 2363 215 2416 et
236 2354 276 2417 ad
298 2364 463 2442 utramque
492 2358 592 2442 ripam
614 2358 752 2422 fluminis
780 2381 887 2443 agros,
916 2356 1059 2422 aedificia
1083 2358 1130 2422 vi-

183 2460 297 2524 cosque
321 2440 493 2524 habebant,
517 2443 574 2508 sed
595 2453 701 2507 tantae
723 2444 929 2507 multitudinis
952 2443 1038 2506 aditu
1059 2441 1137 2527 per-¹

181 2525 283 2588 territi
305 2547 345 2588 ex
366 2528 404 2589 iis
427 2527 586 2610 aedificiis,
632 2551 691 2592 uae
711 2539 797 2610 trans
813 2529 930 2592 flumen
945 2527 1129 2609 habuerant,

183 2608 438 2694 demigraverunt
465 2622 497 2677 et
525 2615 570 2677 cis
599 2613 744 2678 Renum
771 2613 819 2677 dis
843 2615 930 2677 ositis
963 2612 1130 2698 praesidiis

183 2693 358 2759 Germanos
379 2699 514 2761 transire
535 2699 754 2784 prohibebant.
795 2637 846 2762 [lli
868 2699 973 2763 omnia
995 2699 1129 2782 experti,

183 2801 279 2864 quum
299 2803 402 2867 neque
423 2784 456 2847 vi
479 2784 669 2849 contendere
690 2793 821 2870 propter
842 2785 979 2868 inopiam
1000 2784 1130 2846 navium

180 2887 282 2951 neque
305 2866 387 2930 clam
409 2870 545 2931 transire
571 2878 701 2954 propter
730 2869 888 2934 custodias
910 2867 1130 2952 Menapiorum

180 2962 318 3034 possent,
334 2954 450 3016 reverti
465 2975 499 3018 se
514 2955 547 3016 in
563 2977 634 3018 suas
657 2954 748 3019 sedes
770 2955 978 3040 regionesque
1002 2951 1128 3015 simula-

182 3046 294 3099 verunt
322 3047 353 3102 et
374 3038 468 3100 tridui
488 3039 571 3102 viam
604 3042 765 3124 progressi
790 3061 901 3104 rursus
934 3047 1132 3102 reverterunt

181 3131 275 3206 atque
298 3123 382 3185 omni
405 3121 464 3188 hoc
485 3125 596 3186 itinere
618 3147 680 3188 una
709 3134 808 3190 nocte
825 3126 964 3209 equitatu
986 3122 1131 3186 confecto

178 3207 295 3270 inscios
318 3208 578 3294 inopinantesque
608 3209 771 3295 Menapios
799 3217 1040 3294 oppresserunt,
1076 3209 1131 3295 qui

179 3290 219 3354 de
243 3291 473 3356 Germanorum
496 3294 638 3358 discessu
659 3317 717 3380 per·
739 3294 954 3380 exploratores
977 3294 1130 3356 certiores

178 3377 252 3438 facti
275 3378 342 3440 sine
370 3388 456 3441 metu
483 3388 569 3442 trans
591 3379 736 3442 Rhenum
765 3383 797 3442 in
827 3402 899 3444 suos
922 3381 1009 3443 vicos
1038 3379 1130 3442 remi·

178 3472 357 3544 graverant.
404 3462 461 3526 His
483 3464 655 3528 interfectis
678 3463 875 3550 navibusque
898 3485 1007 3529 eorum
1039 3484 1131 3527 occu·
