2538 3978
444 297 588 364 CAPUT
609 297 746 363 37-41.
1011 295 1073 360 163

112 487 222 532 surum
251 467 469 550 arbitraretur,
503 471 531 534 si
545 451 763 550 conditiones,
798 489 877 553 quas
909 460 1073 551 reiecerat,

112 574 221 639 rursus
254 563 418 638 appeteret
449 565 503 621 aut
535 555 554 594 *
588 557 656 618 sine
686 575 783 617 causa
815 553 1002 634 discederet,
1033 573 1075 616 ex

87 669 89 674 ·
111 639 297 786 propinquis
321 641 431 702 castris
446 642 480 703 in
495 641 597 705 aciem
617 641 790 704 exercitum
812 638 939 720 eduxit3
954 645 1074 700 XXXVI

126 725 272 809 egionem
303 725 337 787 in
370 725 481 791 dextro
515 749 613 791 cornu
641 723 817 805 collocavit,
847 724 1011 787 Ponticam
1025 723 1074 786 in

113 809 252 890 sinistro,
275 808 419 874 Deiotari
441 810 584 893 legiones
606 812 640 873 in
655 810 793 874 mediam
808 810 910 873 aciem
932 807 1076 890 contulit„

113 893 228 994 quibus
249 903 357 958 tamen
379 898 638 981 angustissimum
660 894 864 959 intervallum
891 894 1003 958 frontis
1025 916 1075 957 re·

111 979 205 1065 liquit
225 979 357 1066 reliquis
380 981 562 1046 cohortibus
584 983 618 1044 in
641 980 791 1045 subsidiis
814 979 986 1046 collocatis.
1020 977 1075 1044 sio

111 1066 270 1150 utrimque
282 1066 350 1130 acie
361 1067 514 1145 instructa
528 1089 712 1153 processum
728 1075 776 1130 est
792 1065 833 1130 ad
848 1065 1074 1130 dimicandum.

175 1151 226 1214 40.
250 1150 349 1236 Signo
383 1152 441 1216 sub
474 1154 559 1217 idem
596 1162 720 1237 tempus
757 1150 797 1215 ab
832 1161 967 1237 utroque
1000 1150 1074 1214 dato

112 1237 328 1302 concurritur:
352 1239 468 1304 acriter
488 1239 641 1324 varieque
662 1246 831 1323 pugnatur.
854 1236 936 1300 Nam
954 1241 1074 1298 XXXVI

111 1322 206 1407 legio,
230 1344 325 1407 quum
348 1333 437 1387 extra
463 1323 580 1388 fossam
608 1325 642 1386 in
665 1323 785 1408 equites
814 1323 899 1407 regis
921 1323 1073 1408 impeturn

110 1407 247 1489 fecisset,
272 1409 351 1472 adeo
374 1410 547 1473 secundum
566 1407 723 1494 proelium
744 1407 829 1489 fecit,
852 1416 887 1470 ut
908 1407 1073 1472 moenibus

112 1493 222 1578 oppidi
258 1494 443 1558 succederet
478 1496 596 1559 fossam
619 1516 659 1558 ue
696 1493 846 1556 transiret
882 1513 1074 1579 aversosque

111 1578 219 1642 hostes
255 1579 492 1664 aggrederetur.
537 1580 580 1643 At
639 1579 744 1642 ontica
776 1599 818 1644 ex
850 1576 952 1641 altera
983 1585 1074 1663 parte

8 1641 9 1730 l
111 1665 206 1749 legio,
230 1685 327 1764 quum
349 1663 478 1750 paulum
494 1686 609 1730 aversa
623 1664 766 1728 hostibus
782 1663 939 1746 cessisset,
955 1663 1073 1728 fossam

8 1809 10 1820 ,
111 1760 218 1814 autem
248 1751 415 1814 cucumire
445 1772 576 1816 accessu
606 1749 745 1814 secundo
774 1756 888 1813 conata
917 1756 1009 1830 esset,
1040 1756 1076 1812 ut

110 1844 219 1921 aperto
242 1835 341 1899 latere
370 1836 597 1922 aggrederetur
626 1835 757 1916 hostem,
787 1834 912 1919 inipso
938 1834 1075 1896 transitu

110 1921 214 1985 fossae
225 1921 363 1984 confixa
386 1932 416 1985 et
431 1943 583 2008 oppressa
598 1931 654 1986 est.
677 1920 824 1984 Deiotari
839 1940 914 1983 vero
930 1917 1073 2004 legiones

110 2006 168 2069 vix
189 2007 341 2091 impetum
364 2007 588 2071 sustinuerunt.
604 2004 654 2070 Ita
667 2006 817 2070 victrices
840 2004 948 2088 regiae
964 2005 1074 2088 copiae

111 2112 211 2156 cornu
231 2113 289 2156 suo
312 2090 424 2156 dextm
446 2092 614 2178 mediaque
642 2093 711 2155 acie
733 2099 955 2154 converterimt
977 2111 1011 2152 se
1034 2088 1074 2152 ad

110 2183 230 2238 XXXVI
263 2175 430 2263 legionem.
464 2177 556 2256 Quae
587 2187 695 2242 tamen
726 2175 848 2240 fortiter
879 2175 1073 2239 vincentium

111 2263 264 2347 impetum
287 2264 445 2345 sustinuit,
467 2263 591 2349 magnis
614 2263 713 2348 copiis
728 2261 866 2326 hostium
880 2260 1075 2324 circumdata

9 2415 10 2418 ,
108 2349 368 2434 praesentissimo
391 2350 496 2414 animo
525 2370 671 2435 pugnans
700 2348 734 2412 in
757 2346 867 2412 orbem
897 2367 932 2410 se
953 2347 1074 2431 recepit

109 2433 151 2498 ad
172 2433 297 2498 radices
320 2436 489 2516 montium3
513 2456 574 2521 quo
596 2432 778 2498 Pharnaces
800 2433 925 2517 insequi
943 2441 1074 2516 propter

108 2519 307 2605 iniquitatem
338 2519 402 2584 loci
433 2520 543 2584 noluit.
572 2518 623 2582 Ita
650 2519 782 2584 Pontica
812 2517 938 2602 legione
970 2536 1073 2602 paene

108 2613 176 2668 tota
198 2607 323 2687 amissa,
346 2628 463 2691 magna
483 2614 573 2691 parte
593 2604 739 2669 Deiotari
758 2601 892 2666 militum
907 2601 1074 2666 interfecta

108 2697 227 2751 XXXVI
249 2690 332 2777 legio
360 2692 395 2755 in
416 2691 488 2756 loca
510 2713 544 2754 se
574 2691 740 2777 superiora
768 2688 901 2754 contulit
922 2709 987 2751 non
1008 2709 1073 2750 arn·

131 2773 194 2838 lius
217 2781 280 2838 CCL
308 2776 505 2842 desideratis.
536 2775 728 2842 Ceciderunt
756 2795 794 2839 eo
815 2773 939 2859 proelio
969 2771 1073 2858 splen·

133 2859 177 2922 ‘di
206 2869 300 2947 atque
326 2861 466 2927 illustres
494 2862 558 2927 viri
585 2861 743 2944 nonnulli,
773 2860 895 2947 equites
928 2857 1071 2922 Romani.

111 2943 183 3024 Quo
212 2954 319 3010 tamen
346 2947 547 3014 incommodo
575 2947 736 3014 Domitius
766 2955 897 3031 accepto
919 2943 1072 3030 reliquias

109 3031 270 3181 &xeroiqus
303 3032 448 3118 dissipati
479 3031 610 3182 qollegit
640 3031 871 3118 itineribusque
903 3031 982 3094 tutis
1014 3049 1073 3114 per

10 3181 11 3186 ,
138 3137 157 3180 a
202 3118 346 3181 sociam
368 3139 407 3182 se
424 3119 459 3182 in
511 3119 590 3183 siam
611 3139 686 3183 rece
708 3120 743 3182 it.

10 3207 11 3272 ζ
157 3138 223 3266 pdl.
245 3201 425 3269 Pharnaces
453 3203 549 3269 rebus
583 3225 680 3268 secun
705 3206 731 3268 's
764 3202 874 3284 elatus,
905 3222 1002 3287 quum
1030 3199 1071 3263 de

10 3361 12 3374 7
109 3285 248 3353 Caesare
270 3310 317 3371 ea,
342 3311 423 3375 quae
445 3289 584 3376 optabat,
600 3300 753 3376 speraret,
773 3289 909 3355 Pontum
924 3284 1071 3350 omnibus

108 3373 207 3457 copiis
240 3376 408 3461 occupavit
438 3375 549 3463 ibique
580 3385 613 3440 et
637 3377 741 3442 victor
770 3384 802 3439 et
828 3372 1070 3440 crudelissimus

11 3535 12 3544 ἵ
107 3478 176 3538 rex,
199 3481 296 3544 quum
324 3459 388 3524 sibi
416 3461 575 3526 fortunam
602 3472 768 3548 paternam
789 3459 931 3524 feliciore
954 3464 1071 3521 eventu

107 3542 290 3626 destinaret,
323 3545 422 3611 multa
454 3547 572 3633 oppida
604 3545 927 3697 expugnavitilqona
953 3542 1071 3607 civium
