2562 3966
430 241 565 307 OOMM.
589 243 620 306 V
642 243 735 308 OAP.
759 245 894 308 20-24.
1070 251 1073 258 ’
1102 245 1143 308 99

180 421 275 499 atque
297 413 331 477 id
359 413 452 478 facile
483 414 605 477 extrahi
639 437 735 499 posse
770 415 984 500 intellegeret,
1001 409 1141 480 ¹obsides

179 500 315 584 imperat
337 509 376 581 et,
401 498 476 584 quid
497 502 530 563 in
553 521 653 563 annos
676 500 817 585 singulos
839 501 1003 586 vectigalis
1025 501 1141 588 populo

179 584 322 649 Romano
344 584 509 648 Britannia
529 585 692 686 penderet,
719 587 894 669 constituit3
913 587 1075 650 interdicit
1097 597 1141 650 at-

178 692 258 817 qrpem
281 671 416 754 imperat
451 669 707 754 Cassivellauno,
741 693 782 734 ne
816 671 1043 736 Mandubracio
1079 695 1141 736 neu

260 754 427 819 obantibus
449 765 570 820 noceat.
944 801 947 815 .

244 841 294 903 23.
319 840 492 905 Obsidibus
509 843 646 928 acceptis
662 844 836 906 exercitum
851 843 976 906 reducit
988 844 1029 907 ad
1043 865 1140 926 mare,

179 947 280 989 naves
302 927 423 990 invenit
444 926 587 990 refectas.
624 927 684 990 His
707 928 860 1010 deductis,
884 929 968 1014 quod
990 937 1022 992 et
1044 930 1138 1014 capti·

179 1033 293 1075 vorum
314 1034 464 1096 magnum
480 1033 648 1076 numerum
662 1012 808 1095 habebat,
825 1023 857 1077 et
870 1013 1041 1079 nonnullae
1063 1023 1141 1078 tem·

179 1105 301 1182 pestate
323 1097 525 1182 deperierant
538 1119 647 1182 naves,
671 1097 793 1162 duobus
811 1100 1035 1164 commeatibus
1051 1121 1140 1164 exer·

181 1183 277 1246 citum
299 1192 459 1268 reportare
481 1184 623 1247 instituit.
668 1183 716 1248 Ac
732 1185 778 1247 sio
793 1185 916 1266 accidit,
939 1187 985 1249 uti
1000 1207 1040 1250 ex
1054 1195 1140 1251 tanto

179 1269 308 1330 navium
329 1289 461 1332 numero
488 1276 534 1333 tot
554 1270 807 1354 navigationibus
830 1293 934 1356 neque
955 1271 1016 1334 hoc
1038 1293 1141 1358 nequo

180 1355 340 1438 superiore
363 1375 446 1418 anno
465 1353 531 1417 ulla
553 1357 680 1423 omnino
701 1357 802 1436 navis,
826 1377 908 1441 quae
930 1357 1046 1420 milites
1068 1379 1140 1444 por·

179 1447 276 1520 taret,
300 1438 551 1522 desideraretur3
575 1451 608 1503 at
629 1463 670 1503 ex
690 1441 739 1524 iis,
768 1463 850 1527 quae
871 1443 982 1505 inanes
1005 1465 1046 1504 ex
1068 1462 1141 1506 con-

179 1525 291 1587 tinenti
314 1525 355 1587 ad·
384 1547 456 1588 eum
484 1526 718 1591 remitterentur
747 1534 779 1590 et
805 1528 918 1612 prioris
949 1535 1140 1591 commeatus

181 1611 333 1694 expositis
359 1609 510 1673 militibus
541 1619 573 1675 et
602 1631 679 1696 quas
708 1621 820 1696 postea
841 1611 1003 1676 Labienus
1025 1612 1141 1676 facion-

181 1695 238 1758 das
261 1703 429 1758 curaverat
442 1717 575 1760 numero
590 1703 646 1779 LX,
669 1719 848 1782 perpaucae
863 1698 966 1761 locum
982 1707 1140 1798 caperent,

112 1781 123 1808 ’·
179 1778 322 1866 reliquae
333 1781 399 1846 fare
411 1803 520 1844 omnes
531 1783 746 1846 reficerentur.
770 1781 857 1860 Quas
876 1805 973 1867 quum
989 1781 1140 1868 aliquam

180 1865 234 1929 diu
257 1864 378 1930 Caesar
398 1867 517 1930 frustra
539 1876 768 1954 exspectasset,
799 1889 840 1930 ne
863 1869 938 1931 anni
959 1878 1101 1954 ternpore
1123 1891 1141 1934 a

179 1952 380 2037 navigatione
396 1951 627 2033 excluderetur,
651 1952 736 2039 quod
756 1953 986 2038 aequinoctium
1003 1953 1139 2036 suberat,

180 2039 360 2102 necessario
375 2040 538 2122 angustius
553 2037 669 2101 milites
686 2036 853 2102 collocavit
867 2061 905 2102 ac
920 2059 1043 2104 summa
1056 2048 1140 2102 tran-

179 2121 335 2207 quillitate
350 2133 528 2204 consecuta,
545 2123 685 2188 secunda
699 2125 777 2186 inita
793 2146 889 2208 quum
906 2123 1052 2188 solvisset
1062 2127 1141 2210 vigi·

177 2207 240 2291 lia,
270 2209 372 2292 prima
393 2208 464 2272 luce
490 2219 607 2272 terram
636 2210 739 2294 attigit
765 2231 936 2297 omnesque
966 2209 1140 2275 incolumes

180 2315 278 2358 naves
300 2295 455 2378 perduxit.
981 2377 982 2380 Ἴ

245 2379 296 2441 24.
319 2379 489 2444 Subductis
511 2379 647 2444 navibus
670 2379 867 2465 concilioque
889 2379 1054 2445 Gallorum
1082 2380 1138 2445 Sa-

183 2464 380 2530 marobrivae
406 2474 552 2550 peracto,
587 2465 672 2552 quod
705 2487 742 2530 eo
772 2487 854 2530 anno
886 2467 1079 2530 frumentum
1106 2469 1138 2529 in

182 2548 289 2614 Gallia
309 2558 439 2635 propter
460 2553 616 2615 siccitates
639 2553 801 2636 angustius
830 2562 1036 2635 provenerat,
1069 2575 1138 2616 coa-

182 2645 250 2698 ctus
279 2645 327 2699 est
355 2637 446 2701 aliter
478 2658 515 2701 ac
548 2636 762 2722 superioribus
791 2638 881 2699 annis
909 2638 1081 2702 exercitum
1107 2638 1139 2701 in

183 2719 324 2784 hibernis
358 2722 514 2786 collocare
548 2722 753 2806 legionesque
785 2723 819 2784 in
855 2720 963 2806 plures
997 2725 1138 2786 civitates

184 2805 385 2872 distribuere.
416 2808 468 2871 Ex
491 2807 603 2893 quibus
626 2827 722 2870 unam
743 2807 785 2870 in'
798 2805 940 2872 Morinos
963 2806 1139 2873 ducendam

183 2890 264 2956 Gaio
286 2891 388 2956 Fabio
411 2893 515 2979 legato
538 2892 632 2975 dedit,
658 2891 790 2956 alteram
810 2893 844 2954 in
865 2893 999 2957 Nervios
1023 2893 1139 2972 Quinto

138 2977 142 2983 ’
182 2975 339 3060 Ciceroni,
361 2980 486 3043 tertiam
508 2981 541 3042 iu
562 2978 699 3041 Esurios
721 2976 821 3042 Lucio
843 2978 973 3062 Roscio,
996 2988 1138 3065 quartam

184 3064 217 3125 in
238 3061 346 3128 Remis
369 3086 440 3127 cum
456 3065 526 3128 Tito
549 3063 692 3128 Labieno
714 3063 748 3125 in
771 3062 905 3127 confinio
930 3064 1138 3128 Treverorum

185 3147 322 3212 hiemare
337 3151 442 3231 iussit3
465 3161 528 3213 tres
550 3151 583 3210 in
597 3147 706 3232 Belgis
728 3147 909 3213 collocavit:
932 3150 981 3213 his
996 3149 1138 3212 Marcum

184 3231 336 3298 Crassum
378 3244 557 3300 uaestorem
584 3244 616 3297 et
635 3234 769 3297 Lucium
789 3233 963 3298 Munatium
985 3233 1138 3297 Plancum

185 3329 217 3382 et
238 3258 560 3385 Gaiumlrrebonium
583 3319 703 3405 legatos
726 3318 885 3404 praefecit.
918 3319 1020 3384 Unam
1042 3319 1137 3404 legio

156 3461 159 3468 .
185 3425 268 3487 nem,
296 3426 388 3490 quam
410 3407 555 3490 proxime
576 3415 662 3468 tram
685 3403 807 3467 Padum
830 3407 1072 3489 conscripserat,
1107 3415 1138 3467 et

186 3489 329 3554 cobortes
353 3499 377 3551 V
399 3493 430 3554 in
453 3491 637 3573 Eburones,
668 3510 801 3575 quorum
829 3511 903 3574 pars
925 3492 1063 3557 maxima
1092 3499 1138 3552 est

347 3635 425 3742 f
890 3575 935 3638 ⁷*
