2538 3978
173 211 236 276 120
461 208 523 270 DE
544 206 688 270 BELLO
705 205 846 270 'OlVlLI
964 234 972 254 ι

171 382 278 469 parari
299 381 399 446 iussit.
424 378 547 459 Quibus
563 377 659 442 rebus
682 378 801 444 effectis
825 377 1004 444 cohortatus
1019 381 1142 448 milites

173 468 287 550 docuit,
333 475 485 552 quantum
526 487 618 528 usum
655 463 786 528 haberet
822 463 864 528 ad
901 463 1142 532 sublevandam

172 555 313 619 omnium
340 574 447 616 rerum
474 551 614 636 inopiam
642 550 737 634 potiri
769 549 886 700 oppido
918 551 1013 636 pleno
1041 561 1141 639 atque

72 709 76 714 ,
172 637 331 720 oulento,
355 637 447 702 simul
461 636 590 723 reliquis
612 634 790 700 civitatibus
834 638 906 702 uius
920 637 1006 702 urbis
1030 661 1142 704 exem-

171 661 225 812 plo
247 725 364 789 inferre
393 732 548 788 terrorem
570 731 602 786 et
623 721 655 786 id
685 720 754 784 fieri
776 721 929 806 celeriter,
953 727 1040 809 prius
1062 747 1141 788 uam

172 810 292 874 auxilia
319 817 552 874 concurrerent.
588 807 700 894 Itaque
729 829 805 873 usus
829 809 982 958 singulari
1002 811 1046 874 mi
1059 812 1141 874 itum

173 895 277 960 studio
305 894 425 976 eodem,
456 917 517 979 quo
545 902 687 975 venerat,
715 892 767 958 die
789 903 862 980 post
910 917 998 959 oram
1019 918 1142 960 nonam

150 980 322 1067 ,oppidum
357 979 517 1044 altissimis
550 978 716 1044 moenibus
749 1002 934 1066 oppugnare
968 1003 1141 1066 aggressus

173 1077 247 1131 ante
280 1066 356 1130 solis
386 1087 533 1130 occasum
566 1064 761 1150 expugnarit
793 1075 824 1131 et
851 1065 893 1130 ad
925 1066 1142 1153 diripiendum

172 1152 323 1216 militibus
346 1152 503 1216 concessit
518 1152 687 1236 statimque
710 1150 750 1214 ab
773 1151 890 1237 oppido
912 1161 1017 1218 castra
1038 1154 1142 1218 movit

173 1248 204 1302 ct
225 1235 425 1322 Metropolim
446 1237 542 1318 venit,
560 1239 606 1300 sic
627 1245 661 1300 ut
682 1237 810 1302 nuntios
833 1241 1008 1323 expugnati
1027 1238 1141 1324 oppidi

172 1323 351 1409 famamque
373 1322 584 1386 antecederet.

237 1409 288 1472 81.
311 1407 532 1494 Metropolitae
559 1409 694 1492 primum
724 1408 835 1474 eodem
857 1409 907 1472 usi
935 1410 1066 1476 consilio
1094 1411 1139 1474 is·

174 1494 247 1558 dem
269 1494 404 1580 permoti
432 1493 613 1558 rumoribus
635 1504 742 1579 portas
765 1494 947 1560 clauserunt
967 1517 1139 1582 murosque

173 1581 304 1644 armatis
342 1578 593 1665 compleverunt3
637 1582 694 1645 sed
736 1589 846 1665 postea
888 1603 965 1646 casu
1001 1582 1139 1646 civitatis

173 1665 386 1752 Gomphensis
403 1666 528 1750 cognito
544 1689 586 1730 ex
608 1667 751 1752 captivis,
776 1688 853 1752 quos
875 1666 995 1730 Caesar
1016 1667 1057 1732 ad
1071 1689 1139 1732 mu·

172 1774 243 1816 rum
254 1750 474 1838 producendos
487 1762 661 1829 curaverat,
700 1761 783 1816 ortas
796 1763 996 1836 aperuerunt.
1014 1753 1138 1833 Quibus

173 1837 414 1924 diligentissime
430 1839 625 1904 conservatis
639 1775 753 1903 collata
763 1837 890 1902 fortuna
903 1839 1138 1926 Metropolitum

173 1945 246 1988 cum
268 1946 343 1988 casu
366 1921 617 2006 Gomphensium
637 1923 724 1987 nulla
746 1921 931 1988 Thessaliae
953 1925 1012 1989 fuit
1027 1926 1137 1990 civitas

172 2018 300 2096 practer
320 2009 515 2090 Larissaeos,
540 2010 594 2094 qui
615 2011 739 2096 magnis
766 2009 957 2074 exercitibus
980 2009 1137 2096 Scipionis

126 2126 127 2131 ¹
171 2094 370 2175 tenebantur,
405 2095 481 2178 quin
515 2093 646 2159 Caesari
678 2104 828 2181 parerent
860 2104 954 2180 atque
983 2097 1138 2182 imperata

172 2182 324 2244 facerent.
347 2178 406 2242 Ille
433 2178 580 2244 idoneum
609 2181 712 2245 locum
741 2181 774 2244 in
803 2181 889 2264 agris
918 2191 1040 2265 nactus,
1064 2183 1138 2268 quia

173 2288 273 2352 prope
295 2268 358 2330 iam
379 2274 502 2329 matura
521 2273 674 2345 frumenta
702 2273 800 2347 erant,
823 2266 868 2329 ibi
891 2266 1061 2331 adventum
1084 2289 1136 2332 ex·

140 2411 142 2416 2
174 2361 318 2438 spectare
340 2352 472 2436 Pompei
505 2373 605 2437 eoque
632 2375 758 2418 ornnem
789 2350 864 2417 belli
885 2354 1042 2418 rationem
1064 2375 1133 2418 con·
1248 2415 1249 2430 ,

173 2439 258 2502 ferre
281 2440 450 2502 constituit

238 2525 290 2587 82.
312 2523 481 2607 Pompeius
511 2524 621 2608 paucis
648 2533 721 2610 post
748 2524 860 2590 diebus
882 2526 917 2589 in
938 2521 1132 2589 Thessaliam

173 2612 320 2695 pertenit
356 2609 621 2696 concionatusque
658 2612 742 2696 apud
778 2620 925 2676 cunctum
963 2611 1134 2674 exercitum

157 2705 159 2710 ’
174 2697 238 2760 suis
255 2699 319 2780 agit
333 2695 460 2781 gratias,
477 2695 634 2780 Scipionis
654 2695 770 2760 milites
786 2697 974 2778 cohortatur,
999 2706 1034 2759 ut
1047 2703 1136 2781 parta

172 2784 236 2846 iam
258 2783 391 2846 victoria
405 2779 544 2863 praedae
567 2803 605 2844 ac
640 2783 831 2847 raemiorum
851 2781 952 2848 velint
974 2803 1044 2846 esse
1064 2801 1133 2864 par-

173 2869 295 2954 ticipes,
318 2866 518 2952 receptisque
533 2805 678 2932 omnibus
698 2868 731 2930 in
746 2890 810 2931 una
832 2878 936 2932 castra
957 2865 1132 2952 legionibus

175 2973 267 3016 suum
290 2975 362 3017 cum
384 2951 532 3035 Scipione
561 2953 715 3018 honorem
743 2955 877 3039 partitur
906 2952 1133 3034 classicumque

174 3038 259 3125 apud
282 3061 354 3102 eum
370 3037 440 3102 cani
463 3046 494 3102 et
509 3039 642 3103 alterum
664 3037 711 3103 illi
730 3038 818 3104 iubet
832 3039 1023 3124 praetorium
1039 3035 1133 3101 tendi.

173 3125 285 3188 Auctis
308 3126 407 3209 copiis
429 3121 562 3210 Pompei
590 3124 776 3210 duobusque
798 3125 921 3210 magnis
945 3121 1133 3190 exercitibus

173 3211 347 3274 coniunctis
380 3209 512 3296 pristina
544 3212 684 3275 omnium
718 3211 920 3275 confirmatur
953 3210 1066 3293 opinio,
1105 3215 1134 3271 et

173 3317 246 3380 spes
268 3297 422 3362 victoriae
445 3305 588 3380 augetur,
616 3296 696 3362 adeo
718 3306 762 3380 ut,
788 3298 860 3382 quie
882 3293 937 3358 uid
959 3292 1132 3357 intercede-

172 3390 221 3443 ret
243 3383 402 3466 temporis,
426 3379 459 3444 id
479 3382 595 3446 morari
611 3381 748 3448 reditum
769 3383 804 3445 in
818 3318 941 3444 Italiam
963 3379 1132 3460 rideretur,

180 3475 206 3528 ct
228 3470 254 3530 si
277 3466 403 3553 quando
419 3467 495 3553 quid
509 3467 679 3554 Pompeius
693 3467 816 3533 tardius
835 3475 892 3531 aut
906 3463 1132 3530 consideratius
