2562 3966
172 146 235 248 roo
429 183 489 248 nu
511 183 655 248 annno
678 183 869 252 omniuo

168 363 310 440 tempore
338 355 550 419 coniecturam
577 367 707 442 ceperat
734 357 767 420 in
796 367 901 422 castra
928 367 1126 443 perventum,

167 439 281 505 iisdem
303 439 441 523 sublicis,
465 462 599 528 quarum
620 463 695 528 pars
724 442 853 508 inferior
879 444 1004 528 integra
1024 465 1126 508 rema·

168 524 274 607 nebat,
296 535 425 610 pontem
444 527 574 590 reficere
591 528 703 675 coepit.
727 521 881 593 Celeriter
903 529 1014 593 effecto
1030 550 1126 615 opere

168 610 199 675 le
222 610 409 698 ionibusque
431 611 583 676 traductis
606 620 638 676 et
664 634 722 676 oco
737 615 847 677 castris
873 613 986 678 idoneo
1002 612 1125 678 delecto

168 634 308 782 reliquas
330 698 438 781 copias
462 698 634 762 revocavit
669 697 911 782 Vercingetorix
931 721 967 763 re
990 701 1124 784 cognita,

168 803 209 845 ne
221 791 331 845 contra
343 805 433 846 suam
443 781 639 846 voluntatem
651 783 806 847 dimicare
811 793 985 869 cogeretur,
1001 785 1124 869 magnis

168 867 333 930 itineribus
356 869 533 932 antecessit.
885 883 886 886 ’

231 951 283 1015 36.
307 950 427 1016 Caesar
448 976 489 1018 ex
512 975 549 1018 eo
571 951 641 1018 loco
664 955 780 1040 quintis
803 956 914 1019 castris
931 953 1124 1038 Gergoviam

167 1039 315 1124 pervenit
340 1039 541 1125 equestrique
564 1061 602 1104 eo
624 1039 675 1102 die
703 1040 825 1124 proelio
855 1039 919 1103 levi
947 1040 1029 1104 facto
1051 1062 1121 1125 per·

169 1131 275 1208 specto
303 1122 390 1186 urbis
420 1125 498 1204 situ,
554 1146 614 1188 uae
640 1127 744 1210 posita
773 1127 806 1189 in
833 1124 986 1189 altissimo
1018 1133 1123 1190 monte

169 1229 278 1272 omnes
311 1207 414 1272 aditus
448 1147 592 1291 difficiles
625 1208 778 1290 habebat,
816 1210 868 1274 de'
890 1212 1123 1295 expugnatione

168 1293 357 1378 desperavit,
380 1293 420 1357 de
436 1293 618 1359 obsessione
641 1317 706 1359 non
726 1297 815 1381 prins
838 1297 995 1380 agendum
1010 1296 1123 1359 eonsti-

168 1380 241 1459 tuit,
265 1400 360 1464 quam
381 1401 449 1442 rem
477 1379 715 1444 frumentariam
743 1381 935 1466 expedisset.
979 1379 1023 1444 At
1044 1381 1121 1444 Ver·

168 1464 345 1547 cingetorix
373 1465 484 1528 castris
511 1487 610 1551 prope
640 1466 789 1551 oppidum
817 1467 851 1529 in
876 1475 982 1530 monte
1012 1467 1123 1550 positis

168 1548 380 1614 mediocribus
404 1551 522 1614 circum
537 1572 572 1614 se
593 1551 770 1616 intervallis
794 1553 963 1638 separatim
985 1549 1120 1637 singula·

167 1656 239 1698 rum
267 1635 440 1700 civitatium
469 1637 575 1722 copias
605 1635 818 1702 collocaverat
852 1646 947 1724 atque
976 1636 1122 1700 omnibus

169 1721 237 1784 eius
269 1721 337 1807 iugi
365 1720 500 1785 collibus
533 1723 712 1808 occupatis,
746 1743 809 1809 qua
841 1722 963 1808 despici
990 1731 1122 1809 poterat,

166 1804 352 1870 horribilem
384 1807 522 1892 speciem
553 1807 729 1892 praebebat
756 1809 981 1894 principesque
1014 1829 1121 1872 earum

169 1893 358 1972 civitatium,
389 1915 467 1978 quos
490 1891 551 1956 sibi
574 1892 615 1956 ed
636 1892 802 1958 consilium
817 1893 1015 1980 ,capiendum
1039 1893 1123 1959 dele

168 1985 267 2062 gerat,
289 1979 392 2062 prima
413 1978 484 2041 luce
507 1978 645 2065 quotidie
668 1979 766 2044 adse
789 1981 959 2043 convenire
984 1978 1122 2061 iubebat,

168 2083 226 2126 seu
248 2062 323 2148 quid
346 2063 647 2146 communicandum,
672 2064 819 2154 seuquid
840 2063 1121 2128 administrandum

167 2146 337 2227 videretur,
359 2170 463 2234 neque
478 2149 578 2214 ullum
599 2149 665 2214 fere
681 2150 765 2214 diem
786 2147 1021 2230 intermittebat,
1046 2150 1120 2235 quin
1184 2149 1188 2157 '

114 2299 118 2307 ,
168 2233 308 2319 equestri
323 2233 442 2318 proelio
457 2235 630 2299 interiectis
653 2237 833 2320 sagittariis,
858 2234 957 2321 quid'
997 2255 1122 2382 qpoque
1211 2247 1213 2251 ’

168 2327 254 2383 esset
276 2319 372 2382 animi
394 2341 431 2382 ac
452 2321 577 2384 virtutis
601 2343 738 2402 suorum,
761 2321 964 2406 perspiceret.
1033 2328 1083 2381 rat
1104 2340 1122 2381 e

167 2403 298 2488 regione
334 2405 443 2490 oppidi
475 2405 565 2471 collis
599 2406 657 2470 sub
690 2407 767 2491 ipsis
801 2404 961 2468 radicibus
996 2405 1121 2487 montis,
1171 2417 1175 2424 '

168 2490 297 2574 egregie
325 2491 463 2554 munitus
493 2501 587 2577 atque
610 2493 758 2555 exomni
786 2499 875 2578 parte
899 2491 1121 2572 circumcisus,

169 2597 264 2662 quem
294 2577 321 2638 si
348 2585 491 2642 tenerent
512 2578 629 2656 nostri,
645 2619 646 2624 κ
660 2585 691 2638 et
713 2598 814 2662 aquae
842 2597 959 2658 magna
979 2583 1069 2660 parte
1092 2583 1123 2640 et

167 2659 368 2761 pabulatione
384 2661 485 2725 libera
499 2660 685 2746 prohibituri
700 2661 806 2725 hostes
821 2660 1021 2725 videbantur.
1058 2659 1122 2726 Sed

168 2767 196 2809 1s
218 2744 306 2810 locus
327 2746 485 2831 praesidio
508 2745 547 2809 ab
570 2746 619 2808 his
641 2769 705 2810 non
720 2747 823 2810 minus
838 2747 929 2810 firmo
946 2745 1122 2812 tenebatur.

168 2827 291 2896 Tamen
322 2832 445 2896 silentio
474 2832 576 2895 noctis
606 2829 728 2896 Caesar
756 2854 798 2895 ex
825 2833 936 2896 castris
964 2855 1122 2918 egressus,

167 2918 352 3004 priusquam
374 2916 514 2981 subsidio
530 2938 571 2980 ex
593 2940 610 2982 o
634 2917 707 3003 pido
729 2920 833 2981 veniri
854 2927 976 3003 posset,
1000 2917 1122 2982 deiecto

189 3003 325 3069 raesidio
358 3002 474 3088 potitus
496 3001 566 3066 loco
621 3025 677 3066 uas
709 3003 755 3067 ibi
787 3002 929 3088 legiones
958 3002 1123 3068 collocavit

167 3025 349 3176 lossamque
379 3087 538 3174 duplicem
565 3087 745 3154 duodenum
771 3091 888 3173 pedum
910 3111 930 3151 a
950 3089 1122 3154 maioribus

169 3175 283 3238 castris
312 3173 354 3238 ad
382 3175 504 3238 minora
532 3173 696 3259 perduxit,
729 3184 764 3239 ut
793 3184 860 3240 tuto
888 3173 928 3237 ab
957 3175 1122 3260 repentino

168 3258 306 3323 hostium
326 3261 456 3323 incursu
479 3261 574 3324 etiam
596 3259 712 3344 singuli
734 3281 911 3324 commeare
932 3269 1072 3346 possent.

189 3344 192 3352 ’
233 3343 284 3407 37.
317 3343 405 3408 Dum
433 3344 514 3409 haec
536 3344 578 3408 ad
601 3344 793 3430 Gergoviam
814 3354 983 3430 geruntur,
1008 3343 1122 3410 Convi-

170 3427 324 3492 ctolitavis
346 3428 516 3513 Haeduus,
547 3431 596 3494 cui
619 3432 839 3518 magistratum
862 3428 1075 3496 adiudicatum
1103 3449 1123 3494 a
