2490 3974
174 355 185 368 ,
282 281 284 286 ’
492 291 635 359 CAPUT
656 287 791 358 35-38.
1051 282 1110 348 261
1198 289 1200 294 ’

164 467 319 548 delerent,
336 466 382 530 ita
403 463 532 530 oonsilio
555 465 662 530 habito
684 471 780 528 noctu
807 465 924 550 patitur
944 462 1112 528 Lusitanos

164 555 358 638 eruptionem
379 551 500 634 facere,
521 551 556 616 id
578 551 663 637 quod
690 549 833 630 consulto
862 565 925 614 non
955 547 1112 616 existima

163 640 240 702 bant
266 637 345 702 fieri.
373 636 434 706 Ita¹
451 636 643 722 erumpendo
670 657 777 718 naves,
812 657 893 721 quae
920 634 961 701 ad
991 634 1112 703 Baetim

138 721 280 788 'flumen
311 724 450 806 fuissent,
488 721 667 786 incendunt.
704 721 820 805 Nostri,
857 720 933 784 dum
968 722 1113 792 incendio

164 809 342 874 detinentur
364 854 529 870 ......
551 807 597 872 illi
626 807 807 893 profugiunt
836 815 867 868 et
888 803 933 876 ,ab
957 807 1125 892 equitibus·

94 943 96 949 ,
163 894 378 966 conciduntur.
403 893 473 972 Quo
488 893 570 958 facto
593 893 706 978 oppido
722 900 907 977 recuperato
927 889 1038 958 Astarn
1053 896 1114 958 iter

162 981 266 1044 facere
289 981 405 1065 coepit3
429 1001 470 1042 ex
492 1000 556 1064 qua
578 979 704 1042 civitate
732 977 828 1061 legati
858 976 899 1040 ad
926 975 1126 1046 deditionem

163 1073 326 1130 venerunt.
350 1064 542 1128 Mundenses
564 1085 614 1145 ue,
638 1064 691 1150 qui
713 1085 755 1126 ex
768 1061 887 1148 proelio
909 1062 943 1124 in
965 1065 1115 1148 oppidum

163 1151 375 1236 confugerant,
410 1171 506 1235 quum
542 1087 658 1212 diutius
695 1147 997 1232 circumciderentur,
1034 1151 1115 1216 bene
1171 1156 1176 1166 ’

162 1236 252 1300 multi
267 1235 457 1300 deditionem
471 1235 599 1316 faciunt,
622 1243 654 1298 et
669 1256 764 1321 quum
787 1243 892 1298 essent
912 1236 946 1297 in
960 1233 1116 1320 legionem

163 1321 328 1403 distributi,
352 1321 515 1384 coniurant
535 1321 618 1384 inter
646 1341 725 1402 sese,
748 1327 783 1384 ut
804 1327 899 1385 noctu
921 1320 1010 1402 signo
1032 1321 1115 1402 date,

164 1408 217 1491 qui
252 1408 285 1470 in
321 1403 435 1492 oppido
471 1405 612 1486 fuissent,
655 1408 850 1490 eruptionem
885 1405 1033 1488 facerent,
1070 1407 1117 1470 illi

163 1489 293 1556 caedem
321 1493 484 1556 incastris
517 1491 784 1556 administrarent.
818 1490 888 1554 Hac
920 1514 954 1556 re
991 1493 1118 1576 cognita

162 1577 341 1663 insequenti
372 1586 464 1642 nocte
500 1575 609 1662 vigilia
639 1577 734 1639 tertia
765 1585 885 1640 tessera
917 1576 992 1640 data
1025 1587 1117 1642 extra

162 1661 281 1726 vallum
302 1685 410 1726 omnes
433 1669 505 1728 sunt
527 1661 653 1726 concisi.

225 1747 276 1811 37.
300 1746 509 1829 Carteienses,
539 1747 613 1810 dum
644 1745 762 1810 Caesar
790 1747 824 1808 in
850 1747 975 1812 itinere.
995 1748 1118 1834 reliqua

163 1833 279 1918 oppida
300 1841 468 1918 oppugnat,
490 1841 618 1918 propter
646 1832 831 1916 Pompeium
859 1832 1026 1898 dissentire
1048 1855 1116 1898 coe-

162 1926 284 2003 perunt.
306 1918 386 1982 Pars
409 1927 484 2000 erat,
501 1939 581 2002 quae
596 1917 717 2004 legatos
738 1917 779 1980 ad
794 1916 963 1982 Caesarem
978 1921 1116 2002 miserat,

185 2025 235 2066 ars
259 2014 334 2085 erat,
351 2004 404 2088 qui
418 2003 682 2088 Pompeianarum
696 2004 833 2088 partium
847 2003 985 2068 fautores
1000 2015 1115 2072 essent.

162 2025 323 2152 deditione
347 2090 502 2153 concitata
530 2097 637 2173 portas
668 2097 838 2173 occupant3
862 2089 975 2167 caedes
997 2091 1032 2156 fit
1048 2113 1116 2156 ma·

162 2196 241 2258 gna3
264 2175 388 2237 saucius
409 2174 578 2259 Pompeius
599 2195 698 2237 naves
726 2181 777 2235 XX
801 2184 932 2258 occupat
953 2174 1064 2260 longas
1085 2186 1117 2240 et

162 2258 309 2344 profugit.
345 2258 476 2341 Didius,
507 2260 561 2344 qui
582 2266 624 2324 ud
652 2257 758 2322 Gades
792 2258 886 2324 classi
919 2261 1115 2346 praefuisset,

158 2344 349 2430 simulatque
364 2346 490 2408 nuntius
506 2343 619 2408 allatus
635 2353 691 2426 est,
715 2343 879 2408 confestim
895 2347 984 2432 sequi
999 2349 1116 2434 coepit3

184 2431 277 2494 artim
303 2429 444 2515 peditum
473 2439 504 2493 et
533 2431 689 2515 equitatus
719 2429 760 2494 ad
787 2430 1040 2516 persequendum
1069 2455 1116 2498 ce-

161 2453 269 2579 leriter
291 2522 441 2580 terrestre
456 2514 615 2580 faciebant
630 2516 690 2579 iter
703 2515 938 2600 navigationem
954 2517 1116 2584 confestim

161 2597 373 2686 insequentes.
404 2599 525 2678 Quarto
548 2601 600 2664 die
620 2601 841 2686 navigationis,
866 2600 950 2689 quod
970 2602 1117 2689 imparati

163 2707 182 2747 a
201 2684 328 2750 Carteia
341 2685 474 2770 profecti
489 2687 556 2750 sine
572 2709 653 2771 aqua
668 2687 808 2768 fuissent,
832 2687 872 2750 ad
886 2696 1003 2752 terram
1018 2687 1116 2773 appli-

163 2779 243 2833 cant.
279 2770 366 2834 Dum
388 2780 559 2856 aquantur,
581 2771 696 2836 Didius
720 2771 822 2836 classe
844 2775 995 2854 accurrit,
1018 2795 1116 2838 naves

164 2854 311 2934 incendit,
336 2855 503 2919 nonnullas
526 2857 618 2943 capit.
1045 2903 1057 2926 ,ι
1139 2913 1141 2921 ,

225 2940 276 3006 38.
298 2940 466 3026 Pompeius
489 2963 560 3006 cum
581 2944 690 3028 paucis
701 2943 839 3028 profugit
854 2952 885 3007 et
900 2943 1003 3010 locum
1019 2967 1114 3030 quen·

164 3025 236 3088 dam
257 3026 409 3090 munitum
429 3035 541 3091 natura
569 3036 710 3113 occupat.
740 3029 871 3115 Equites
902 3037 933 3094 et
962 3029 1115 3112 cohortes,

62 3108 67 3118 ’
164 3132 244 3196 quae
266 3108 307 3174 ad
326 3111 579 3198 persequendum
594 3114 709 3178 missae
729 3123 845 3196 essent,
868 3115 1116 3200 speculatoribus

163 3196 340 3260 antemissis
360 3199 520 3262 certiores
547 3197 644 3262 fiunt:
676 3198 759 3276 diem
786 3209 827 3266 et'
846 3210 970 3272 noctem
992 3202 1052 3266 iter
1073 3201 1116 3264 fa·-

1 3357 3 3378 ,
114 3342 120 3370 Ι,
164 3281 257 3345 ciunt
280 3281 448 3367 Pompeius
470 3281 600 3350 humero
628 3291 660 3348 et
681 3285 807 3351 sinistro
835 3307 928 3350 crure
949 3285 1116 3356 vehemen-

164 3375 213 3431 ter
235 3375 302 3432 erat
324 3369 458 3432 saucius.
480 3368 554 3431 Huc
575 3369 756 3452 accedebat,
778 3379 813 3434 ut
835 3371 929 3436 etiarn
951 3371 1048 3437 talum
1070 3374 1115 3436 in-

70 3529 73 3534 ,
114 3515 116 3520 A
163 3454 320 3536 torsisset3
343 3474 489 3540 quaeres
505 3455 641 3519 maxime
664 3454 863 3541 impediebat.
880 3454 929 3518 lta
949 3456 1065 3522 lectica
1076 3456 1116 3522 ad

163 3544 282 3619 turrem
311 3560 407 3626 quum
434 3547 531 3606 esset·
546 3539 669 3624 adenis,
699 3541 732 3604 in
762 3562 800 3605 ca
825 3540 1000 3608 tenebatur.
1027 3541 1116 3608 Lusi·
