2562 3970
190 181 260 246 40x
481 185 543 249 nu
563 185 709 251 nunno
733 173 866 251 orvim
917 221 919 226 s

191 355 281 418 initio
302 353 437 419 fecerint
469 355 621 442 armaque
644 379 727 422 cum
755 357 935 422 hominibus
964 353 1181 424 necessariis-

193 448 225 503 et
247 440 491 524 consanguineis
515 441 713 525 contulerint,
737 451 920 530 queruntur.
954 443 1015 516 His
1041 465 1160 530 prauo<

192 526 255 588 cati
270 525 468 590 sermonibus
483 525 580 590 fidem
595 527 635 591 ab
651 529 693 590 im
719 536 840 592 eratore
863 527 903 590 de
917 526 1036 592 Petreii
1059 540 1157 616 atquc

190 609 315 674 Afranii
336 613 403 674 vita
423 618 544 696 petunt,
558 634 608 674 ne
631 551 715 698 quod
736 614 770 676 in
793 635 827 676 se
851 611 954 679 scelus
970 618 1166 699 concepisse·

190 715 255 759 neu
278 715 351 760 suos
378 695 557 780 prodidisse
589 697 766 760 videantur.
800 695 926 776 Quibus
960 697 1152 776 confirmatis

191 777 288 846 rebus
312 801 346 844 se
370 781 475 844 statim
497 782 588 864 signa
610 781 820 846 translaturos
855 783 1042 846 confirmant
1070 784 1174 865 lega·-

191 874 304 950 tosque
327 865 367 928 de
389 887 468 952 pace
501 867 674 950 primorum
706 866 854 944 ordinum
884 867 1085 932 centuriones
1111 865 1153 928 ad

193 948 365 1022 Caesarem
387 952 534 1013 mittunt·
557 949 689 1014 Interim
705 950 773 1014 ,ffi
797 970 870 1014 suos
892 954 925 1014 in
948 960 1053 1015 castra
1069 952 1152 1014 invi·-

191 1033 280 1106 tandi
303 1055 400 1098 causa
422 1034 592 1117 adducunt,
615 1035 671 1100 alii
693 1036 733 1100 ab
758 1039 822 1099 suis
839 1035 1152 1118 abducuntur,·adeo

191 1127 226 1182 ut
248 1141 321 1183 unav
335 1129 442 1183 castra
462 1121 527 1182 iam
548 1120 633 1184 facta
655 1143 697 1185 ex
718 1120 803 1184 binis
825 1121 1033 1202 'viderentur3
1068 1129 1175 1184 com?

191 1203 361 1290 pluresque
394 1204 514 1268 tribuni
535 1204 670 1269 militum
693 1215 724 1270 et
746 1209 944 1270 centuriones
974 1207 1014 1269 ad
1038 1205 1159 1269 Gaesa·'

191 1311 258 1362 rem
280 1291 413 1354 veniunt
442 1311 539 1376 seque
563 1291 592 1353 ei
615 1291 847 1356 commendant.
883 1288 974 1354 Idem
995 1291 1056 1353 hoc
1078 1291 1114 1354 fit
1136 1311 1155 1352 e

190 1373 387 1460 principibus
410 1375 593 1460 Hispaniae,
616 1398 696 1461 quos
719 1387 930 1440 evocaverant
953 1384 984 1438 et
999 1396 1107 1438 secum
1122 1376 1153 1436 in

192 1459 304 1522 castris
327 1459 487 1523 habebant
510 1459 657 1524 obsidum
689 1459 847 1532 locelli
876 1481 951 1523 suos
980 1468 1071 1524 notos
1100 1459 1154 1523 ho·
1264 1539 1265 1550 ἵ

191 1545 353 1631 spitesque
380 1543 665 1631 quaerebant,·per
688 1567 780 1632 quem
824 1547 936 1630 uisque
959 1566 1068 1608 eorum
1090 1543 1155 1606 adi·

190 1638 258 1692 tum
279 1631 560 1702 commendationis
592 1629 725 1694 haberet
748 1629 789 1694 ad
841 1651 993 1694 aesarem.
1031 1627 1155 1692 Afranii

192 1715 288 1778 etiam
310 1714 394 1778 filius
418 1715 604 1780 adolescens
628 1715 667 1778 de
691 1737 751 1779 sua·
772 1735 810 1778 ac
827 1715 967 1800 parentis
981 1714 1030 1777 sui
1053 1713 1154 1778 salute

191 1817 270 1863 oum·
286 1798 424 1864 Caesare
446 1822 504 1886 per
527 1799 584 1864 Sul
606 1800 702 1863 icium
723 1799 864 1884 legatum
894 1798 1019 1884 agebat.
1053 1793 1156 1862 Erant

190 1883 287 1968 plena
301 1884 429 1949 laetitia
444 1895 475 1950 et
490 1821 700 1970 gratulatione
717 1885 832 1966 omnia,
857 1905 975 1963 eorum,
999 1884 1054 1968 qui
1067 1891 1156 1946 tants

190 1968 333 2054 pericula
354 1973 481 2052 vitasse,
516 1981 547 2034 et
569 1991 688 2053 eorum,
722 1971 777 2055 qui
806 1972 874 2033 sine
896 1969 1028 2032 vulnere
1050 1977 1154 2032 tantas

171 2074 172 2078 ’
191 2077 244 2119 res
265 2055 439 2120 confecisse
461 2055 661 2137 videbantur,
684 2075 897 2139 magnumque
917 2053 1058 2118 fructum
1079 2073 1155 2116 suae

191 2140 344 2224 pristinae
377 2139 516 2203 lenitatis
550 2141 689 2202 omnium
722 2139 839 2202 iudicio
869 2137 988 2202 Caesar
1020 2137 1153 2218 ferebat,

192 2224 422 2310 consiliumque
445 2227 513 2288 eius
536 2246 556 2286 a
578 2224 699 2287 cunctis
721 2222 927 2307 probabatur.
1123 2259 1149 2268 -ι
1264 2297 1265 2300 ¹

257 2309 307 2374 75.
331 2307 456 2390 Quibus
478 2309 576 2374 rebus
598 2310 749 2372 nuntiatis
772 2307 906 2370 Afranio
941 2306 981 2370 ab
1011 2309 1154 2372 instituto

193 2385 297 2480 operex
311 2396 448 2462 discedit
470 2421 567 2485 seque
589 2395 622 2460 in
653 2403 758 2462 castra
790 2393 921 2480 recipit,¹
947 2391 992 2457 sic
1008 2402 1153 2484 parents,

191 2489 226 2544 ut
247 2481 425 2564 videbatur,
459 2493 502 2566 ut,
527 2486 717 2569 quicumque
740 2483 908 2546 accidisset
930 2503 1033 2562 casus,
1070 2482 1155 2544 hunc
1264 2507 1265 2568 ᾗ

193 2566 298 2652 quieto
322 2575 356 2636 et.
375 2589 477 2653 aequo
501 2571 605 2649 animo
627 2568 733 2632 ferret.
756 2568 900 2630 Petreius
922 2586 999 2630 vero
1020 2565 1155 2638 nonde-¹

192 2651 270 2714 serit
289 2672 373 2716 sese.
407 2651 520 2717 Armat
551 2653 702 2716 familiam
711 2653 722 2716 τ’
758 2673 830 2716 cum
862 2651 922 2715 hac
946 2659 977 2714 et
998 2651 1156 2736 praetoria
1264 2687 1265 2710 2

192 2735 321 2800 cohorte
359 2745 549 2801 cetratorum
585 2736 797 2823 barbarisque
836 2736 995 2820 equitibus

191 2820 402 2885 beneficiariis
427 2823 501 2905 suis,
531 2845 610 2907 quos
633 2845 710 2886 suae
733 2821 895 2885 custodiae
919 2842 1015 2885 causa
1032 2757 1155 2883 labere

192 2915 368 2988 consuerat,
406 2907 577 2992 improviso
606 2907 647 2971 ad
676 2905 797 2970 vallum
826 2905 964 2982 advolat,
998 2904 1156 2990 colloquia

191 2991 327 3054 militurn
348 2992 559 3077 interrumpit,
582 3001 708 3055 nostros
730 2990 856 3076 repellit
878 3013 898 3054 a
920 2992 1041 3072 castris,
1076 3011 1155 3074 quos

179 3075 403 3161 ,deprehendit
425 3077 582 3141 interficit.
606 3077 734 3162 Reliqui
756 3085 870 3140 co‘e'unt
891 3077 974 3139 inter
996 3095 1031 3138 se
1054 3084 1085 3139 et
1106 3095 1155 3138 re·

192 3161 322 3245 pentino
344 3161 488 3245 periculo
519 3153 664 3225 exterriti
697 3163 841 3226 sinistras
871 3163 956 3245 sagis
989 3159 1156 3224 involvunt

191 3245 380 3331 gladiosque
403 3245 612 3330 destringunt(
626 3255 720 3332 atque
747 3249 793 3310 ita
815 3269 849 3310 se
872 3269 891 3310 a
914 3247 1041 3309 cetratis
1070 3244 1155 3330 equi·-

192 3328 340 3416 tibusque
370 3330 544 3395 defendunt
574 3341 749 3397 castrorum
779 3333 1015 3418 propinquitate
1044 3330 1157 3422 confisi

1057 2736 1154 2816 aucis,
1264 2719 1265 2740 ³
