2538 3978
172 209 213 275 68
462 212 521 276 DE
542 213 685 279 BELLO
709 214 842 279 CIVILI

171 404 213 446 cx
235 383 384 446 concione
406 384 547 448 universi
573 384 788 467 cohortantur,
815 408 930 471 magno
953 388 993 450 sit
1014 386 1132 468 animo,

170 466 286 530 necubi
316 468 436 532 dubitet
463 468 617 553 proelium
646 472 840 535 committere
868 483 899 535 et
921 493 1010 536 suam
1032 465 1129 537 fidein

170 554 381 640 virtutemque
404 555 549 639 experiri.
580 554 650 634 Quo
672 555 755 620 facto
778 567 968 620 commutata
989 558 1129 620 omnium

171 648 202 703 et
223 637 385 703 voluntate
408 650 439 702 et
468 641 614 725 opinione
644 663 802 705 consensu
825 663 946 706 summo
969 643 1131 706 constituit

172 721 277 804 Curio,
301 747 397 810 quum
418 726 553 810 primum
583 727 623 789 sit
645 726 718 790 dats
746 736 894 814 potestas
917 727 1037 812 proelio
1059 749 1129 791 rem

170 810 364 873 committere
393 819 519 895 postero
543 833 582 874 ue
615 811 665 875 die
698 813 867 897 productos
901 811 1011 877 eodeni
1047 811 1127 893 loco,

191 916 232 958 uo
255 895 465 980 superioribus
488 895 538 961 die
562 919 599 959 us
626 899 818 980 constiterat,
840 898 874 961 in
895 899 963 961 acie
985 896 1128 962 collocat.

168 916 222 1058 lie,
246 980 349 1044 Varus
379 980 506 1066 quidem
534 981 639 1046 Attius
662 979 783 1047 dubitat
809 1005 846 1047 co
869 983 915 1046 ias
941 981 1128 1067 producere,

169 1066 236 1129 sive
266 1065 454 1130 sollicitandi
487 1065 601 1131 milites
630 1069 697 1131 sive
726 1089 827 1154 aequo
846 1005 923 1132 loco
956 1067 1127 1131 dimicandi

168 1150 260 1215 detur
281 1152 414 1232 occasio,
437 1173 477 1214 ne
499 1151 678 1216 facultatem
701 1155 938 1239 praetermittat.

231 1235 282 1299 34.
305 1236 384 1299 Erat
404 1235 497 1300 vallis
519 1237 602 1300 inter
617 1237 694 1301 duas
716 1239 809 1320 acies,
832 1247 978 1323 utsupra
999 1237 1127 1302 demon·

168 1329 300 1385 stratum
333 1330 390 1403 est,
423 1343 488 1385 non
519 1322 564 1385 ita
595 1345 719 1408 magna,
753 1334 785 1388 at
817 1323 936 1387 difficili
963 1331 994 1387 et
1027 1322 1128 1386 arduo

168 1428 311 1470 ascensu.
355 1407 447 1470 Hanc
479 1415 620 1494 uterque,
659 1409 686 1471 si
716 1408 975 1473 adversariorum
1016 1430 1052 1473 co
1076 1410 1127 1472 iae

167 1493 305 1556 transire
326 1501 534 1575 conarentur,
557 1493 777 1578 exspectabat,
801 1515 863 1580 quo
886 1495 1034 1579 aequiore
1054 1431 1128 1556 lbco

166 1577 321 1663 proelium
350 1579 567 1642 committeret.
597 1577 698 1643 Simul
727 1578 768 1642 ab
802 1581 926 1644 sinistro
959 1600 1058 1642 cornu
1089 1578 1126 1641 P.

166 1663 247 1727 Attii
269 1665 424 1751 equitatus
452 1664 553 1727 omnis
583 1673 614 1728 et
635 1687 699 1728 una
720 1664 799 1733 levis
822 1673 1000 1729 armaturae
1032 1664 1127 1726 inter-

165 1750 240 1814 iecti
263 1748 448 1835 complures,
473 1771 568 1834 quum
590 1772 624 1814 se
645 1751 679 1813 in
693 1749 810 1814 vallem
828 1750 1037 1829 demitterent,
1059 1770 1126 1813 cer·

166 1833 334 1899 nebantur.
362 1834 416 1898 Ad
445 1857 498 1901 eos
521 1833 617 1899 curio
647 1837 821 1921 equitatum
851 1845 883 1900 et
904 1835 982 1899 duas
1003 1834 1126 1897 Marru-

166 1924 311 1986 cinorum
339 1920 484 1985 cohortes
513 1922 623 2003 mittit3
654 1943 788 2007 quorum
816 1921 952 2005 primum
973 1920 1127 2004 impetum

166 2009 289 2094 equites
312 2007 449 2072 hostiurn
470 2029 534 2072 non
555 2005 703 2088 tulerunt,
727 2007 784 2070 sed
806 2005 951 2070 admissis
973 2005 1062 2090 equis
1085 2003 1128 2067 ad

168 2114 241 2157 suos
264 2093 463 2177 refugerunt:
486 2092 591 2156 relicti
613 2091 653 2156 ab
668 2091 718 2156 his
742 2093 795 2179 qui
816 2115 881 2156 una
901 2099 1127 2177 procurrerant

167 2178 248 2242 levis
276 2189 452 2243 armaturae
482 2177 810 2243 circumveniebantur
838 2186 933 2263 atque
960 2174 1127 2240 interficie-

166 2263 281 2328 bantur
302 2263 482 2328 abnostris.
504 2263 578 2327 Huc
600 2273 665 2327 tota
683 2263 763 2326 Vari
778 2283 930 2327 conversa
952 2261 1039 2327 acies
1051 2280 1127 2323 suos

165 2350 274 2434 fugere
307 2358 339 2412 et
370 2350 493 2414 concidi
525 2348 662 2416 videbat.
699 2349 790 2412 Tunc
824 2346 965 2428 Rebilus,
1002 2345 1127 2431 legatus

167 2434 324 2517 Caesaris,
348 2457 441 2521 quem
457 2434 552 2499 Curio
568 2456 675 2498 secum
698 2457 739 2497 ex
753 2432 862 2498 Sicilia
876 2433 1017 2514 duxerat,
1062 2429 1127 2494 uod

166 2543 315 2605 magnum
342 2519 460 2585 habere
489 2542 580 2583 usum
609 2522 642 2584 in
670 2542 705 2583 re
732 2519 861 2582 militari
889 2517 1017 2599 sciebat,
1041 2455 1126 2578 (ler-

166 2608 317 2689 territum,
340 2607 450 2693 inquit,
472 2605 596 2670 hostem
621 2605 721 2686 vides,
755 2602 867 2669 Curio:
901 2601 977 2690 quid
999 2600 1126 2664 dubitas

166 2694 211 2756 uti
232 2693 383 2778 temporis
410 2689 667 2776 opportunitate?
708 2689 767 2754 Ille
789 2712 888 2753 unum
909 2687 1060 2767 elocutus,
1089 2694 1127 2748 ut

166 2780 318 2842 memoria
327 2786 473 2840 tenerent
484 2775 598 2838 milites
611 2799 657 2857 ea,
670 2796 751 2862 quae
758 2773 860 2860 pridie
872 2773 933 2836 sibi
945 2773 1125 2837 confirmas·

167 2875 245 2946 sent,
262 2864 351 2948 sequi
367 2883 436 2924 sese
452 2860 539 2925 iubet
561 2873 592 2924 et
606 2863 783 2946 praecurrit
805 2868 877 2922 ante
893 2880 1011 2922 omnes.
1034 2854 1127 2920 Adeo

168 2960 236 3014 erat
257 2948 408 3034 impedita
434 2946 537 3028 vallis,
565 2957 599 3010 ut
619 2947 652 3008 in
682 2967 816 3009 ascensu
842 2945 905 3007 nisi
927 2941 1084 3006 sublevati
1106 2963 1126 3003 a

168 3033 232 3098 suis
254 3035 348 3119 primi
369 3054 434 3096 non
455 3031 547 3095 facile
571 3032 773 3095 eniterentur.
790 3028 855 3094 Sed
876 3036 1125 3177 praeoccupatus

166 3121 288 3184 animus
310 3118 507 3182 Attianorum
536 3116 670 3180 militurn
690 3117 802 3179 timore
826 3123 856 3178 et
890 3136 953 3199 uga
974 3121 1006 3176 'et
1027 3110 1126 3176 caede

78 3275 83 3284 f
167 3227 295 3269 suorum
322 3203 400 3267 nihil
422 3202 462 3267 dc
484 3201 658 3267 resistendo
689 3200 858 3286 cogitabat,
888 3219 1060 3345 omnesque
1090 3218 1126 3259 se

165 3292 229 3354 iam
258 3289 298 3354 ab
329 3290 468 3376 equitatu
497 3288 718 3352 circumveniri
746 3285 990 3350 arbitrabantur.
1029 3293 1126 3367 taque

167 3377 352 3461 priusquam
380 3372 478 3439 telum
507 3372 601 3438 abiici
633 3381 749 3458 posset,
777 3380 832 3436 aut
863 3369 962 3434 nostri
993 3369 1128 3454 propius
