2538 3978
70 239 72 243 '
189 227 228 292 98
474 227 535 290 Du
556 225 700 293 BELLO
724 225 858 294 CIVILI

187 399 218 463 Is
240 421 339 464 naves
361 408 485 463 nostras
506 399 689 464 interiorem
707 402 741 463 in
763 410 889 484 portum
910 407 982 482 post
996 397 1148 484 oppidum

188 485 315 548 reduxit
343 495 374 548 et
403 484 444 547 ad
471 495 591 549 terram
621 484 772 570 deligavit
800 483 1007 568 faucibusque
1036 499 1148 569 portus

187 593 302 636 navem
324 571 501 634 onerariam
523 570 720 633 submersam
735 569 852 635 obiecit
873 579 904 633 et
925 568 999 631 huic
1014 569 1149 634 alteram

189 657 365 739 coniunxit3
406 673 503 740 super
537 677 615 740 quas
648 658 760 720 turrim
793 656 937 718 effectam
970 654 1011 717 ad
1042 657 1148 741 ipsum

187 741 349 806 introitum
370 751 478 826 portus
502 741 648 825 opposuit
678 751 709 804 et
731 740 882 805 militibus
910 739 1080 824 complevit
1100 752 1148 804 tu-

189 825 365 912 endamque
389 826 428 889 ad
451 847 558 890 omnes
581 829 762 911 repentinos
790 848 882 889 casus
904 825 1043 888 tradidit.

251 912 303 974 40.
328 910 450 989 Quibus
481 913 614 996 cognitis
643 911 738 976 rebus
773 910 831 975 On.
862 911 1031 995 Pompeius
1053 911 1148 995 filius,

148 1035 151 1042 .
190 997 243 1082 qui
266 995 359 1060 classi
381 997 557 1082 Aegyptiae
579 1007 733 1081 praeerat,
757 996 799 1061 ad
814 996 943 1061 Oricum
965 998 1053 1060 venit
1076 997 1149 1060 sub

189 1103 325 1146 mersam
347 1105 386 1145 ue
409 1083 515 1146 navim
537 1082 677 1146 remulco
701 1083 868 1168 multisque
892 1082 1086 1146 contendens
1101 1083 1149 1146 fu-

188 1166 281 1231 nibus
312 1105 444 1231 adduxit
471 1178 564 1252 atque
595 1168 727 1231 alteram
755 1190 880 1249 navem,
913 1188 993 1253 quae
1017 1184 1085 1230 erat
1107 1169 1150 1232 ad

189 1253 362 1317 custodiam
385 1253 424 1316 ab
447 1253 548 1317 Acilio
570 1255 683 1338 posita,
704 1253 848 1339 pluribus
872 1274 1039 1338 aggressus
1061 1255 1148 1317 navi-

188 1337 257 1417 bus,
273 1339 431 1424 inquibus
445 1339 486 1402 ad
497 1338 611 1402 libram
626 1339 746 1404 fecerat
757 1349 871 1419 turres,
884 1349 919 1399 ut
931 1359 971 1399 ex
987 1341 1150 1423 superiore

188 1445 332 1508 pugnans
355 1425 424 1488 loco
440 1426 579 1510 integros
604 1447 644 1488 ue
671 1447 796 1509 semper
819 1423 996 1508 defagitatis
1019 1424 1149 1488 submit-

188 1520 258 1572 tens
289 1519 320 1573 et
347 1509 477 1594 reliquis
507 1449 648 1594 partibus
682 1509 776 1573 simul
809 1531 850 1572 ex
878 1518 964 1571 terra
993 1508 1087 1572 scalis
1117 1521 1150 1574 et

189 1594 292 1658 classe
327 1597 453 1660 moenia
489 1595 596 1680 oppidi
632 1605 775 1675 tentans,
812 1595 859 1657 uti
895 1591 1150 1659 adversariorum

187 1703 299 1744 manus
322 1680 495 1762 diduceret,
527 1681 636 1745 labore
659 1689 690 1743 et
714 1679 914 1744 multitudine
934 1677 1069 1742 telorum
1094 1703 1150 1745 no·

189 1775 271 1830 stros
285 1767 364 1829 vicit
379 1766 571 1852 deiectisque
587 1764 816 1848 defensoribus,
834 1768 887 1850 qui
899 1787 1008 1828 ornnes
1024 1765 1150 1851 scaphis

189 1853 313 1936 excepti
334 1852 524 1937 refugerant,
542 1873 612 1914 eam
627 1872 743 1917 navem
764 1851 959 1936 expugnavit
974 1850 1148 1937 eodemque

188 1947 332 2022 tempore
355 1959 394 2000 ex
417 1937 516 2000 altera
543 1947 633 2021 parte
665 1936 781 2000 molem
803 1938 937 2000 tentavit
958 1947 1071 1999 natura
1093 1935 1148 2000 ob-

189 2024 314 2103 iectam,
339 2045 419 2107 quae
434 2045 536 2108 paene
551 2021 688 2085 insulam
703 2021 853 2106 oppidum
877 2022 1033 2103 effecerat,
1051 2032 1082 2084 et
1097 2030 1145 2084 1111

187 2106 324 2172 biremes
348 2108 498 2172 subiectis
522 2107 651 2171 scutulis
674 2105 826 2192 impulsas
849 2107 994 2170 vectibus
1016 2109 1048 2170 in
1071 2109 1150 2170 inte·

187 2193 304 2258 riorem
326 2203 450 2278 partem
471 2193 621 2257 traduxit
643 2193 692 2256 Ita
720 2215 762 2256 ex
783 2203 917 2279 utraque
939 2201 1028 2278 parte
1050 2215 1150 2258 naves

188 2277 300 2363 longas
328 2301 514 2364 aggressus,
546 2301 627 2364 quae
661 2288 751 2343 erant
779 2278 935 2362 deligatae
963 2277 1003 2340 ad
1033 2287 1151 2342 terram

188 2372 283 2449 atquc
305 2365 426 2446 inanes,
450 2372 496 2427 1111
519 2386 560 2426 ex
582 2365 631 2428 his
661 2363 802 2445 abduxit,
831 2363 970 2448 reliquas
999 2364 1148 2427 incendit.

189 2447 259 2513 Hoc
282 2449 424 2512 confecto
446 2451 573 2534 negotio
597 2449 638 2513 D.
661 2449 807 2512 Laelium
829 2448 869 2512 ab
893 2449 1034 2512 Asiatica
1048 2449 1150 2513 classe

188 2533 359 2620 abductum
392 2534 536 2621 reliquit,
582 2529 636 2620 qui
669 2545 861 2598 commeatus
893 2534 1019 2598 Bullide
1056 2545 1150 2620 atque

186 2620 336 2683 Amantia
350 2622 516 2705 importari
531 2621 564 2684 in
580 2620 729 2705 oppidum
740 2619 915 2704 prohibeat.
937 2620 1009 2704 lpse
1023 2620 1150 2685 Lissum

186 2705 345 2790 profectus
367 2729 465 2770 naves
486 2708 647 2770 onerarias
670 2713 749 2767 XXX
770 2707 845 2768 aM.
862 2707 1001 2768 Antonio
1022 2705 1149 2770 relictas

187 2793 270 2854 intra
291 2801 418 2876 portum
441 2815 611 2876 aggressus
636 2813 744 2856 omnes
767 2792 922 2871 incendit3
946 2791 1071 2855 Lissum
1096 2813 1149 2852 ex·

186 2897 330 2962 pugnare
353 2888 482 2941 conatus
506 2877 747 2942 defendentibus
771 2877 893 2940 civibus
915 2877 1074 2958 Romanis,
1096 2877 1150 2960 qui

187 2965 256 3026 eius
286 2974 460 3026 conventus
494 2973 598 3047 erant,
632 2962 855 3048 militibusque,
890 2985 968 3046 quos
1001 2961 1152 3047 praesidii
1249 2991 1250 3018 r

187 3069 284 3111 causa
311 3049 444 3112 miserat
471 3047 607 3130 Cacsar,
639 3048 777 3111 triduum
806 3055 945 3113 moratus
974 3050 1082 3132 paucis
1115 3047 1150 3110 in

187 3136 421 3218 oppugnatione
444 3135 569 3198 amissis
592 3155 628 3196 re
650 3133 768 3196 infecta
789 3134 862 3196 indc
885 3133 1039 3197 discessit.

249 3219 301 3282 41.
327 3218 455 3302 Caesar,
479 3230 645 3304 postquam
667 3219 850 3302 Pompeium
874 3219 914 3281 ad
936 3219 1149 3304 Asparagium

187 3325 258 3366 esse
282 3306 438 3388 cognovit,
474 3304 585 3369 eodem
609 3327 679 3367 cum
704 3306 845 3367 exercitu
870 3305 1029 3389 profectus
1054 3327 1150 3388 expu-

185 3398 282 3471 gnato
298 3391 331 3450 in
347 3391 461 3453 itinere
475 3389 592 3473 oppido
607 3389 838 3471 Parthinorum,
855 3391 886 3454 in
905 3411 965 3474 quo
981 3390 1151 3474 Pompeius

186 3473 378 3554 praesidium
408 3475 562 3558 habebat,
593 3476 687 3539 tertio
716 3473 766 3537 die
794 3476 826 3538 in
859 3475 1077 3539 Macedoniam
1110 3475 1152 3540 ad
