<?xml version="1.0" encoding="UTF-8"?>
<!DOCTYPE html PUBLIC "-//W3C//DTD XHTML 1.0 Transitional//EN"
    "http://www.w3.org/TR/xhtml1/DTD/xhtml1-transitional.dtd">
<html xmlns="http://www.w3.org/1999/xhtml" xml:lang="en" lang="en">
 <head>
  <title>
</title>
<meta http-equiv="Content-Type" content="text/html;charset=utf-8" />
  <meta name='ocr-system' content='tesseract 3.04.00' />
  <meta name='ocr-capabilities' content='ocr_page ocr_carea ocr_par ocr_line ocrx_word'/>
</head>
<body>
  <div class='ocr_page' id='page_1' title='image "./ciuliicaesarisc01hirtgoog_0169.png"; bbox 0 0 2562 3966; ppageno 0'>
   <div class='ocr_carea' id='block_1_1' title="bbox 183 283 877 354">
    <p class='ocr_par' dir='ltr' id='par_1_1' title="bbox 183 283 877 354">
     <span class='ocr_line' id='line_1_1' title="bbox 183 283 877 354; baseline 0.001 -1"><span class='ocrx_word' id='word_1_1' title='bbox 183 289 245 354; x_wconf 79' lang='lat'>150</span> <span class='ocrx_word' id='word_1_2' title='bbox 436 285 498 351; x_wconf 82' lang='lat' dir='ltr'>DE</span> <span class='ocrx_word' id='word_1_3' title='bbox 520 283 663 354; x_wconf 81' lang='lat' dir='ltr'>BELLO</span> <span class='ocrx_word' id='word_1_4' title='bbox 687 289 877 354; x_wconf 80' lang='lat' dir='ltr'><strong>GALLIOO</strong></span> 
     </span>
    </p>
   </div>
   <div class='ocr_carea' id='block_1_2' title="bbox 142 455 1144 3612">
    <p class='ocr_par' dir='ltr' id='par_1_2' title="bbox 182 455 1141 1484">
     <span class='ocr_line' id='line_1_2' title="bbox 248 455 1138 546; baseline 0 -22"><span class='ocrx_word' id='word_1_5' title='bbox 248 459 297 525; x_wconf 79' lang='lat'>17.</span> <span class='ocrx_word' id='word_1_6' title='bbox 321 455 442 525; x_wconf 76' lang='lat' dir='ltr'>Castris</span> <span class='ocrx_word' id='word_1_7' title='bbox 465 458 506 524; x_wconf 90' lang='lat' dir='ltr'>ad</span> <span class='ocrx_word' id='word_1_8' title='bbox 528 481 598 524; x_wconf 87' lang='lat' dir='ltr'>eam</span> <span class='ocrx_word' id='word_1_9' title='bbox 619 471 740 546; x_wconf 90' lang='lat' dir='ltr'>partem</span> <span class='ocrx_word' id='word_1_10' title='bbox 755 461 861 546; x_wconf 83' lang='lat' dir='ltr'>oppidi</span> <span class='ocrx_word' id='word_1_11' title='bbox 906 462 992 526; x_wconf 88' lang='lat' dir='ltr'>ositis</span> <span class='ocrx_word' id='word_1_12' title='bbox 1010 461 1138 540; x_wconf 81' lang='lat' dir='ltr'>Cacsar,</span> 
     </span>
     <span class='ocr_line' id='line_1_3' title="bbox 183 485 1139 634; baseline 0.001 -24"><span class='ocrx_word' id='word_1_13' title='bbox 183 567 264 634; x_wconf 86' lang='lat' dir='ltr'>quae</span> <span class='ocrx_word' id='word_1_14' title='bbox 286 545 467 609; x_wconf 88' lang='lat' dir='ltr'>intermissa</span> <span class='ocrx_word' id='word_1_15' title='bbox 488 566 507 608; x_wconf 86' lang='lat' dir='ltr'>a</span> <span class='ocrx_word' id='word_1_16' title='bbox 531 545 661 610; x_wconf 87' lang='lat' dir='ltr'>flumine</span> <span class='ocrx_word' id='word_1_17' title='bbox 677 557 708 610; x_wconf 84' lang='lat' dir='ltr'>et</span> <span class='ocrx_word' id='word_1_18' title='bbox 730 567 749 608; x_wconf 90' lang='lat' dir='ltr'>a</span> <span class='ocrx_word' id='word_1_19' title='bbox 769 485 938 632; x_wconf 73' lang='lat' dir='ltr'>paludibus</span> <span class='ocrx_word' id='word_1_20' title='bbox 954 547 1081 629; x_wconf 87' lang='lat' dir='ltr'>aditum,</span> <span class='ocrx_word' id='word_1_21' title='bbox 1104 555 1139 612; x_wconf 90' lang='lat' dir='ltr'>ut</span> 
     </span>
     <span class='ocr_line' id='line_1_4' title="bbox 183 629 1137 733; baseline 0.001 -38"><span class='ocrx_word' id='word_1_22' title='bbox 183 651 278 717; x_wconf 89' lang='lat' dir='ltr'>supra</span> <span class='ocrx_word' id='word_1_23' title='bbox 292 629 439 714; x_wconf 82' lang='lat' dir='ltr'>diximus,</span> <span class='ocrx_word' id='word_1_24' title='bbox 463 639 632 714; x_wconf 89' lang='lat' dir='ltr'>angustum</span> <span class='ocrx_word' id='word_1_25' title='bbox 646 630 793 712; x_wconf 87' lang='lat' dir='ltr'>habebat,</span> <span class='ocrx_word' id='word_1_26' title='bbox 810 655 958 717; x_wconf 82' lang='lat' dir='ltr'>aggerem</span> <span class='ocrx_word' id='word_1_27' title='bbox 974 645 1137 733; x_wconf 86' lang='lat' dir='ltr'>apparare,</span> 
     </span>
     <span class='ocr_line' id='line_1_5' title="bbox 182 715 1139 803; baseline -0.001 -22"><span class='ocrx_word' id='word_1_28' title='bbox 182 717 292 781; x_wconf 88' lang='lat' dir='ltr'>vineas</span> <span class='ocrx_word' id='word_1_29' title='bbox 315 737 426 800; x_wconf 88' lang='lat' dir='ltr'>agere,</span> <span class='ocrx_word' id='word_1_30' title='bbox 455 725 558 780; x_wconf 91' lang='lat' dir='ltr'>turres</span> <span class='ocrx_word' id='word_1_31' title='bbox 587 715 664 780; x_wconf 88' lang='lat' dir='ltr'>duas</span> <span class='ocrx_word' id='word_1_32' title='bbox 698 719 888 781; x_wconf 86' lang='lat' dir='ltr'>constituere</span> <span class='ocrx_word' id='word_1_33' title='bbox 918 729 1036 803; x_wconf 78' lang='lat' dir='ltr'>coepit:</span> <span class='ocrx_word' id='word_1_34' title='bbox 1065 739 1139 782; x_wconf 90' lang='lat' dir='ltr'>nam</span> 
     </span>
     <span class='ocr_line' id='line_1_6' title="bbox 183 799 1138 887; baseline -0.002 -20"><span class='ocrx_word' id='word_1_35' title='bbox 183 800 421 867; x_wconf 88' lang='lat' dir='ltr'>circumvallare</span> <span class='ocrx_word' id='word_1_36' title='bbox 448 799 511 865; x_wconf 83' lang='lat' dir='ltr'>loci</span> <span class='ocrx_word' id='word_1_37' title='bbox 533 811 657 865; x_wconf 68' lang='lat' dir='ltr'>‘natura</span> <span class='ocrx_word' id='word_1_38' title='bbox 685 800 889 887; x_wconf 52' lang='lat' dir='ltr'>prohibebar</span> <span class='ocrx_word' id='word_1_39' title='bbox 934 802 984 867; x_wconf 92' lang='lat' dir='ltr'>De</span> <span class='ocrx_word' id='word_1_40' title='bbox 1012 825 1046 866; x_wconf 90' lang='lat' dir='ltr'>re</span> <span class='ocrx_word' id='word_1_41' title='bbox 1075 801 1138 866; x_wconf 83' lang='lat' dir='ltr'>fru-</span> 
     </span>
     <span class='ocr_line' id='line_1_7' title="bbox 183 885 1138 971; baseline -0.003 -19"><span class='ocrx_word' id='word_1_42' title='bbox 183 888 337 952; x_wconf 85' lang='lat' dir='ltr'>mentaria</span> <span class='ocrx_word' id='word_1_43' title='bbox 356 886 451 950; x_wconf 92' lang='lat' dir='ltr'>Boios</span> <span class='ocrx_word' id='word_1_44' title='bbox 475 895 570 971; x_wconf 89' lang='lat' dir='ltr'>atque</span> <span class='ocrx_word' id='word_1_45' title='bbox 585 885 736 951; x_wconf 84' lang='lat' dir='ltr'>Haeduos</span> <span class='ocrx_word' id='word_1_46' title='bbox 752 887 911 952; x_wconf 87' lang='lat' dir='ltr'>adhortari</span> <span class='ocrx_word' id='word_1_47' title='bbox 925 909 988 951; x_wconf 91' lang='lat' dir='ltr'>non</span> <span class='ocrx_word' id='word_1_48' title='bbox 1004 889 1138 968; x_wconf 80' lang='lat' dir='ltr'>destitit3</span> 
     </span>
     <span class='ocr_line' id='line_1_8' title="bbox 184 970 1139 1060; baseline -0.001 -23"><span class='ocrx_word' id='word_1_49' title='bbox 184 995 315 1060; x_wconf 90' lang='lat' dir='ltr'>quorum</span> <span class='ocrx_word' id='word_1_50' title='bbox 339 970 438 1053; x_wconf 89' lang='lat' dir='ltr'>alteri,</span> <span class='ocrx_word' id='word_1_51' title='bbox 462 970 547 1056; x_wconf 91' lang='lat' dir='ltr'>quod</span> <span class='ocrx_word' id='word_1_52' title='bbox 568 971 655 1036; x_wconf 91' lang='lat' dir='ltr'>nullo</span> <span class='ocrx_word' id='word_1_53' title='bbox 678 973 780 1039; x_wconf 90' lang='lat' dir='ltr'>studio</span> <span class='ocrx_word' id='word_1_54' title='bbox 803 995 822 1035; x_wconf 88' lang='lat' dir='ltr'>a</span> <span class='ocrx_word' id='word_1_55' title='bbox 845 972 948 1054; x_wconf 82' lang='lat' dir='ltr'><strong>ebant,</strong></span> <span class='ocrx_word' id='word_1_56' title='bbox 975 993 1039 1036; x_wconf 89' lang='lat' dir='ltr'>non</span> <span class='ocrx_word' id='word_1_57' title='bbox 1060 971 1139 1036; x_wconf 92' lang='lat' dir='ltr'>mul·</span> 
     </span>
     <span class='ocr_line' id='line_1_9' title="bbox 183 997 1139 1142; baseline -0.001 -20"><span class='ocrx_word' id='word_1_58' title='bbox 183 1067 249 1123; x_wconf 90' lang='lat' dir='ltr'>tum</span> <span class='ocrx_word' id='word_1_59' title='bbox 272 1057 473 1136; x_wconf 87' lang='lat' dir='ltr'>adiuvabant,</span> <span class='ocrx_word' id='word_1_60' title='bbox 497 1055 589 1120; x_wconf 88' lang='lat' dir='ltr'>alteri</span> <span class='ocrx_word' id='word_1_61' title='bbox 605 1079 669 1120; x_wconf 91' lang='lat' dir='ltr'>non</span> <span class='ocrx_word' id='word_1_62' title='bbox 684 1060 806 1142; x_wconf 86' lang='lat' dir='ltr'>magnis</span> <span class='ocrx_word' id='word_1_63' title='bbox 821 997 1031 1139; x_wconf 57' lang='lat' dir='ltr'>{multatibus</span> <span class='ocrx_word' id='word_1_64' title='bbox 1076 1057 1139 1122; x_wconf 90' lang='lat' dir='ltr'>uod</span> 
     </span>
     <span class='ocr_line' id='line_1_10' title="bbox 185 1079 1140 1230; baseline -0.001 -23"><span class='ocrx_word' id='word_1_65' title='bbox 185 1144 296 1208; x_wconf 86' lang='lat' dir='ltr'>civitas</span> <span class='ocrx_word' id='word_1_66' title='bbox 313 1152 380 1206; x_wconf 86' lang='lat' dir='ltr'>erat</span> <span class='ocrx_word' id='word_1_67' title='bbox 395 1144 511 1228; x_wconf 86' lang='lat' dir='ltr'>exigua</span> <span class='ocrx_word' id='word_1_68' title='bbox 533 1152 564 1206; x_wconf 90' lang='lat' dir='ltr'>et</span> <span class='ocrx_word' id='word_1_69' title='bbox 586 1143 720 1225; x_wconf 87' lang='lat' dir='ltr'>infirma,</span> <span class='ocrx_word' id='word_1_70' title='bbox 748 1142 902 1225; x_wconf 76' lang='lat' dir='ltr'>celeriter,</span> <span class='ocrx_word' id='word_1_71' title='bbox 926 1143 1009 1230; x_wconf 87' lang='lat' dir='ltr'>quod</span> <span class='ocrx_word' id='word_1_72' title='bbox 1024 1079 1140 1206; x_wconf 74' lang='lat' dir='ltr'>hdbue·</span> 
     </span>
     <span class='ocr_line' id='line_1_11' title="bbox 183 1227 1139 1312; baseline 0 -20"><span class='ocrx_word' id='word_1_73' title='bbox 183 1237 266 1310; x_wconf 90' lang='lat' dir='ltr'>runt,</span> <span class='ocrx_word' id='word_1_74' title='bbox 290 1237 560 1312; x_wconf 87' lang='lat' dir='ltr'>consumpserunt.</span> <span class='ocrx_word' id='word_1_75' title='bbox 594 1227 724 1291; x_wconf 86' lang='lat' dir='ltr'>Summa</span> <span class='ocrx_word' id='word_1_76' title='bbox 739 1228 921 1292; x_wconf 88' lang='lat' dir='ltr'>difficultate</span> <span class='ocrx_word' id='word_1_77' title='bbox 934 1231 982 1293; x_wconf 90' lang='lat' dir='ltr'>rei</span> <span class='ocrx_word' id='word_1_78' title='bbox 1003 1237 1139 1308; x_wconf 89' lang='lat' dir='ltr'>trumen-</span> 
     </span>
     <span class='ocr_line' id='line_1_12' title="bbox 184 1313 1141 1401; baseline -0.002 -23"><span class='ocrx_word' id='word_1_79' title='bbox 184 1315 283 1378; x_wconf 87' lang='lat' dir='ltr'>tariae</span> <span class='ocrx_word' id='word_1_80' title='bbox 305 1313 417 1401; x_wconf 74' lang='lat' dir='ltr'>adepto</span> <span class='ocrx_word' id='word_1_81' title='bbox 433 1315 574 1377; x_wconf 88' lang='lat' dir='ltr'>exercitu</span> <span class='ocrx_word' id='word_1_82' title='bbox 596 1316 747 1378; x_wconf 80' lang='lat' dir='ltr'>tenuitate</span> <span class='ocrx_word' id='word_1_83' title='bbox 762 1314 920 1396; x_wconf 83' lang='lat' dir='ltr'>Boiomun,</span> <span class='ocrx_word' id='word_1_84' title='bbox 943 1313 1141 1398; x_wconf 80' lang='lat' dir='ltr'>indiligentia</span> 
     </span>
     <span class='ocr_line' id='line_1_13' title="bbox 184 1397 1140 1484; baseline 0 -22"><span class='ocrx_word' id='word_1_85' title='bbox 184 1399 400 1480; x_wconf 83' lang='lat' dir='ltr'>Haeduorum,</span> <span class='ocrx_word' id='word_1_86' title='bbox 424 1398 578 1462; x_wconf 84' lang='lat' dir='ltr'>incendiis</span> <span class='ocrx_word' id='word_1_87' title='bbox 595 1397 818 1481; x_wconf 87' lang='lat' dir='ltr'>aedificiorum,</span> <span class='ocrx_word' id='word_1_88' title='bbox 842 1422 942 1484; x_wconf 85' lang='lat' dir='ltr'>usque</span> <span class='ocrx_word' id='word_1_89' title='bbox 957 1421 994 1464; x_wconf 90' lang='lat' dir='ltr'>eo</span> <span class='ocrx_word' id='word_1_90' title='bbox 1009 1410 1044 1462; x_wconf 93' lang='lat' dir='ltr'>nt</span> <span class='ocrx_word' id='word_1_91' title='bbox 1058 1421 1140 1462; x_wconf 88' lang='lat' dir='ltr'>com-</span> 
     </span>
    </p>

    <p class='ocr_par' dir='ltr' id='par_1_3' title="bbox 142 1483 1143 2830">
     <span class='ocr_line' id='line_1_14' title="bbox 207 1483 1138 1569; baseline 0.002 -21"><span class='ocrx_word' id='word_1_92' title='bbox 207 1483 293 1548; x_wconf 90' lang='lat' dir='ltr'>lures</span> <span class='ocrx_word' id='word_1_93' title='bbox 316 1483 382 1547; x_wconf 90' lang='lat' dir='ltr'>dies</span> <span class='ocrx_word' id='word_1_94' title='bbox 409 1489 564 1548; x_wconf 82' lang='lat' dir='ltr'>trumento</span> <span class='ocrx_word' id='word_1_95' title='bbox 593 1484 706 1548; x_wconf 87' lang='lat' dir='ltr'>milites</span> <span class='ocrx_word' id='word_1_96' title='bbox 730 1487 887 1548; x_wconf 80' lang='lat' dir='ltr'>caruerint</span> <span class='ocrx_word' id='word_1_97' title='bbox 909 1495 941 1548; x_wconf 85' lang='lat' dir='ltr'>et</span> <span class='ocrx_word' id='word_1_98' title='bbox 961 1505 1076 1569; x_wconf 84' lang='lat' dir='ltr'>pecore</span> <span class='ocrx_word' id='word_1_99' title='bbox 1096 1506 1138 1559; x_wconf 77' lang='lat' dir='ltr'>ex</span> 
     </span>
     <span class='ocr_line' id='line_1_15' title="bbox 184 1505 1138 1656; baseline -0.003 -22"><span class='ocrx_word' id='word_1_100' title='bbox 184 1505 455 1656; x_wconf 80' lang='lat' dir='ltr'>longinquioribus</span> <span class='ocrx_word' id='word_1_101' title='bbox 477 1569 555 1632; x_wconf 84' lang='lat' dir='ltr'>vicis</span> <span class='ocrx_word' id='word_1_102' title='bbox 576 1569 686 1634; x_wconf 87' lang='lat' dir='ltr'>adacto</span> <span class='ocrx_word' id='word_1_103' title='bbox 703 1579 875 1634; x_wconf 87' lang='lat' dir='ltr'>extremam</span> <span class='ocrx_word' id='word_1_104' title='bbox 890 1571 1004 1634; x_wconf 83' lang='lat' dir='ltr'>samem</span> <span class='ocrx_word' id='word_1_105' title='bbox 1020 1578 1138 1632; x_wconf 89' lang='lat' dir='ltr'>susten-</span> 
     </span>
     <span class='ocr_line' id='line_1_16' title="bbox 184 1652 1138 1739; baseline -0.003 -21"><span class='ocrx_word' id='word_1_106' title='bbox 184 1663 304 1736; x_wconf 87' lang='lat' dir='ltr'>tarent,</span> <span class='ocrx_word' id='word_1_107' title='bbox 337 1652 426 1718; x_wconf 88' lang='lat' dir='ltr'>nulla</span> <span class='ocrx_word' id='word_1_108' title='bbox 453 1663 560 1720; x_wconf 88' lang='lat' dir='ltr'>tamen</span> <span class='ocrx_word' id='word_1_109' title='bbox 592 1677 656 1718; x_wconf 86' lang='lat' dir='ltr'>vox</span> <span class='ocrx_word' id='word_1_110' title='bbox 686 1665 733 1718; x_wconf 88' lang='lat' dir='ltr'>est</span> <span class='ocrx_word' id='word_1_111' title='bbox 760 1655 801 1718; x_wconf 91' lang='lat' dir='ltr'>ab</span> <span class='ocrx_word' id='word_1_112' title='bbox 827 1657 865 1719; x_wconf 90' lang='lat' dir='ltr'>iis</span> <span class='ocrx_word' id='word_1_113' title='bbox 898 1655 1005 1718; x_wconf 88' lang='lat' dir='ltr'>audita</span> <span class='ocrx_word' id='word_1_114' title='bbox 1033 1653 1138 1739; x_wconf 88' lang='lat' dir='ltr'>populi</span> 
     </span>
     <span class='ocr_line' id='line_1_17' title="bbox 185 1739 1138 1826; baseline -0.004 -21"><span class='ocrx_word' id='word_1_115' title='bbox 185 1739 320 1805; x_wconf 88' lang='lat' dir='ltr'>Romani</span> <span class='ocrx_word' id='word_1_116' title='bbox 347 1741 511 1803; x_wconf 88' lang='lat' dir='ltr'>maiestate</span> <span class='ocrx_word' id='word_1_117' title='bbox 541 1749 572 1804; x_wconf 89' lang='lat' dir='ltr'>et</span> <span class='ocrx_word' id='word_1_118' title='bbox 600 1740 812 1825; x_wconf 88' lang='lat' dir='ltr'>superioribus</span> <span class='ocrx_word' id='word_1_119' title='bbox 838 1743 978 1805; x_wconf 84' lang='lat' dir='ltr'>victoriis</span> <span class='ocrx_word' id='word_1_120' title='bbox 1000 1740 1138 1826; x_wconf 83' lang='lat' dir='ltr'>indigna</span> 
     </span>
     <span class='ocr_line' id='line_1_18' title="bbox 186 1823 1140 1912; baseline -0.003 -23"><span class='ocrx_word' id='word_1_121' title='bbox 186 1825 272 1905; x_wconf 76' lang='lat' dir='ltr'>Quin</span> <span class='ocrx_word' id='word_1_122' title='bbox 295 1827 388 1889; x_wconf 87' lang='lat' dir='ltr'>etiam</span> <span class='ocrx_word' id='word_1_123' title='bbox 405 1823 524 1889; x_wconf 78' lang='lat' dir='ltr'>Caesar</span> <span class='ocrx_word' id='word_1_124' title='bbox 546 1847 642 1910; x_wconf 90' lang='lat' dir='ltr'>quum</span> <span class='ocrx_word' id='word_1_125' title='bbox 667 1826 700 1888; x_wconf 94' lang='lat' dir='ltr'>in</span> <span class='ocrx_word' id='word_1_126' title='bbox 723 1833 822 1912; x_wconf 90' lang='lat' dir='ltr'>opere</span> <span class='ocrx_word' id='word_1_127' title='bbox 840 1826 978 1910; x_wconf 88' lang='lat' dir='ltr'>singulas</span> <span class='ocrx_word' id='word_1_128' title='bbox 1001 1825 1140 1910; x_wconf 85' lang='lat' dir='ltr'>legiones</span> 
     </span>
     <span class='ocr_line' id='line_1_19' title="bbox 187 1909 1141 1997; baseline -0.002 -22"><span class='ocrx_word' id='word_1_129' title='bbox 187 1909 360 1997; x_wconf 86' lang='lat' dir='ltr'>appellaret</span> <span class='ocrx_word' id='word_1_130' title='bbox 383 1921 422 1990; x_wconf 90' lang='lat' dir='ltr'>et,</span> <span class='ocrx_word' id='word_1_131' title='bbox 454 1911 480 1972; x_wconf 91' lang='lat' dir='ltr'>si</span> <span class='ocrx_word' id='word_1_132' title='bbox 503 1909 647 1974; x_wconf 85' lang='lat' dir='ltr'>acerbius</span> <span class='ocrx_word' id='word_1_133' title='bbox 670 1911 807 1996; x_wconf 90' lang='lat' dir='ltr'>inopiam</span> <span class='ocrx_word' id='word_1_134' title='bbox 829 1912 956 1993; x_wconf 87' lang='lat' dir='ltr'>ferrent,</span> <span class='ocrx_word' id='word_1_135' title='bbox 979 1933 1014 1974; x_wconf 87' lang='lat' dir='ltr'>se</span> <span class='ocrx_word' id='word_1_136' title='bbox 1037 1911 1141 1974; x_wconf 88' lang='lat' dir='ltr'>dimis-</span> 
     </span>
     <span class='ocr_line' id='line_1_20' title="bbox 187 1996 1141 2082; baseline -0.001 -23"><span class='ocrx_word' id='word_1_137' title='bbox 187 2017 295 2082; x_wconf 87' lang='lat' dir='ltr'>surum</span> <span class='ocrx_word' id='word_1_138' title='bbox 318 2017 402 2080; x_wconf 91' lang='lat' dir='ltr'>oppu</span> <span class='ocrx_word' id='word_1_139' title='bbox 425 1997 584 2060; x_wconf 88' lang='lat' dir='ltr'>nationem</span> <span class='ocrx_word' id='word_1_140' title='bbox 606 1997 735 2076; x_wconf 86' lang='lat' dir='ltr'>diceret,</span> <span class='ocrx_word' id='word_1_141' title='bbox 759 1998 898 2061; x_wconf 88' lang='lat' dir='ltr'>universi</span> <span class='ocrx_word' id='word_1_142' title='bbox 919 1996 959 2061; x_wconf 86' lang='lat' dir='ltr'>ab</span> <span class='ocrx_word' id='word_1_143' title='bbox 983 2017 1029 2077; x_wconf 93' lang='lat' dir='ltr'>eo,</span> <span class='ocrx_word' id='word_1_144' title='bbox 1053 2017 1093 2058; x_wconf 94' lang='lat' dir='ltr'>ne</span> <span class='ocrx_word' id='word_1_145' title='bbox 1108 1996 1141 2058; x_wconf 87' lang='lat' dir='ltr'>id</span> 
     </span>
     <span class='ocr_line' id='line_1_21' title="bbox 187 2019 1140 2166; baseline -0.003 -22"><span class='ocrx_word' id='word_1_146' title='bbox 187 2081 315 2162; x_wconf 84' lang='lat' dir='ltr'>faceret,</span> <span class='ocrx_word' id='word_1_147' title='bbox 338 2019 504 2166; x_wconf 64' lang='lat' dir='ltr'>petebant:</span> <span class='ocrx_word' id='word_1_148' title='bbox 527 2083 572 2144; x_wconf 89' lang='lat' dir='ltr'>sio</span> <span class='ocrx_word' id='word_1_149' title='bbox 595 2103 629 2144; x_wconf 90' lang='lat' dir='ltr'>se</span> <span class='ocrx_word' id='word_1_150' title='bbox 645 2081 823 2166; x_wconf 88' lang='lat' dir='ltr'>complures</span> <span class='ocrx_word' id='word_1_151' title='bbox 847 2103 945 2145; x_wconf 88' lang='lat' dir='ltr'>annos</span> <span class='ocrx_word' id='word_1_152' title='bbox 967 2080 1021 2145; x_wconf 91' lang='lat' dir='ltr'>illo</span> <span class='ocrx_word' id='word_1_153' title='bbox 1043 2083 1140 2165; x_wconf 89' lang='lat' dir='ltr'>impe-</span> 
     </span>
     <span class='ocr_line' id='line_1_22' title="bbox 187 2166 1140 2250; baseline -0.001 -22"><span class='ocrx_word' id='word_1_154' title='bbox 187 2174 276 2229; x_wconf 85' lang='lat' dir='ltr'>rante</span> <span class='ocrx_word' id='word_1_155' title='bbox 304 2166 471 2244; x_wconf 89' lang='lat' dir='ltr'>meruisse,</span> <span class='ocrx_word' id='word_1_156' title='bbox 502 2175 536 2229; x_wconf 89' lang='lat' dir='ltr'>ut</span> <span class='ocrx_word' id='word_1_157' title='bbox 562 2166 682 2230; x_wconf 88' lang='lat' dir='ltr'>nullam</span> <span class='ocrx_word' id='word_1_158' title='bbox 716 2168 919 2250; x_wconf 86' lang='lat' dir='ltr'>ignominiam</span> <span class='ocrx_word' id='word_1_159' title='bbox 952 2166 1140 2249; x_wconf 86' lang='lat' dir='ltr'>acciperent,</span> 
     </span>
     <span class='ocr_line' id='line_1_23' title="bbox 188 2250 1141 2336; baseline -0.002 -22"><span class='ocrx_word' id='word_1_160' title='bbox 188 2271 343 2336; x_wconf 87' lang='lat' dir='ltr'>nusquam</span> <span class='ocrx_word' id='word_1_161' title='bbox 368 2250 483 2314; x_wconf 84' lang='lat' dir='ltr'>infecta</span> <span class='ocrx_word' id='word_1_162' title='bbox 508 2274 543 2314; x_wconf 89' lang='lat' dir='ltr'>re</span> <span class='ocrx_word' id='word_1_163' title='bbox 566 2252 780 2316; x_wconf 81' lang='lat' dir='ltr'>discederent:</span> <span class='ocrx_word' id='word_1_164' title='bbox 814 2251 874 2314; x_wconf 86' lang='lat' dir='ltr'>hoc</span> <span class='ocrx_word' id='word_1_165' title='bbox 896 2273 930 2313; x_wconf 88' lang='lat' dir='ltr'>se</span> <span class='ocrx_word' id='word_1_166' title='bbox 952 2250 1141 2332; x_wconf 86' lang='lat' dir='ltr'>ignominiae</span> 
     </span>
     <span class='ocr_line' id='line_1_24' title="bbox 187 2334 1140 2421; baseline -0.003 -23"><span class='ocrx_word' id='word_1_167' title='bbox 187 2334 307 2400; x_wconf 87' lang='lat' dir='ltr'>laturos</span> <span class='ocrx_word' id='word_1_168' title='bbox 322 2335 401 2419; x_wconf 85' lang='lat' dir='ltr'>loco,</span> <span class='ocrx_word' id='word_1_169' title='bbox 425 2337 452 2398; x_wconf 91' lang='lat' dir='ltr'>si</span> <span class='ocrx_word' id='word_1_170' title='bbox 467 2337 624 2420; x_wconf 88' lang='lat' dir='ltr'>inceptam</span> <span class='ocrx_word' id='word_1_171' title='bbox 643 2337 907 2421; x_wconf 85' lang='lat' dir='ltr'>oppugnationem</span> <span class='ocrx_word' id='word_1_172' title='bbox 921 2335 1140 2419; x_wconf 85' lang='lat' dir='ltr'>reliquissent:</span> 
     </span>
     <span class='ocr_line' id='line_1_25' title="bbox 191 2416 1141 2506; baseline -0.002 -22"><span class='ocrx_word' id='word_1_173' title='bbox 191 2416 350 2486; x_wconf 70' lang='lat' dir='ltr'>&#39;raestare</span> <span class='ocrx_word' id='word_1_174' title='bbox 367 2423 474 2486; x_wconf 91' lang='lat' dir='ltr'>omnes</span> <span class='ocrx_word' id='word_1_175' title='bbox 493 2422 631 2506; x_wconf 70' lang='lat' dir='ltr'>perterre</span> <span class='ocrx_word' id='word_1_176' title='bbox 650 2421 848 2498; x_wconf 85' lang='lat' dir='ltr'>acerbitates,</span> <span class='ocrx_word' id='word_1_177' title='bbox 893 2441 966 2482; x_wconf 89' lang='lat' dir='ltr'>uam</span> <span class='ocrx_word' id='word_1_178' title='bbox 988 2440 1051 2482; x_wconf 92' lang='lat' dir='ltr'>non</span> <span class='ocrx_word' id='word_1_179' title='bbox 1066 2421 1141 2482; x_wconf 89' lang='lat' dir='ltr'>civi-</span> 
     </span>
     <span class='ocr_line' id='line_1_26' title="bbox 188 2442 1140 2590; baseline -0.005 -20"><span class='ocrx_word' id='word_1_180' title='bbox 188 2443 248 2570; x_wconf 73' lang='lat' dir='ltr'>bus</span> <span class='ocrx_word' id='word_1_181' title='bbox 270 2505 429 2588; x_wconf 76' lang='lat' dir='ltr'>Romania,</span> <span class='ocrx_word' id='word_1_182' title='bbox 453 2507 507 2590; x_wconf 91' lang='lat' dir='ltr'>qui</span> <span class='ocrx_word' id='word_1_183' title='bbox 530 2504 654 2569; x_wconf 81' lang='lat' dir='ltr'>Genabi</span> <span class='ocrx_word' id='word_1_184' title='bbox 680 2504 814 2590; x_wconf 88' lang='lat' dir='ltr'>perfidia</span> <span class='ocrx_word' id='word_1_185' title='bbox 834 2442 998 2570; x_wconf 78' lang='lat' dir='ltr'>Gallorum</span> <span class='ocrx_word' id='word_1_186' title='bbox 1019 2505 1140 2567; x_wconf 85' lang='lat' dir='ltr'>interis·</span> 
     </span>
     <span class='ocr_line' id='line_1_27' title="bbox 142 2587 1142 2677; baseline -0.001 -23"><span class='ocrx_word' id='word_1_187' title='bbox 142 2635 143 2638; x_wconf 20' lang='grc' dir='ltr'>ι</span> <span class='ocrx_word' id='word_1_188' title='bbox 190 2600 268 2672; x_wconf 88' lang='lat' dir='ltr'>sent,</span> <span class='ocrx_word' id='word_1_189' title='bbox 290 2599 502 2677; x_wconf 84' lang='lat' dir='ltr'>parentarent.</span> <span class='ocrx_word' id='word_1_190' title='bbox 543 2589 632 2653; x_wconf 87' lang='lat' dir='ltr'>Haec</span> <span class='ocrx_word' id='word_1_191' title='bbox 655 2589 764 2654; x_wconf 88' lang='lat' dir='ltr'>eadem</span> <span class='ocrx_word' id='word_1_192' title='bbox 787 2589 1021 2654; x_wconf 88' lang='lat' dir='ltr'>centurionibus</span> <span class='ocrx_word' id='word_1_193' title='bbox 1043 2587 1142 2653; x_wconf 88' lang='lat' dir='ltr'>tribn-</span> 
     </span>
     <span class='ocr_line' id='line_1_28' title="bbox 188 2673 1143 2762; baseline -0.002 -23"><span class='ocrx_word' id='word_1_194' title='bbox 188 2679 302 2762; x_wconf 89' lang='lat' dir='ltr'>nisque</span> <span class='ocrx_word' id='word_1_195' title='bbox 324 2675 456 2739; x_wconf 87' lang='lat' dir='ltr'>militum</span> <span class='ocrx_word' id='word_1_196' title='bbox 477 2673 678 2756; x_wconf 88' lang='lat' dir='ltr'>mandabant,</span> <span class='ocrx_word' id='word_1_197' title='bbox 701 2683 735 2737; x_wconf 89' lang='lat' dir='ltr'>ut</span> <span class='ocrx_word' id='word_1_198' title='bbox 756 2697 813 2761; x_wconf 91' lang='lat' dir='ltr'>per</span> <span class='ocrx_word' id='word_1_199' title='bbox 836 2697 889 2739; x_wconf 89' lang='lat' dir='ltr'>eos</span> <span class='ocrx_word' id='word_1_200' title='bbox 911 2674 953 2738; x_wconf 90' lang='lat' dir='ltr'>ad</span> <span class='ocrx_word' id='word_1_201' title='bbox 972 2673 1143 2756; x_wconf 78' lang='lat' dir='ltr'>Caesarem</span> 
     </span>
     <span class='ocr_line' id='line_1_29' title="bbox 190 2762 882 2830; baseline -0.009 -5"><span class='ocrx_word' id='word_1_202' title='bbox 190 2762 394 2826; x_wconf 87' lang='lat' dir='ltr'>deferrentur.</span> <span class='ocrx_word' id='word_1_203' title='bbox 881 2827 882 2830; x_wconf 8' lang='grc' dir='ltr'><strong>Ἴ</strong></span> 
     </span>
    </p>

    <p class='ocr_par' dir='ltr' id='par_1_4' title="bbox 188 2845 1144 3612">
     <span class='ocr_line' id='line_1_30' title="bbox 255 2845 1144 2931; baseline 0 -22"><span class='ocrx_word' id='word_1_204' title='bbox 255 2847 304 2910; x_wconf 85' lang='grc'>18.</span> <span class='ocrx_word' id='word_1_205' title='bbox 328 2845 434 2922; x_wconf 76' lang='lat' dir='ltr'>Quum</span> <span class='ocrx_word' id='word_1_206' title='bbox 454 2846 517 2908; x_wconf 87' lang='lat' dir='ltr'>iarn</span> <span class='ocrx_word' id='word_1_207' title='bbox 532 2865 622 2910; x_wconf 91' lang='lat' dir='ltr'>muro</span> <span class='ocrx_word' id='word_1_208' title='bbox 644 2854 747 2909; x_wconf 87' lang='lat' dir='ltr'>turres</span> <span class='ocrx_word' id='word_1_209' title='bbox 763 2845 1078 2931; x_wconf 86' lang='lat' dir='ltr'>appropinquassent,</span> <span class='ocrx_word' id='word_1_210' title='bbox 1102 2868 1144 2910; x_wconf 83' lang='lat' dir='ltr'>ex</span> 
     </span>
     <span class='ocr_line' id='line_1_31' title="bbox 189 2929 1143 3016; baseline -0.001 -20"><span class='ocrx_word' id='word_1_211' title='bbox 189 2933 320 2996; x_wconf 83' lang='lat' dir='ltr'>sativis</span> <span class='ocrx_word' id='word_1_212' title='bbox 344 2929 462 2996; x_wconf 83' lang='lat' dir='ltr'>Caesar</span> <span class='ocrx_word' id='word_1_213' title='bbox 484 2933 631 3016; x_wconf 83' lang='lat' dir='ltr'>cognovit</span> <span class='ocrx_word' id='word_1_214' title='bbox 645 2931 938 3015; x_wconf 85' lang='lat' dir='ltr'>Vercingetorigem</span> <span class='ocrx_word' id='word_1_215' title='bbox 960 2941 1143 3015; x_wconf 90' lang='lat' dir='ltr'>consumpto</span> 
     </span>
     <span class='ocr_line' id='line_1_32' title="bbox 188 2955 1144 3104; baseline -0.002 -23"><span class='ocrx_word' id='word_1_216' title='bbox 188 2955 305 3103; x_wconf 79' lang='lat' dir='ltr'>pabulo</span> <span class='ocrx_word' id='word_1_217' title='bbox 328 3025 430 3080; x_wconf 85' lang='lat' dir='ltr'>castro</span> <span class='ocrx_word' id='word_1_218' title='bbox 444 3017 581 3082; x_wconf 87' lang='lat' dir='ltr'>movisse</span> <span class='ocrx_word' id='word_1_219' title='bbox 601 3018 729 3102; x_wconf 89' lang='lat' dir='ltr'>propius</span> <span class='ocrx_word' id='word_1_220' title='bbox 745 3014 917 3080; x_wconf 81' lang='lat' dir='ltr'>Avaricum</span> <span class='ocrx_word' id='word_1_221' title='bbox 932 3025 1025 3104; x_wconf 89' lang='lat' dir='ltr'>atque</span> <span class='ocrx_word' id='word_1_222' title='bbox 1040 3018 1144 3102; x_wconf 85' lang='lat' dir='ltr'>ipsum</span> 
     </span>
     <span class='ocr_line' id='line_1_33' title="bbox 190 3101 1143 3188; baseline -0.003 -22"><span class='ocrx_word' id='word_1_223' title='bbox 190 3124 262 3166; x_wconf 91' lang='lat' dir='ltr'>cum</span> <span class='ocrx_word' id='word_1_224' title='bbox 278 3101 417 3186; x_wconf 89' lang='lat' dir='ltr'>equitatu</span> <span class='ocrx_word' id='word_1_225' title='bbox 439 3101 667 3186; x_wconf 86' lang='lat' dir='ltr'>expeditisque,</span> <span class='ocrx_word' id='word_1_226' title='bbox 691 3102 845 3188; x_wconf 89' lang='lat' dir='ltr'>qui-inter</span> <span class='ocrx_word' id='word_1_227' title='bbox 860 3103 981 3186; x_wconf 86' lang='lat' dir='ltr'>equites</span> <span class='ocrx_word' id='word_1_228' title='bbox 996 3101 1143 3187; x_wconf 83' lang='lat' dir='ltr'>proeliari</span> 
     </span>
     <span class='ocr_line' id='line_1_34' title="bbox 191 3185 1143 3271; baseline -0.002 -21"><span class='ocrx_word' id='word_1_229' title='bbox 191 3195 408 3266; x_wconf 85' lang='lat' dir='ltr'>consuessent,</span> <span class='ocrx_word' id='word_1_230' title='bbox 443 3185 630 3250; x_wconf 88' lang='lat' dir='ltr'>insidiarum</span> <span class='ocrx_word' id='word_1_231' title='bbox 662 3207 757 3250; x_wconf 86' lang='lat' dir='ltr'>causa</span> <span class='ocrx_word' id='word_1_232' title='bbox 793 3208 831 3250; x_wconf 91' lang='lat' dir='ltr'>eo</span> <span class='ocrx_word' id='word_1_233' title='bbox 857 3186 1047 3271; x_wconf 87' lang='lat' dir='ltr'>profectum,</span> <span class='ocrx_word' id='word_1_234' title='bbox 1082 3207 1143 3270; x_wconf 93' lang='lat' dir='ltr'>quo</span> 
     </span>
     <span class='ocr_line' id='line_1_35' title="bbox 190 3269 1142 3356; baseline 0 -22"><span class='ocrx_word' id='word_1_235' title='bbox 190 3283 313 3335; x_wconf 88' lang='lat' dir='ltr'>nostros</span> <span class='ocrx_word' id='word_1_236' title='bbox 336 3280 461 3356; x_wconf 89' lang='lat' dir='ltr'>postero</span> <span class='ocrx_word' id='word_1_237' title='bbox 484 3271 535 3334; x_wconf 88' lang='lat' dir='ltr'>die</span> <span class='ocrx_word' id='word_1_238' title='bbox 558 3269 742 3355; x_wconf 90' lang='lat' dir='ltr'>pabulatum</span> <span class='ocrx_word' id='word_1_239' title='bbox 762 3281 912 3334; x_wconf 83' lang='lat' dir='ltr'>venturos</span> <span class='ocrx_word' id='word_1_240' title='bbox 929 3271 1142 3352; x_wconf 84' lang='lat' dir='ltr'>arbitraretur.</span> 
     </span>
     <span class='ocr_line' id='line_1_36' title="bbox 191 3354 1143 3441; baseline 0 -23"><span class='ocrx_word' id='word_1_241' title='bbox 191 3354 314 3433; x_wconf 73' lang='lat' dir='ltr'>Quibus</span> <span class='ocrx_word' id='word_1_242' title='bbox 336 3354 431 3418; x_wconf 85' lang='lat' dir='ltr'>rebus</span> <span class='ocrx_word' id='word_1_243' title='bbox 454 3357 587 3440; x_wconf 88' lang='lat' dir='ltr'>cognitis</span> <span class='ocrx_word' id='word_1_244' title='bbox 602 3357 707 3420; x_wconf 88' lang='lat' dir='ltr'>media</span> <span class='ocrx_word' id='word_1_245' title='bbox 724 3367 817 3420; x_wconf 88' lang='lat' dir='ltr'>nocte</span> <span class='ocrx_word' id='word_1_246' title='bbox 839 3355 962 3421; x_wconf 89' lang='lat' dir='ltr'>silentio</span> <span class='ocrx_word' id='word_1_247' title='bbox 983 3357 1143 3441; x_wconf 83' lang='lat' dir='ltr'>proiectus</span> 
     </span>
     <span class='ocr_line' id='line_1_37' title="bbox 192 3439 1143 3526; baseline 0.001 -25"><span class='ocrx_word' id='word_1_248' title='bbox 192 3439 233 3502; x_wconf 89' lang='lat' dir='ltr'>ad</span> <span class='ocrx_word' id='word_1_249' title='bbox 254 3439 391 3502; x_wconf 90' lang='lat' dir='ltr'>hostium</span> <span class='ocrx_word' id='word_1_250' title='bbox 413 3449 514 3504; x_wconf 88' lang='lat' dir='ltr'>eastra</span> <span class='ocrx_word' id='word_1_251' title='bbox 535 3463 627 3506; x_wconf 88' lang='lat' dir='ltr'>mane</span> <span class='ocrx_word' id='word_1_252' title='bbox 649 3442 802 3526; x_wconf 82' lang='lat' dir='ltr'>pervenit.</span> <span class='ocrx_word' id='word_1_253' title='bbox 846 3439 898 3503; x_wconf 94' lang='lat' dir='ltr'>Illi</span> <span class='ocrx_word' id='word_1_254' title='bbox 920 3441 1064 3506; x_wconf 84' lang='lat' dir='ltr'>celeriter</span> <span class='ocrx_word' id='word_1_255' title='bbox 1085 3462 1143 3524; x_wconf 85' lang='lat' dir='ltr'>per</span> 
     </span>
     <span class='ocr_line' id='line_1_38' title="bbox 192 3522 1143 3612; baseline 0.001 -27"><span class='ocrx_word' id='word_1_256' title='bbox 192 3522 407 3608; x_wconf 87' lang='lat' dir='ltr'>exploratores</span> <span class='ocrx_word' id='word_1_257' title='bbox 429 3524 568 3589; x_wconf 86' lang='lat' dir='ltr'>adventu</span> <span class='ocrx_word' id='word_1_258' title='bbox 584 3523 729 3590; x_wconf 80' lang='lat' dir='ltr'>Caesaris</span> <span class='ocrx_word' id='word_1_259' title='bbox 750 3527 875 3612; x_wconf 90' lang='lat' dir='ltr'>cognito</span> <span class='ocrx_word' id='word_1_260' title='bbox 892 3547 998 3590; x_wconf 84' lang='lat' dir='ltr'>carros</span> <span class='ocrx_word' id='word_1_261' title='bbox 1013 3525 1143 3612; x_wconf 88' lang='lat' dir='ltr'>impedi-</span> 
     </span>
    </p>
   </div>
   <div class='ocr_carea' id='block_1_3' title="bbox 0 0 1297 3966">
    <p class='ocr_par' dir='ltr' id='par_1_5' title="bbox 0 0 1297 3966">
     <span class='ocr_line' id='line_1_39' title="bbox 0 0 1297 3966; baseline 0 0"><span class='ocrx_word' id='word_1_262' title='bbox 0 0 1297 3966; x_wconf 95' lang='lat' dir='ltr'> </span> 
     </span>
    </p>
   </div>
  </div>
 </body>
</html>
