2532 3968
168 201 295 271 XXXII
526 203 782 274 PRAEFATIO.

168 377 267 442 tuisse
282 377 554 442 inaedifioandam.
580 378 690 464 Itaque
706 381 739 442 in
754 377 907 442 librorum
921 374 1028 440 verbis
1044 381 1124 461 quae

170 463 381 548 supraposui
403 464 668 550 acquiescendum
691 485 761 528 esee
784 461 972 528 existimavi.
1011 493 1015 504 ·

235 545 271 612 O.
296 549 335 612 13
363 550 486 612 initium
513 551 558 612 ita
586 549 688 614 edidi:
723 555 789 614 Nou
816 553 1028 614 intermitti
1049 553 1124 610 inte·

169 638 227 696 rim
251 640 428 712 quotidiano
451 641 575 715 proelia
604 643 635 700 iu
662 647 824 716 conspectu
854 647 1050 710 utrorumque
1071 647 1125 696 tot*

169 729 317 803 strorum,
350 741 427 798 quoe
455 727 497 784 od
523 727 602 786 uude
630 729 835 800 transitusque
853 723 966 796 fiebunt
987 721 1122 797 potuttis.

169 801 260 866 Libri
289 807 372 868 enim
401 827 510 870 omnes
537 815 671 892 excepto
699 827 762 869 uno
793 805 962 885 deteriore,
998 803 1031 864 in
1082 820 1124 866 uo

171 896 374 963 intermittunt,
397 889 517 954 habent
539 899 710 957 intermittit.
739 889 778 954 N.
802 897 1005 964 intermittunt,
1104 907 1124 950 o

170 981 403 1039 intermittuntur
426 975 530 1040 edunt.

237 1057 274 1122 0.
298 1061 338 1124 16
360 1059 448 1124 libris
478 1061 645 1125 obsecutus
674 1061 713 1126 N.
737 1062 878 1147 scripsit:
911 1065 1035 1139 Equites
1057 1075 1124 1124 eum

170 1151 290 1209 intrare
304 1168 445 1209 summum
461 1154 472 1209 i
477 1169 585 1224 upum
608 1160 635 1211 et
646 1155 792 1226 flammam
808 1152 1017 1210 densissimam
1039 1151 1124 1208 tirne-

171 1243 241 1293 reut
262 1251 315 1312 ue,
337 1239 366 1294 st'
389 1238 441 1310 qut
462 1240 605 1312 cupidius
621 1241 818 1308 intrauerunt,
841 1239 895 1296 uix
916 1251 1039 1295 suorum
1061 1236 1126 1310 ipsi

167 1323 295 1395 priores
306 1328 413 1396 portes
433 1325 702 1382 animaduerterent
716 1339 869 1396 equorum,
893 1323 1023 1380 iusidias
1037 1321 1126 1379 ueriti

170 1406 296 1464 liberum
315 1408 485 1480 fatuitatem
507 1411 558 1468 sui
578 1410 748 1483 reeipiendi
769 1409 940 1466 Bellouacis
969 1407 1123 1467 dederuut.

170 1482 208 1548 Si
237 1486 388 1571 seriptum
410 1495 510 1552 esset:
544 1510 608 1552 eum
633 1509 773 1552 nummum
802 1498 903 1564 iupurn
932 1498 961 1552 et
977 1493 1125 1564 nomam

171 1575 378 1635 densissimum
408 1580 525 1637 intrare
552 1580 702 1656 timerent,
730 1573 903 1658 zeugmatis
931 1594 1022 1636 usum
1052 1588 1124 1633 oum

169 1653 232 1739 Nip
256 1656 361 1720 erdeio
389 1655 442 1720 hio
469 1667 607 1722 statuere
640 1657 763 1740 lioeret;
801 1668 832 1720 at
867 1679 905 1720 eo
940 1656 1031 1721 modo
1062 1673 1124 1742 quo

170 1677 271 1804 verba
303 1740 455 1806 collocate
491 1752 564 1806 eunt
596 1742 630 1806 id
661 1743 731 1806 fieri
766 1741 854 1807 nullo
886 1750 979 1827 paeto
1010 1747 1124 1826 potest.

170 1823 352 1912 Exemplis,
383 1827 496 1912 quibus
522 1827 575 1894 ille
598 1830 692 1892 etiam
714 1827 774 1892 hoo
795 1826 954 1891 insolitum
979 1845 1124 1910 zeugma·

170 1909 212 1973 tis
233 1933 333 1995 genus
348 1912 484 1996 probare
505 1935 599 1998 posse
621 1913 682 1976 eibi
696 1915 782 1976 visus
805 1923 861 1996 est,
885 1912 979 1998 plane
1001 1910 1125 1975 alienae

170 2004 305 2060 naturae
326 2007 407 2061 sunt.
430 1997 540 2082 Neque
554 1997 637 2061 hano
659 1997 782 2061 obrem
804 1997 884 2062 illud
906 2007 1022 2062 intrare
1043 2015 1126 2060 sum-

171 2103 250 2144 murn
271 2089 372 2160 iupurn
392 2082 520 2168 plaeere
542 2091 658 2168 potest,
687 2083 771 2168 quod
793 2105 873 2168 quae
896 2084 1001 2146 statim
1023 2080 1063 2144 de
1084 2081 1124 2144 iis·

170 2164 366 2248 referuntur,
400 2170 453 2253 qui
484 2167 634 2232 audacius
670 2167 828 2236 flammam
867 2169 987 2231 intrare
1019 2166 1125 2231 eonati

171 2260 260 2333 eunt,
290 2251 476 2316 documento
506 2262 594 2335 sunt,
625 2256 746 2340 equites
776 2257 808 2317 in
834 2275 989 2317 summum
1014 2253 1123 2334 iugum

170 2357 242 2399 esse
274 2347 448 2422 provectos.
492 2337 530 2400 Id
565 2338 648 2424 quod
687 2338 860 2403 deteriores
894 2337 1013 2423 aliquot
1051 2335 1124 2398 libri

171 2419 289 2486 habent
303 2443 443 2488 summum
462 2430 485 2502 f
486 2447 600 2487 uotum
615 2423 808 2488 emendatori
830 2423 947 2505 deberi,
970 2424 1025 2484 vix
1041 2421 1123 2505 quis·

171 2527 267 2591 quam
292 2507 430 2592 negabit.
467 2507 622 2594 Equidem
650 2509 878 2573 emendandum
911 2530 981 2572 esee
1014 2502 1124 2568 censui

170 2613 312 2656 summum
334 2601 469 2670 ionem,
493 2593 576 2678 quod
598 2604 651 2657 aut
666 2617 741 2658 casu
763 2596 795 2656 in
818 2603 918 2672 iuoum
938 2611 1123 2677 perversum

172 2686 230 2759 ent,
254 2687 308 2740 aut
329 2677 368 2742 de
390 2677 544 2742 industria
565 2689 717 2744 mutatum
740 2680 780 2743 ab
803 2701 850 2760 eo,
873 2678 925 2764 qui
947 2697 1124 2824 eynonpma

170 2784 314 2827 sumtuum
341 2772 437 2841 ionem
467 2775 498 2829 et
523 2773 668 2842 stammam
696 2772 901 2829 densissimum
927 2783 1022 2846 aegre
1056 2781 1122 2822 ere-

170 2845 235 2910 bat
279 2847 323 2910 At
350 2848 447 2912 habet
471 2859 637 2936 utrumque
663 2872 752 2914 enam
784 2851 865 2929 vim,
895 2870 991 2933 quum
1021 2846 1122 2910 altero

170 2953 235 2996 non
262 2935 325 2997 nisi
348 2935 463 2998 soritas
496 2945 528 2998 et
562 2935 775 3014 vehementia,
810 2932 909 2997 altero
938 2933 1032 2998 etiam
1067 2931 1123 2994 illa

170 3017 308 3082 conditio
338 3021 546 3103 significetur,
577 3043 639 3105 qua
665 3022 718 3105 qui
747 3021 949 3101 intraverant,
972 3017 1122 3103 impedie-

169 3101 294 3186 bantur,
318 3105 483 3192 quominus
506 3108 566 3192 ipsi
589 3128 715 3169 suorum
738 3127 890 3190 equorum
905 3105 1028 3189 priores
1051 3124 1123 3188 par-

169 3197 219 3254 tes
241 3190 535 3260 animadverterent.

235 3273 271 3338 0.
294 3278 336 3340 20
354 3276 432 3340 haee
446 3277 541 3361 vulgo
559 3276 709 3340 eduntur:
734 3284 771 3339 tt
792 3281 948 3340 Bellouaci
973 3282 1123 3354 retiquae·

171 3381 228 3437 que
258 3369 394 3426 ciuitates
419 3378 541 3443 repente
570 3383 609 3426 eu
636 3369 714 3441 supa
731 3369 845 3442 ,porrois
873 3373 962 3441 etque
986 3367 1034 3424 tiis
1059 3368 1123 3424 uut-

170 3453 287 3509 nerntis
308 3455 455 3528 receptis,
485 3456 538 3528 qui
565 3455 709 3512 siluarum
736 3453 879 3525 benefitio
904 3468 1006 3512 cusum
1029 3453 1123 3512 etrite·
