2490 3974
436 266 578 331 CAPUT
600 265 735 330 nrt-24.
996 260 1060 326 253

4 431 6 452 '
95 437 288 501 vulneribus
311 433 454 500 effecere.
492 437 555 500 Hie
577 446 652 517 tum,
674 446 709 499 ut
731 437 775 498 sit
795 434 928 515 Ennius,
957 433 1056 498 nostri

4 529 7 554 ¹
97 545 232 586 cessere
268 543 446 608 parumper.
490 521 601 606 ltaque
637 531 763 605 praeter
798 517 1058 585 consuetudinem

4 601 6 640 ἶ
97 629 200 692 quum
222 609 337 671 nostris
359 606 613 670 animadversum
643 615 726 668 esset
759 605 912 686 accidere,
950 614 1057 667 cenni·

96 693 209 756 rioues
233 715 273 756 ex
294 691 419 776 legione
444 697 464 753 V
486 689 604 756 flumen
622 691 814 774 transgressi
835 688 897 753 duo
912 692 1057 754 restitue·

97 789 179 840 runt
201 779 311 858 eciem,
350 779 527 860 acriterque
550 776 668 838 eximie
688 777 805 838 virtute
826 774 933 860 plures
961 797 1057 861 quum

98 874 243 947 egerent,
267 884 307 926 ex
329 862 490 945 superiore
509 859 583 925 loeo
606 859 805 924 multitudine
825 859 961 923 telorum
977 859 1057 923 alter

98 968 213 1011 eorum
235 945 381 1010 concidit.
403 945 454 1008 Itu
475 968 571 1031 quum
594 946 662 1009 eius
694 966 823 1030 comper
849 955 947 1024 impar
968 966 1057 1029 proe-

4 1045 5 1068 ¹
97 1030 179 1095 lium
200 1031 305 1096 fecere
327 1031 491 1114 coepisset,
515 1052 613 1115 quum
631 1028 770 1113 undique
786 1051 821 1093 se
836 1030 1058 1093 circumveniri

100 1117 245 1180 animum
267 1113 479 1195 advertisset,'
502 1116 665 1198 ingressus
700 1114 815 1198 pedem
843 1113 982 1178 offendit.
1019 1113 1057 1178 Iu

99 1199 194 1264 huius
216 1196 418 1280 concidentis,
442 1201 633 1264 centurionis
655 1221 694 1262 eo
714 1200 778 1262 viri
797 1199 896 1280 fortis,
918 1200 1058 1284 insignia

100 1308 199 1371 quum
221 1285 399 1369 complures
421 1284 673 1349 adversariorum
696 1305 883 1348 concursum
904 1284 1055 1366 fecerent,

101 1391 119 1434 e
143 1372 224 1434 uites
246 1371 346 1434 nostri
366 1371 557 1453 transgressi
578 1369 726 1434 inferiore
755 1367 824 1434 loco
857 1369 1056 1434 adversarios

100 1392 143 1518 ed
164 1455 283 1518 vallum
304 1476 400 1538 egere
422 1462 603 1538 coeperunt.
633 1453 683 1517 ltu
704 1453 848 1538 cupidius
871 1452 946 1517 dum
972 1455 1057 1517 intre

99 1540 261 1624 praesidia
280 1539 408 1602 illorum
430 1539 557 1604 student
588 1538 719 1602 caedem
750 1539 867 1620 facere,
904 1561 924 1602 e
944 1540 1056 1602 turmis

101 1633 134 1688 et
155 1623 218 1688 levi
239 1633 398 1688 armatura
418 1634 491 1688 sunt
504 1623 676 1687 interclusi.
700 1621 842 1701 Quorum
856 1624 918 1686 nisi
934 1645 1057 1687 summu

100 1710 202 1772 virtus
224 1708 343 1790 finisset,
376 1709 442 1772 vivi
463 1710 546 1792 cepti
569 1717 683 1772 essent.
719 1708 801 1772 Nam
830 1718 862 1772 et
882 1709 1056 1772 munitione

101 1793 254 1878 praesidii
274 1796 319 1856 ite
341 1792 634 1878 coangustabantur,
658 1802 693 1857 ut
715 1815 811 1879 eques
835 1795 935 1878 spatio
957 1795 1055 1857 inter·

103 1877 196 1943 cluso·
211 1879 267 1941 vix
288 1900 322 1941 se
344 1877 514 1942 defendere
535 1887 651 1963 posset.
688 1878 741 1942 Ex
773 1888 906 1963 utroque
939 1899 1056 1963 genere

103 1985 228 2048 pugneo
251 1961 427 2048 complures
451 1972 522 2028 sunt
554 1962 738 2028 vulneribus
771 1963 885 2043 affecti,
922 1964 955 2026 in
985 1966 1054 2048 quis

104 2050 197 2110 etiem
220 2045 349 2112 Clodius
371 2047 550 2134 Arquitius3
582 2050 665 2112 inter
698 2069 774 2133 quos
807 2049 853 2111 itu
881 2049 1055 2112 comminus

104 2142 152 2196 est
172 2142 354 2218 pugnatum,
390 2141 425 2196 ut
447 2155 488 2196 ex
509 2135 624 2198 nostris
645 2141 773 2218 praeter
793 2132 873 2196 duos
901 2134 1055 2197 centurio·

104 2238 161 2280 nes
183 2219 223 2280 sit
243 2239 336 2283 nemo
358 2217 554 2282 desideratus
576 2217 733 2301 gloriose
756 2217 931 2282 efferentes.

167 2302 218 2366 24.
254 2303 387 2366 Postero
409 2302 461 2366 die
483 2302 524 2366 ed
546 2301 687 2366 Soricam
709 2313 913 2388 utrorumque
942 2323 1055 2368 conve-

103 2409 178 2450 nere
200 2389 318 2473 copiae.
340 2387 447 2452 Nostri
468 2386 600 2452 brechia
621 2388 738 2451 ducere
759 2397 939 2472 coeperunt.
962 2388 1054 2453 Pom·

104 2473 192 2558 peius
215 2495 311 2558 quum
333 2471 599 2536 animadverteret
620 2472 748 2536 castello
764 2495 798 2536 se
814 2472 940 2538 excludi
954 2473 1054 2558 Aspa-

104 2557 163 2639 via,
186 2557 272 2643 quod
293 2567 341 2620 est
369 2556 409 2621 ab
430 2556 535 2622 Ucubi
556 2556 643 2620 milia
664 2579 815 2642 passuum
837 2568 869 2638 v,
902 2557 983 2622 haec
1002 2581 1054 2622 res

105 2645 283 2706 necessario
291 2641 466 2707 devocabat
482 2663 553 2705 eum
569 2642 611 2706 ed
621 2643 831 2706 dimicandum
842 2651 877 2706 ut
884 2642 1054 2706 descende·

106 2734 167 2807 ret3
199 2747 240 2789 ne
263 2747 302 2790 ue
329 2735 435 2790 temen
464 2749 566 2813 aequo
587 2726 658 2792 loco
680 2729 728 2790 sui
750 2737 938 2813 potestatem
961 2727 1053 2791 facie·

106 2807 168 2890 bat,
206 2749 264 2874 sed
285 2830 326 2875 ex
348 2831 460 2895 grume
476 2859 608 2876 ......
632 2812 794 2876 excelsum
821 2810 976 2877 tumulum
1003 2833 1053 2874 ea-

108 2891 221 3040 piebet‚
257 2916 357 2980 usque
380 2918 418 2959 eo
440 2906 475 2959 ut
500 2899 680 2962 necessario
714 2907 878 2982 cogeretur
910 2897 1054 2982 iniquum

121 2999 208 3041 ocum
229 2978 343 3042 subire.
366 2979 437 3059 Quo
459 2981 499 3045 de
519 2982 602 3047 facto
618 3004 712 3067 quum
728 2993 929 3066 utrorumque
944 2982 1054 3065 copiee

108 3063 258 3126 tumulum
289 3064 497 3130 excellentem
528 3070 691 3230 getissent,
728 3065 877 3152 prohibiti
898 3088 918 3130 a
938 3067 1053 3130 nostn‘s

110 3159 185 3227 suut,
209 3149 322 3213 deiecti
373 3149 491 3214 lanitie.
560 3173 619 3214 une
649 3174 702 3215 res
734 3151 907 3215 seeundum
938 3151 1053 3214 nostris

110 3232 262 3297 efficiebat
282 3172 445 3318 proelium.
479 3235 627 3322 Undique
655 3235 839 3301 cedentibus
860 3235 1053 3300 adversariis

110 3339 168 3382 nou
198 3339 309 3402 parum
341 3341 456 3404 magna
477 3320 511 3383 in
533 3320 632 3384 caede
666 3319 885 3384 versabuntur.
930 3317 1055 3397 Quibus

111 3423 204 3482 mons,
226 3425 291 3466 non
312 3405 412 3468 virtus
435 3404 527 3468 saluti
549 3405 607 3468 fuit
629 3404 779 3468 subsidio.
801 3402 895 3482 Quod
916 3405 979 3468 nisi
999 3402 1065 3466 sd·v

111 3498 315 3572 remorasset,
342 3510 362 3552 a
383 3489 585 3574 paucioribus
606 3492 722 3554 nostris
745 3490 830 3553 omni
851 3488 969 3554 auxilio
989 3487 1052 3574 pri·
