2538 3978
356 215 520 297 'coum
543 230 592 294 111
614 231 707 296 oss.
730 231 867 296 sa-as.
1045 231 1105 297 rar

144 403 268 489 equites
283 403 436 488 Mpetum
450 403 601 484 fecerunt,
621 412 656 467 ut
672 425 780 468 eorum
802 425 896 468 nemo
912 391 1106 486 con'sisteret,

146 509 319 574 omnesque
348 490 493 553 conversi
521 510 586 552 non
609 486 710 552 solum
732 488 801 554 loco
824 488 1026 571 excederent,
1050 489 1107 554 sed

145 573 289 657 protinus
322 573 440 638 incitat'
475 573 549 658 fuga
585 583 708 638 montes
744 573 913 639 altissimos
950 582 1105 660 peterent

147 656 269 736 Quibus
294 657 445 722 submotis
469 681 578 723 omnes
591 661 745 744 sagittarii
759 660 997 744 funditoresque
1014 660 1107 724 desti·

147 745 207 806 tuti
234 743 372 808 inermes
402 745 469 808 sine
497 745 654 831 praesidio
685 745 846 810 interfecti
876 754 956 809 sunt.
986 745 1109 810 Eodem

146 828 267 914 impetu
290 829 434 892 cohortes
465 831 626 894 sinistrum
653 852 752 895 cornu
778 830 991 915 pugnantibus
1014 831 1109 894 etiam

146 924 212 978 turn
235 935 272 976 ac
292 915 512 979 resistentibus
527 917 560 978 in
581 918 648 979 acie
670 916 871 1002 Pompeianis
887 917 1108 980 circumierunt

147 1021 201 1062 cos
226 1021 265 1062 uc
288 1022 308 1063 a
328 1009 419 1086 tergo
443 1013 516 1064 sunt
538 1001 650 1066 adorti.

149 1137 152 1146 ,
204 1021 261 1148 diti.
284 1085 407 1149 Eodem
429 1095 571 1172 tempore
601 1087 725 1150 tertiam
752 1086 852 1150 aciem
875 1085 1003 1169 Caesar,
1027 1107 1108 1172 quae

147 1171 255 1255 quieta
286 1171 389 1236 fuerat
425 1183 457 1236 et
486 1194 520 1236 se
561 1171 601 1236 ad
629 1170 666 1235 id
694 1183 818 1257 tempus
851 1171 920 1236 loco
954 1180 1108 1252 tenuerat,

144 1277 333 1338 procurrere
362 1258 463 1322 iussit.
496 1257 546 1320 lta
574 1279 669 1344 quum
697 1266 841 1323 recentes
871 1267 965 1344 atque
991 1258 1109 1343 integri

147 1339 279 1404 defessis
302 1344 539 1424 successissent,
556 1343 610 1406 alii
632 1352 736 1406 autem
760 1337 879 1428 atergo
902 1343 1107 1424 adorirentur,

146 1428 302 1492 sustinere
331 1427 517 1513 Pompeiani
543 1451 608 1492 non
637 1431 825 1513 potuerunt,
847 1437 879 1492 at
901 1451 941 1492 ue
967 1429 1110 1492 universi

146 1521 237 1596 terga
258 1521 433 1578 verterunt.
462 1513 573 1601 Neque
594 1536 672 1578 vero
696 1512 867 1577 Caesarem
880 1451 1008 1596 lessellis,
1032 1514 1109 1598 quin

147 1595 250 1664 abiis
281 1597 473 1681 cohortibus,
496 1622 588 1684 quae¹
601 1608 711 1664 consa
740 1600 913 1684 equitatum
941 1600 974 1662 in
999 1607 1112 1685 quarta

148 1683 218 1748 acie
241 1683 413 1748 collocatae
443 1695 558 1766 essent,
587 1686 710 1750 initium
731 1686 884 1748 victoriae
908 1685 1053 1765 oriretur,
1075 1691 1111 1748 ut

147 1768 269 1852 ipsein
293 1769 493 1834 cohortandis
515 1768 667 1835 militibus
695 1771 964 1856 pronuntiaverat.
987 1769 1039 1832 Ab
1061 1769 1110 1832 his

149 1853 231 1916 enim
253 1854 389 1938 primum
412 1857 567 1942 equitatus
586 1865 646 1920 est

148 1937 262 2002 caedes
286 1941 518 2024 sagittariorum
541 1963 579 2006 ac
600 1879 818 2023 funditorum,-
838 1939 878 2004 ab
901 1939 1002 2004 isdem
1025 1940 1110 2004 acies
1163 2000 1166 2006 .

148 2023 342 2109 Pompeiana
364 2047 383 2088 a
409 2027 538 2090 sinistra
566 2036 655 2113 parte
685 2028 849 2092 circumita
872 2034 965 2110 atque
988 2027 1111 2089 initium

147 2108 242 2174 fuae
274 2109 400 2174 facturn.
445 2111 509 2178 Sed
535 2113 715 2198 Pompeius,
745 2121 780 2175 ut
813 2113 984 2198 equitatum
1019 2132 1111 2175 suum

147 2215 169 2278 p
204 2216 273 2258 sum
302 2195 381 2260 vidit
407 2205 501 2284 atque
532 2221 602 2262 eam
623 2207 757 2284 partem,
781 2199 834 2260 cui
853 2198 991 2260 manime
1013 2195 1109 2262 confi·

147 2277 252 2363 debat,
274 2283 478 2366 perterritam
500 2283 732 2365 animadvertit,
756 2282 826 2347 aliis
849 2280 1108 2369 quoquediffisus

146 2367 215 2429 acie
238 2368 374 2432 excessit
396 2370 601 2454 protinusque
631 2391 665 2433 se
693 2370 726 2432 in
748 2377 852 2432 castra
874 2389 955 2453 equo
978 2366 1110 2432 contulit

147 2460 179 2514 et
200 2451 239 2514 iis
262 2452 507 2538 centurionibus,
537 2476 617 2540 quos
643 2457 678 2518 in
700 2455 834 2518 statione
856 2452 897 2518 ad
919 2455 1109 2540 praetoriam

146 2545 270 2620 portam
280 2548 438 2622 posuerat,
452 2539 547 2622 clare,
564 2547 598 2603 ut
613 2538 937 2622 milites‘exaudirent,
950 2538 1107 2625 Tuemini,

146 2622 257 2707 inquit,
280 2633 385 2686 castra
407 2632 438 2688 et
467 2624 627 2692 defendite
651 2624 828 2710 diligenter,
852 2625 880 2688 si
902 2623 978 2710 quid
1000 2623 1108 2689 durius

146 2707 307 2773 acciderit.
329 2709 400 2795 Ego
422 2709 560 2798 reliquas
579 2720 686 2797 portas
709 2713 867 2776 circumeo
883 2719 914 2776 et
936 2719 1111 2774 castrorum

145 2793 305 2879 praesidia
327 2794 487 2862 confirmo.
508 2795 601 2862 Haec
623 2819 720 2898 quum
742 2796 885 2879 dixisset,
909 2818 943 2860 se
964 2797 999 2859 in
1019 2815 1110 2882 praeu

145 2879 261 2942 terium
284 2881 416 2948 contudit
437 2903 579 2947 summae
599 2905 650 2948 rer
669 2881 817 2946 diffidens
841 2891 872 2946 et
892 2891 999 2946 tamen
1015 2901 1109 2944 even·

146 2974 213 3034 turn
237 2987 294 3028 exs
318 2975 436 3032 ectans.

211 3049 263 3114 95.
287 2989 406 3117 gaasar
420 3052 621 3139 Pompeianis
644 3076 686 3118 ex
705 3053 781 3140 huga
795 3055 878 3118 intra
891 3051 1011 3118 uallum
1026 3073 1109 3117 com-

147 3133 247 3220 pulsis
268 3136 391 3204 nullum
413 3140 550 3224 spatium
574 3141 749 3224 perterritis
777 3141 855 3206 dare
877 3147 1022 3224 oportere
1045 3140 1109 3203 exi·

148 3223 278 3291 stimans
299 3222 415 3290 milites
438 3223 619 3290 cohortatus
642 3235 699 3307 est,
729 3234 765 3289 ut
786 3223 942 3290 beneficio
964 3222 1109 3288 fortunae

146 3317 311 3374 uterentur
339 3319 504 3395 castraque
534 3319 763 3410 oppugnarent.
795 3310 872 3392 Qui,
904 3310 963 3373 etsi
992 3331 1109 3395 magne

148 3404 238 3460 aestu
266 3393 355 3482 (narn
383 3394 424 3460 ad
445 3394 611 3460 meridiem
633 3417 687 3460 res
714 3405 783 3460 erat
803 3393 981 3482 perducta),
1003 3401 1108 3458 tamen

149 3480 191 3546 ad
211 3503 337 3548 omnem
359 3479 504 3546 laborem
525 3482 629 3546 animo
652 3483 753 3566 parati
774 3480 907 3565 imperio
926 3488 1109 3565 paruerunt

690 1855 788 1936 ulsus,
824 1853 864 1918 ab
887 1853 989 1918 isdem
1010 1853 1111 1919 factae
1216 1904 1222 1914 ,
