2532 3968
473 237 728 305 PRAEFATIO.
1032 240 1084 306 xl

135 411 176 476 ad
197 409 306 490 virum
326 431 514 492 resecamus,
545 411 727 494 primariam
748 411 858 496 *ipsius
887 412 1082 494 pronominis

137 502 265 574 cuisque
287 503 318 560 ot
340 495 485 580 adverbii
514 501 625 574 abique
647 495 808 566 notionem
831 495 998 562 relativam
1020 495 1083 560 dici

134 601 268 648 noema
287 588 351 661 ast,
417 580 470 646 um
484 581 612 664 proprie
633 579 879 664 significaverint
893 602 968 664 ‚war
982 579 1082 662 suoh‘,

134 686 193 746 ,wo
227 664 328 730 auch.‘
372 603 424 742 ill.
455 665 541 730 Rsisi
565 665 587 728 ii
623 664 771 736 Scholas,
799 663 906 732 Grato.
944 665 998 730 lat.
1032 665 1081 730 od.

134 749 250 832 Haase,
274 759 301 831 s.
326 751 397 830 127,
424 773 455 834 p.
483 688 569 836 1963
615 751 648 816 ld
671 746 817 836 quodque
843 759 930 816 recte
953 749 1081 816 Schnei-

134 833 228 902 dsrus
251 836 410 900 monuisse
432 835 567 917 videtur,
590 837 623 898 in
638 835 904 920 inscriptionibus,
920 837 954 904 iu
970 835 1083 919 quibus

133 917 297 1005 hucusque
314 941 431 999 quoqne
444 941 558 997 ‚versas
580 931 740 1006 rupertum
766 922 815 1000 sit,
845 943 882 990 co
912 920 1082 1003 significari

133 1003 226 1086 ‚nach
249 1006 336 1071 sinor
352 1005 452 1090 jadon
474 1004 530 1070 der
555 1013 620 1070 viar
640 1004 748 1072 Soiton
766 1006 845 1087 hin3‘
868 1009 901 1074 iu
923 1003 1082 1090 lapidibus

134 1090 218 1154 onim
231 1089 295 1154 illis
307 1089 451 1154 omnibus
467 1098 572 1156 cartae
588 1091 744 1176 quaedam
758 1090 897 1158 locorum
914 1100 966 1156 aut
977 1111 1083 1156 rerum

133 1194 299 1240 mensurae
315 1177 518 1258 consignatae
541 1185 622 1240 sunt.
668 1175 757 1254 Quae
790 1175 1020 1255 mathematica,
1048 1184 1082 1238 ut

132 1260 178 1322 ita
192 1259 304 1340 dicam,
320 1259 469 1345 loquendi
483 1261 573 1342 ratio,
588 1259 634 1324 ibi
648 1259 844 1346 repudianda
862 1281 932 1324 esso
946 1260 1080 1340 videus,

133 1340 189 1410 ubi
202 1366 255 1410 res
270 1346 339 1429 ipsa
353 1345 492 1429 impedit,
518 1348 683 1431 quominus
706 1368 814 1416 omncs
825 1355 932 1430 partes
955 1365 1082 1412 accura-

132 1437 198 1494 tum
212 1430 246 1496 in
261 1430 388 1494 modum
403 1429 642 1516 distinguantur.

196 1512 232 1578 C.
255 1515 296 1579 24
310 1513 348 1578 N.
370 1514 484 1580 edidit:
514 1521 580 1583 Hac
602 1537 635 1580 rc
653 1529 817 1597 perspecta
841 1523 971 1581 Crassus
994 1537 1082 1594 qaam

132 1620 191 1663 rna
202 1607 396 1666 cunctatione
418 1613 508 1678 atquc
523 1609 667 1680 opinione
684 1609 830 1666 timoris
842 1608 943 1668 nostes
957 1610 1082 1665 nostros

133 1691 240 1766 anilitas
256 1692 428 1750 alacriores
442 1692 483 1748 ad
491 1693 692 1764 posnaniam
708 1694 879 1766 effecissent
895 1709 919 1753 c.
937 1706 965 1764 a.
980 1707 1005 1748 s.
1035 1682 1081 1750 At

132 1789 230 1854 quum
244 1769 279 1832 in
294 1769 383 1834 libris
398 1769 522 1854 legatur
537 1778 702 1835 timidiores
716 1793 821 1856 noque
842 1791 939 1836 causa
954 1769 1080 1854 cxcogi

134 1853 195 1917 tasi
205 1855 315 1940 possit,
328 1875 384 1918 cur
395 1853 428 1918 id
440 1877 459 1920 a
471 1853 597 1922 librario
610 1856 745 1940 quodam
753 1878 811 1940 pro
820 1857 957 1941 genuino
965 1861 1081 1918 timoris

131 1937 175 2006 sit
194 1948 364 2023 receptum,
387 1939 587 2006 retinendum
611 1961 681 2004 esse
697 1941 814 2022 consui,
831 1949 941 2006 contra
956 1940 1081 2004 eiicien-

132 2017 207 2089 dum
222 2023 411 2089 vocabulum
432 2036 530 2105 atquc,
553 2024 637 2109 quud
653 2025 807 2111 quomodo
822 2027 920 2089 inseri
934 2026 1079 2110 potuerit,

133 2129 229 2194 quum
258 2107 414 2174 ablativus
443 2117 587 2190 opinione
613 2110 745 2174 eandem
774 2120 868 2190 atquo
890 2118 1080 2176 cunctatione

131 2192 198 2258 vim
212 2195 448 2278 grammaticam
463 2193 582 2260 habero
595 2194 763 2276 videretur,
774 2189 866 2256 facile
888 2198 984 2274 patet
1016 2187 1078 2252 Its-

132 2298 193 2364 que
209 2275 308 2344 edidi:
337 2301 424 2356 anum
446 2301 504 2344 saa
526 2289 719 2344 crinctatione
747 2283 892 2356 opinione
914 2281 1079 2342 timidiores

132 2367 235 2427 bostar
250 2375 372 2428 nosnos
387 2371 493 2430 milites
509 2371 678 2432 alacriores
695 2368 939 2439 anpiiyncndaa
961 2367 1078 2440 effecis-

131 2459 217 2524 sent;
233 2448 284 2511 cui
299 2448 508 2530 emendationi
530 2449 557 2512 si
573 2450 642 2534 quis
666 2473 705 2516 ox
719 2445 904 2530 Nipperdoii
927 2445 1080 2510 sententia

133 2529 169 2598 id
190 2532 316 2600 obstare
344 2533 523 2614 arbitratur,
546 2535 630 2620 quod
645 2535 750 2603 hostes
767 2558 814 2616 ‚re
827 2553 906 2595 *vera
919 2530 1021 2596 timidi
1036 2530 1080 2594 di·

132 2621 291 2684 serentur
320 2617 392 2702 (Ed.
419 2619 492 2683 mai.
514 2641 544 2704 p.
572 2619 637 2706 73),
659 2621 692 2683 in
714 2642 752 2686 cc
772 2619 836 2684 falli
849 2616 924 2679 mihi
945 2616 1080 2695 videtur,

154 2701 217 2768 uod
231 2701 381 2770 militibus
398 2705 532 2768 hostium
549 2703 678 2772 consilia
693 2714 964 2790 asqusperspscta
985 2701 1081 2764 fuisso

130 2725 207 2852 lacit
229 2809 267 2852 ac
289 2787 362 2852 duci
383 2788 509 2854 Crasso.
538 2789 632 2854 Militi
652 2789 756 2855 hastos
776 2791 839 2854 iam
865 2787 904 2849 ob
927 2786 960 2848 id
982 2783 1083 2851 timidi

130 2869 234 2938 videri
262 2871 431 2952 debebant,
463 2874 547 2959 quod
574 2897 763 3022 quamquam
799 2874 998 2948 multitudino
1028 2894 1078 2934 su-

129 2958 276 3041 periores
293 2958 451 3023 Romanos
475 2981 571 3042 aggre
595 2963 605 3022 i
626 2959 791 3040 nolebant3
818 2968 963 3040 opinione
985 2957 1077 3020 ctiam

131 3040 306 3128 timidiores
321 3042 423 3108 videri
438 3042 604 3122 debebant,
628 3067 723 3130 quum
733 3061 845 3128 'pugna
860 3043 965 3108 oblata
979 3044 1012 3104 in
1028 3063 1077 3103 oa-

130 3129 203 3190 stris
219 3149 253 3192 se
269 3136 377 3191 tenero
398 3127 537 3194 mallant.
574 3129 618 3193 Ut
636 3129 718 3214 apud
735 3128 903 3214 Virgilium
925 3128 1005 3190 Aen.
1021 3125 1079 3204 IX,

130 3209 173 3278 55
188 3233 257 3298 sqq.
287 3211 392 3278 Latini
407 3213 575 3295 ,Teucrum
590 3215 743 3280 mirantur
757 3216 871 3280 inertia
887 3212 1000 3278 corda:
1016 3233 1080 3274 non

130 3317 232 3384 aequo
248 3297 322 3364 darc
338 3321 372 3366 so
387 3321 506 3384 rampo,
522 3321 585 3364 non
601 3299 696 3364 obvia
711 3300 795 3365 forro
812 3321 899 3364 arma
913 3299 1007 3377 viros,
1024 3295 1080 3358 sod

130 3391 236 3448 casua
255 3382 382 3467 savard,
405 3384 490 3452 idem
510 3383 549 3448 do
564 3385 731 3471 Aquitanis
755 3383 863 3448 Crassi
877 3381 991 3448 militas
1008 3403 1079 3444 cen·

131 3466 235 3532 suisse
250 3469 423 3534 verisimile
440 3481 494 3534 est.
