2562 3966
392 229 528 297 COMM.
550 231 581 298 V
604 230 698 297 OAP.
722 231 857 299 15-20.
1059 230 1098 296 97

210 400 260 466 18.
290 401 411 467 Caesar
444 403 570 487 cognito
606 401 738 470 oonsilio
770 425 878 466 eorum
910 404 952 468 ad
983 403 1101 470 flumen

146 485 304 552 Tamesim
317 488 351 551 iu
365 487 445 552 fines
461 485 690 554 Cassivellauni
706 489 880 554 exercitum
895 489 998 573 duxit,
1017 489 1101 575 quod

144 569 262 636 flumen
289 595 352 637 uno
378 575 504 638 omnino
533 572 603 637 loeo
629 571 772 659 pedibus,
796 583 891 659 atque
912 574 973 639 hoe
995 597 1100 661 aegre,

143 659 274 722 transiri
317 667 407 722 otest
450 657 498 722 Eo
528 681 625 744 quum
653 659 801 740 venisset,
829 661 969 725 animum
991 661 1101 726 adver-

143 743 182 806 tit
208 741 249 806 ad
307 753 408 807 teram
435 743 572 808 fluminis
598 747 703 828 ripam
736 766 867 828 magnas
895 767 965 810 esse
994 747 1101 896 copias

143 827 281 891 hostiurn
303 831 482 894 instructas.
530 829 611 913 Ripa
632 839 739 894 autem
760 839 828 892 erat
849 831 949 894 acutis
972 831 1041 896 sudi
1064 854 1101 896 us

143 911 293 998 praefixis
315 915 444 995 munita,
468 912 670 998 eiusdemque
692 915 819 1000 generis
842 915 900 987 sub
923 937 1006 1002 aqua
1028 915 1101 980 defi·

142 1019 207 1062 xae
230 999 324 1062 sudes
337 1025 343 1056 2
351 998 479 1064 flumine
505 999 702 1083 tegebantur.
755 998 815 1062 His
845 1001 941 1066 rebus
968 1003 1101 1086 cognitis

144 1105 165 1146 a
194 1085 328 1168 captivis
358 1085 560 1170 perfugisque
599 1083 719 1148 Caesar
754 1087 929 1169 praemisso
963 1089 1103 1173 equitatu
1138 1163 1162 1170 η,

143 1168 311 1232 confestim
332 1168 473 1255 legiones
496 1169 646 1270 subsequi
666 1171 766 1234 iussit.
801 1169 919 1236 Sedes
940 1172 1103 1238 eeleritate

144 1263 240 1338 atque
262 1275 300 1319 eo
321 1256 441 1340 impetu
462 1255 577 1319 milites
598 1267 710 1336 rerunt,
735 1277 831 1340 quum
846 1259 949 1341 capite
972 1257 1039 1323 solo
1062 1279 1103 1322 ex

144 1359 230 1424 aqua
257 1349 426 1423 exstarent,
456 1351 492 1404 ut
517 1340 623 1405 hostes
645 1341 795 1426 impetum
822 1340 981 1427 legionum
1008 1354 1103 1429 atque

145 1425 286 1508 equitum
308 1426 461 1493 sustinere
489 1448 553 1490 non
579 1436 708 1510 possent
736 1427 883 1513 ripasque
913 1427 1104 1494 dimitterent

148 1530 186 1572 ac
207 1531 240 1572 se
318 1529 356 1574 ae
377 1511 573 1576 mandarent.

211 1593 261 1659 19.
325 1596 570 1679 assivellaunus,
610 1607 645 1662 ut
680 1618 777 1683 supra
810 1597 1102 1680 demonstravimus,

147 1681 233 1745 omni
254 1680 397 1765 deposita
424 1704 480 1782 spe
508 1683 717 1748 contentionis
739 1683 876 1746 dimissis
899 1682 1103 1769 amplioribus

148 1766 256 1849 copiis,
279 1765 406 1831 milibus
422 1769 547 1832 cuciter
566 1777 711 1854 quattuor
723 1769 952 1833 essedariorum
973 1767 1103 1850 relictis,

148 1850 262 1915 itinera
282 1862 393 1916 nostra
414 1853 564 1918 servabat
600 1852 770 1938 aulumque
792 1875 833 1918 ex
855 1854 908 1917 via
930 1853 1105 1917 excedebat

150 1933 289 2036 locisque
310 1937 468 2038 impeditis
491 1961 529 2002 ac
552 1877 749 2002 silvestribus
766 1961 836 2004 sese
858 1937 1038 2002 occultabat
1060 1949 1104 2002 at·

149 2042 210 2106 que
231 2022 270 2086 ris
291 2023 483 2108 regtonibus,
533 2024 625 2088 uibus
652 2045 709 2088 nos
741 2026 801 2088 iter
829 2024 966 2089 facturos
990 2045 1104 2109 eogno-

147 2117 246 2188 verat,
268 2129 385 2192 peoora
406 2121 501 2196 atque
545 2110 665 2174 omines
686 2131 726 2173 ex
741 2112 826 2195 agris
847 2112 881 2174 in
903 2107 1000 2174 silvas
1022 2132 1104 2174 oom-

146 2189 286 2277 pellebat
307 2204 348 2275 et,
371 2217 466 2280 quum
489 2197 645 2280 equitatus
667 2204 775 2260 noster
789 2195 918 2258 liberius
932 2195 1106 2280 praedandi

146 2277 356 2363 vastandique
377 2302 475 2344 causa
497 2303 531 2344 se
545 2285 578 2345 iu
598 2301 693 2366 agros
709 2281 854 2363 eiecerat,
877 2279 1021 2344 omnibus
1044 2282 1105 2344 viis

147 2363 231 2426 notis
243 2366 424 2450 semitisque
432 2365 610 2430 essedarios
623 2389 664 2430 ex
676 2365 765 2430 silvis
777 2365 938 2432 emittebat
949 2377 980 2430 et
990 2387 1105 2448 magno

148 2469 219 2510 cum
241 2449 382 2533 periculo
404 2460 583 2517 nostrorum
598 2452 738 2536 equitum
760 2473 830 2515 eum
853 2451 891 2514 iis
915 2450 1105 2536 confligebat

148 2541 242 2618 atque
264 2534 324 2599 hoc
344 2546 429 2601 metu
451 2536 544 2600 latius
565 2560 587 2602 v
630 2537 678 2600 ari
699 2536 895 2622 prohibebat.
937 2535 1105 2621 Relinque·

147 2617 250 2702 batur,
273 2632 431 2708 utusque
453 2622 577 2708 longius
600 2646 619 2686 a
663 2623 788 2706 agmine
803 2621 963 2708 legionum
985 2619 1106 2684 discedi

148 2702 269 2771 Caesar
313 2716 458 2790 ateretur,
481 2719 513 2772 et
533 2717 654 2770 tamtum
668 2709 702 2770 in
716 2709 801 2792 agris
815 2707 978 2772 vastandis
999 2708 1106 2770 ineen-

148 2789 272 2876 diisque
344 2793 446 2858 iendis
468 2792 609 2858 hostibus
631 2803 807 2874 noceretur,
830 2803 979 2877 quantum
996 2790 1106 2856 labore

149 2887 245 2962 atque
265 2879 378 2942 itinere
400 2878 566 2963 legionarii
586 2877 702 2942 milites
725 2877 850 2944 efficere
871 2887 1027 2963 poterant

212 2962 263 3026 20.
286 2963 416 3028 Interim
439 2962 659 3043 Trinobantes,
703 2986 740 3028 ro
764 2985 781 3026 e
802 2961 982 3026 firmissima
997 2982 1106 3026 earum

149 3048 313 3132 regionum
342 3052 470 3129 civitas,
498 3071 539 3112 ex
568 3070 630 3134 qua
650 2985 727 3111 Rpan
750 3047 898 3112 ubraeius
920 3045 1106 3110 adolescens

151 3131 299 3199 Caesaris
319 3134 416 3199 fidem
438 3144 564 3198 secutus
586 3132 627 3197 ad
649 3155 720 3196 eum
742 3135 775 3196 in
798 3134 1010 3198 continentem
1032 3128 1106 3193 Gal·

150 3217 226 3284 liam
239 3231 387 3301 ¹venerat,
411 3221 499 3284 cuius
525 3229 615 3303 pater
634 3221 669 3282 in
691 3241 729 3284 ea
751 3219 878 3282 civitate
898 3238 1031 3300 regnum
1053 3215 1107 3278 ob·

150 3305 288 3371 tinuerat
300 3305 482 3370 interfectus
504 3326 544 3369 ue
559 3313 628 3368 erat
642 3325 663 3368 a
677 3301 927 3382 Cassiuellauno,
949 3303 1018 3386 ipse
1032 3299 1108 3382 fuga

149 3401 283 3455 mortem
303 3393 466 3470 vitaverat,
484 3328 610 3476 legatos
631 3387 854 3453 adansarem
871 3387 999 3450 mittunt
1019 3383 1107 3470 pelli·
1190 3451 1192 3455 ,

152 3486 322 3562 centtuque
345 3497 414 3540 sese
437 3477 466 3538 ei
488 3473 647 3540 dedituros
674 3485 769 3560 atque
783 3474 935 3618 imperpta
957 3471 1107 3540 iactuum

195 3578 278 3619 mom.
901 3611 902 3614 ,
