<?xml version="1.0" encoding="UTF-8"?>
<!DOCTYPE html PUBLIC "-//W3C//DTD XHTML 1.0 Transitional//EN"
    "http://www.w3.org/TR/xhtml1/DTD/xhtml1-transitional.dtd">
<html xmlns="http://www.w3.org/1999/xhtml" xml:lang="en" lang="en">
 <head>
  <title>
</title>
<meta http-equiv="Content-Type" content="text/html;charset=utf-8" />
  <meta name='ocr-system' content='tesseract 3.04.00' />
  <meta name='ocr-capabilities' content='ocr_page ocr_carea ocr_par ocr_line ocrx_word'/>
</head>
<body>
  <div class='ocr_page' id='page_1' title='image "./ciuliicaesarisc01hirtgoog_0069.png"; bbox 0 0 2534 3970; ppageno 0'>
   <div class='ocr_carea' id='block_1_1' title="bbox 172 179 866 247">
    <p class='ocr_par' dir='ltr' id='par_1_1' title="bbox 172 179 866 247">
     <span class='ocr_line' id='line_1_1' title="bbox 172 179 866 247; baseline 0.001 -1"><span class='ocrx_word' id='word_1_1' title='bbox 172 181 215 246; x_wconf 83' lang='lat'>64</span> <span class='ocrx_word' id='word_1_2' title='bbox 427 180 489 244; x_wconf 82' lang='lat' dir='ltr'>DE</span> <span class='ocrx_word' id='word_1_3' title='bbox 509 179 653 246; x_wconf 76' lang='lat' dir='ltr'>BELLO</span> <span class='ocrx_word' id='word_1_4' title='bbox 675 181 866 247; x_wconf 79' lang='lat' dir='ltr'>GALLIOO</span> 
     </span>
    </p>
   </div>
   <div class='ocr_carea' id='block_1_2' title="bbox 159 349 1131 3506">
    <p class='ocr_par' dir='ltr' id='par_1_2' title="bbox 171 349 1127 1802">
     <span class='ocr_line' id='line_1_2' title="bbox 171 349 1124 437; baseline -0.002 -19"><span class='ocrx_word' id='word_1_5' title='bbox 171 349 370 437; x_wconf 80' lang='lat' dir='ltr'>intellegeret</span> <span class='ocrx_word' id='word_1_6' title='bbox 395 353 429 414; x_wconf 92' lang='lat' dir='ltr'>in</span> <span class='ocrx_word' id='word_1_7' title='bbox 456 353 495 415; x_wconf 89' lang='lat' dir='ltr'>iis</span> <span class='ocrx_word' id='word_1_8' title='bbox 517 350 595 415; x_wconf 89' lang='lat' dir='ltr'>locis</span> <span class='ocrx_word' id='word_1_9' title='bbox 617 351 679 416; x_wconf 83' lang='lat' dir='ltr'>sibi</span> <span class='ocrx_word' id='word_1_10' title='bbox 704 351 823 417; x_wconf 93' lang='lat' dir='ltr'>bellum</span> <span class='ocrx_word' id='word_1_11' title='bbox 850 351 1038 437; x_wconf 84' lang='lat' dir='ltr'>gerendum,</span> <span class='ocrx_word' id='word_1_12' title='bbox 1067 351 1124 416; x_wconf 93' lang='lat' dir='ltr'>ubi</span> 
     </span>
     <span class='ocr_line' id='line_1_3' title="bbox 171 436 1112 523; baseline 0.001 -23"><span class='ocrx_word' id='word_1_13' title='bbox 171 438 282 523; x_wconf 86' lang='lat' dir='ltr'>paucis</span> <span class='ocrx_word' id='word_1_14' title='bbox 304 446 378 500; x_wconf 90' lang='lat' dir='ltr'>ante</span> <span class='ocrx_word' id='word_1_15' title='bbox 399 437 490 501; x_wconf 88' lang='lat' dir='ltr'>annis</span> <span class='ocrx_word' id='word_1_16' title='bbox 511 436 630 502; x_wconf 90' lang='lat' dir='ltr'>Lucius</span> <span class='ocrx_word' id='word_1_17' title='bbox 646 437 794 504; x_wconf 88' lang='lat' dir='ltr'>Valerius</span> <span class='ocrx_word' id='word_1_18' title='bbox 808 438 1023 502; x_wconf 79' lang='lat' dir='ltr'>Praeconinus</span> <span class='ocrx_word' id='word_1_19' title='bbox 1037 436 1068 501; x_wconf 90' lang='lat' dir='ltr'>le</span> <span class='ocrx_word' id='word_1_20' title='bbox 1110 472 1112 474; x_wconf 95' lang='lat'>·</span> 
     </span>
     <span class='ocr_line' id='line_1_4' title="bbox 172 521 1123 609; baseline 0 -23"><span class='ocrx_word' id='word_1_21' title='bbox 172 534 223 586; x_wconf 91' lang='lat' dir='ltr'>tus</span> <span class='ocrx_word' id='word_1_22' title='bbox 245 523 387 586; x_wconf 89' lang='lat' dir='ltr'>exercitu</span> <span class='ocrx_word' id='word_1_23' title='bbox 407 521 498 608; x_wconf 92' lang='lat' dir='ltr'>pulso</span> <span class='ocrx_word' id='word_1_24' title='bbox 519 522 702 586; x_wconf 87' lang='lat' dir='ltr'>interfectus</span> <span class='ocrx_word' id='word_1_25' title='bbox 724 532 816 604; x_wconf 84' lang='lat' dir='ltr'>esset,</span> <span class='ocrx_word' id='word_1_26' title='bbox 839 532 933 609; x_wconf 92' lang='lat' dir='ltr'>atque</span> <span class='ocrx_word' id='word_1_27' title='bbox 953 522 1039 587; x_wconf 90' lang='lat' dir='ltr'>unde</span> <span class='ocrx_word' id='word_1_28' title='bbox 1087 544 1123 586; x_wconf 93' lang='lat' dir='ltr'>u-</span> 
     </span>
     <span class='ocr_line' id='line_1_5' title="bbox 173 605 1122 693; baseline 0 -22"><span class='ocrx_word' id='word_1_29' title='bbox 173 607 241 672; x_wconf 90' lang='lat' dir='ltr'>eius</span> <span class='ocrx_word' id='word_1_30' title='bbox 261 605 388 671; x_wconf 82' lang='lat' dir='ltr'>illallius</span> <span class='ocrx_word' id='word_1_31' title='bbox 417 607 587 693; x_wconf 90' lang='lat' dir='ltr'>proconsul</span> <span class='ocrx_word' id='word_1_32' title='bbox 613 608 844 693; x_wconf 78' lang='lat' dir='ltr'>impedimentis</span> <span class='ocrx_word' id='word_1_33' title='bbox 872 608 997 672; x_wconf 86' lang='lat' dir='ltr'>amissis</span> <span class='ocrx_word' id='word_1_34' title='bbox 1017 607 1122 692; x_wconf 83' lang='lat' dir='ltr'>profu·</span> 
     </span>
     <span class='ocr_line' id='line_1_6' title="bbox 173 691 1123 779; baseline 0 -23"><span class='ocrx_word' id='word_1_35' title='bbox 173 694 279 779; x_wconf 78' lang='lat' dir='ltr'>gisset,</span> <span class='ocrx_word' id='word_1_36' title='bbox 301 714 366 756; x_wconf 92' lang='lat' dir='ltr'>non</span> <span class='ocrx_word' id='word_1_37' title='bbox 387 691 578 757; x_wconf 83' lang='lat' dir='ltr'>mediocrem</span> <span class='ocrx_word' id='word_1_38' title='bbox 599 693 663 757; x_wconf 92' lang='lat' dir='ltr'>sibi</span> <span class='ocrx_word' id='word_1_39' title='bbox 691 692 885 778; x_wconf 87' lang='lat' dir='ltr'>diligentiam</span> <span class='ocrx_word' id='word_1_40' title='bbox 910 692 1123 757; x_wconf 72' lang='lat' dir='ltr'>adhibendam</span> 
     </span>
     <span class='ocr_line' id='line_1_7' title="bbox 172 776 1122 864; baseline 0 -22"><span class='ocrx_word' id='word_1_41' title='bbox 172 776 385 862; x_wconf 83' lang='lat' dir='ltr'>intellegebat.</span> <span class='ocrx_word' id='word_1_42' title='bbox 422 777 533 862; x_wconf 85' lang='lat' dir='ltr'>Itaque</span> <span class='ocrx_word' id='word_1_43' title='bbox 554 800 589 841; x_wconf 89' lang='lat' dir='ltr'>re</span> <span class='ocrx_word' id='word_1_44' title='bbox 610 778 813 842; x_wconf 71' lang='lat' dir='ltr'>bumentarm</span> <span class='ocrx_word' id='word_1_45' title='bbox 833 779 972 864; x_wconf 85' lang='lat' dir='ltr'>provisa,</span> <span class='ocrx_word' id='word_1_46' title='bbox 994 776 1122 842; x_wconf 80' lang='lat' dir='ltr'>auxiliis</span> 
     </span>
     <span class='ocr_line' id='line_1_8' title="bbox 173 862 1123 950; baseline -0.001 -23"><span class='ocrx_word' id='word_1_47' title='bbox 173 865 374 950; x_wconf 73' lang='lat' dir='ltr'>equitatuque</span> <span class='ocrx_word' id='word_1_48' title='bbox 396 885 465 927; x_wconf 89' lang='lat' dir='ltr'>com</span> <span class='ocrx_word' id='word_1_49' title='bbox 488 871 586 944; x_wconf 86' lang='lat' dir='ltr'>arato,</span> <span class='ocrx_word' id='word_1_50' title='bbox 612 863 719 928; x_wconf 87' lang='lat' dir='ltr'>multis</span> <span class='ocrx_word' id='word_1_51' title='bbox 747 873 913 950; x_wconf 87' lang='lat' dir='ltr'>praeterea</span> <span class='ocrx_word' id='word_1_52' title='bbox 937 863 1016 928; x_wconf 88' lang='lat' dir='ltr'>viris</span> <span class='ocrx_word' id='word_1_53' title='bbox 1036 862 1123 927; x_wconf 87' lang='lat' dir='ltr'>forti-</span> 
     </span>
     <span class='ocr_line' id='line_1_9' title="bbox 172 885 1125 1036; baseline -0.001 -23"><span class='ocrx_word' id='word_1_54' title='bbox 172 949 232 1013; x_wconf 87' lang='lat' dir='ltr'>bus</span> <span class='ocrx_word' id='word_1_55' title='bbox 254 947 370 1013; x_wconf 82' lang='lat' dir='ltr'>Tolosa</span> <span class='ocrx_word' id='word_1_56' title='bbox 391 956 423 1012; x_wconf 89' lang='lat' dir='ltr'>et</span> <span class='ocrx_word' id='word_1_57' title='bbox 450 885 609 1030; x_wconf 68' lang='lat' dir='ltr'>llarbonq</span> <span class='ocrx_word' id='word_1_58' title='bbox 639 970 719 1036; x_wconf 89' lang='lat' dir='ltr'>quae</span> <span class='ocrx_word' id='word_1_59' title='bbox 741 957 814 1012; x_wconf 86' lang='lat' dir='ltr'>sunt</span> <span class='ocrx_word' id='word_1_60' title='bbox 835 948 977 1013; x_wconf 88' lang='lat' dir='ltr'>civitates</span> <span class='ocrx_word' id='word_1_61' title='bbox 999 947 1125 1012; x_wconf 78' lang='lat' dir='ltr'>Galbae</span> 
     </span>
     <span class='ocr_line' id='line_1_10' title="bbox 172 1031 1127 1120; baseline 0 -23"><span class='ocrx_word' id='word_1_62' title='bbox 172 1034 355 1119; x_wconf 86' lang='lat' dir='ltr'>provinciae</span> <span class='ocrx_word' id='word_1_63' title='bbox 376 1031 527 1099; x_wconf 86' lang='lat' dir='ltr'>finitimae</span> <span class='ocrx_word' id='word_1_64' title='bbox 555 1033 604 1096; x_wconf 91' lang='lat' dir='ltr'>his</span> <span class='ocrx_word' id='word_1_65' title='bbox 631 1031 822 1120; x_wconf 88' lang='lat' dir='ltr'>regionibus,</span> <span class='ocrx_word' id='word_1_66' title='bbox 843 1034 1029 1098; x_wconf 87' lang='lat' dir='ltr'>nominatim</span> <span class='ocrx_word' id='word_1_67' title='bbox 1051 1054 1127 1097; x_wconf 82' lang='lat' dir='ltr'>evo-</span> 
     </span>
     <span class='ocr_line' id='line_1_11' title="bbox 174 1116 1125 1184; baseline -0.001 -1"><span class='ocrx_word' id='word_1_68' title='bbox 174 1121 253 1184; x_wconf 85' lang='lat' dir='ltr'>catis</span> <span class='ocrx_word' id='word_1_69' title='bbox 274 1119 308 1182; x_wconf 92' lang='lat' dir='ltr'>in</span> <span class='ocrx_word' id='word_1_70' title='bbox 330 1118 507 1183; x_wconf 87' lang='lat' dir='ltr'>Sontiatum</span> <span class='ocrx_word' id='word_1_71' title='bbox 519 1117 600 1183; x_wconf 86' lang='lat' dir='ltr'>fines</span> <span class='ocrx_word' id='word_1_72' title='bbox 615 1121 789 1183; x_wconf 84' lang='lat' dir='ltr'>exercitum</span> <span class='ocrx_word' id='word_1_73' title='bbox 798 1118 980 1183; x_wconf 79' lang='lat' dir='ltr'>introduxit</span> <span class='ocrx_word' id='word_1_74' title='bbox 1025 1116 1125 1182; x_wconf 79' lang='lat' dir='ltr'>Cuius</span> 
     </span>
     <span class='ocr_line' id='line_1_12' title="bbox 174 1203 1126 1290; baseline -0.002 -22"><span class='ocrx_word' id='word_1_75' title='bbox 174 1203 312 1268; x_wconf 85' lang='lat' dir='ltr'>adventu</span> <span class='ocrx_word' id='word_1_76' title='bbox 333 1205 458 1289; x_wconf 88' lang='lat' dir='ltr'>cognito</span> <span class='ocrx_word' id='word_1_77' title='bbox 480 1203 637 1269; x_wconf 88' lang='lat' dir='ltr'>Sontiates</span> <span class='ocrx_word' id='word_1_78' title='bbox 657 1207 778 1290; x_wconf 89' lang='lat' dir='ltr'>magnis</span> <span class='ocrx_word' id='word_1_79' title='bbox 794 1205 892 1290; x_wconf 91' lang='lat' dir='ltr'>copiis</span> <span class='ocrx_word' id='word_1_80' title='bbox 907 1204 1024 1280; x_wconf 79' lang='lat' dir='ltr'>coactis</span> <span class='ocrx_word' id='word_1_81' title='bbox 1039 1203 1126 1289; x_wconf 91' lang='lat' dir='ltr'>equi·</span> 
     </span>
     <span class='ocr_line' id='line_1_13' title="bbox 172 1289 1126 1375; baseline -0.002 -21"><span class='ocrx_word' id='word_1_82' title='bbox 172 1299 310 1375; x_wconf 88' lang='lat' dir='ltr'>tatuque,</span> <span class='ocrx_word' id='word_1_83' title='bbox 334 1312 396 1375; x_wconf 89' lang='lat' dir='ltr'>quo</span> <span class='ocrx_word' id='word_1_84' title='bbox 423 1289 593 1375; x_wconf 91' lang='lat' dir='ltr'>plurimum</span> <span class='ocrx_word' id='word_1_85' title='bbox 620 1289 779 1372; x_wconf 83' lang='lat' dir='ltr'>valebant,</span> <span class='ocrx_word' id='word_1_86' title='bbox 807 1291 842 1352; x_wconf 93' lang='lat' dir='ltr'>in</span> <span class='ocrx_word' id='word_1_87' title='bbox 868 1290 983 1356; x_wconf 86' lang='lat' dir='ltr'>itinera</span> <span class='ocrx_word' id='word_1_88' title='bbox 1010 1309 1126 1374; x_wconf 81' lang='lat' dir='ltr'>agmen</span> 
     </span>
     <span class='ocr_line' id='line_1_14' title="bbox 173 1374 1126 1462; baseline 0.002 -24"><span class='ocrx_word' id='word_1_89' title='bbox 173 1383 314 1440; x_wconf 89' lang='lat' dir='ltr'>nostrum</span> <span class='ocrx_word' id='word_1_90' title='bbox 336 1375 438 1439; x_wconf 87' lang='lat' dir='ltr'>adorti</span> <span class='ocrx_word' id='word_1_91' title='bbox 459 1375 596 1459; x_wconf 87' lang='lat' dir='ltr'>primum</span> <span class='ocrx_word' id='word_1_92' title='bbox 617 1385 763 1462; x_wconf 86' lang='lat' dir='ltr'>equestre</span> <span class='ocrx_word' id='word_1_93' title='bbox 787 1374 943 1460; x_wconf 88' lang='lat' dir='ltr'>proelium</span> <span class='ocrx_word' id='word_1_94' title='bbox 962 1375 1126 1440; x_wconf 84' lang='lat' dir='ltr'>commise-</span> 
     </span>
     <span class='ocr_line' id='line_1_15' title="bbox 173 1458 1126 1546; baseline -0.002 -22"><span class='ocrx_word' id='word_1_95' title='bbox 173 1469 257 1542; x_wconf 86' lang='lat' dir='ltr'>runt,</span> <span class='ocrx_word' id='word_1_96' title='bbox 280 1459 394 1525; x_wconf 91' lang='lat' dir='ltr'>deinde</span> <span class='ocrx_word' id='word_1_97' title='bbox 417 1461 557 1546; x_wconf 88' lang='lat' dir='ltr'>equitatu</span> <span class='ocrx_word' id='word_1_98' title='bbox 579 1482 636 1524; x_wconf 91' lang='lat' dir='ltr'>suo</span> <span class='ocrx_word' id='word_1_99' title='bbox 657 1459 749 1546; x_wconf 90' lang='lat' dir='ltr'>pulso</span> <span class='ocrx_word' id='word_1_100' title='bbox 771 1471 866 1546; x_wconf 89' lang='lat' dir='ltr'>atque</span> <span class='ocrx_word' id='word_1_101' title='bbox 886 1458 1126 1546; x_wconf 89' lang='lat' dir='ltr'>insequentibus</span> 
     </span>
     <span class='ocr_line' id='line_1_16' title="bbox 173 1543 1126 1631; baseline -0.003 -21"><span class='ocrx_word' id='word_1_102' title='bbox 173 1546 290 1610; x_wconf 88' lang='lat' dir='ltr'>nostris</span> <span class='ocrx_word' id='word_1_103' title='bbox 312 1544 415 1610; x_wconf 86' lang='lat' dir='ltr'>subito</span> <span class='ocrx_word' id='word_1_104' title='bbox 436 1545 601 1631; x_wconf 86' lang='lat' dir='ltr'>pedestres</span> <span class='ocrx_word' id='word_1_105' title='bbox 629 1547 746 1631; x_wconf 89' lang='lat' dir='ltr'>copias,</span> <span class='ocrx_word' id='word_1_106' title='bbox 770 1567 849 1631; x_wconf 87' lang='lat' dir='ltr'>quas</span> <span class='ocrx_word' id='word_1_107' title='bbox 870 1546 904 1608; x_wconf 93' lang='lat' dir='ltr'>in</span> <span class='ocrx_word' id='word_1_108' title='bbox 926 1543 1070 1610; x_wconf 88' lang='lat' dir='ltr'>convalle</span> <span class='ocrx_word' id='word_1_109' title='bbox 1091 1545 1126 1607; x_wconf 94' lang='lat' dir='ltr'>in</span> 
     </span>
     <span class='ocr_line' id='line_1_17' title="bbox 174 1629 1126 1714; baseline -0.001 -20"><span class='ocrx_word' id='word_1_110' title='bbox 174 1630 296 1694; x_wconf 89' lang='lat' dir='ltr'>insidiis</span> <span class='ocrx_word' id='word_1_111' title='bbox 320 1630 564 1714; x_wconf 82' lang='lat' dir='ltr'>collocaverant,</span> <span class='ocrx_word' id='word_1_112' title='bbox 593 1630 807 1696; x_wconf 85' lang='lat' dir='ltr'>ostenderunt</span> <span class='ocrx_word' id='word_1_113' title='bbox 850 1629 895 1694; x_wconf 92' lang='lat' dir='ltr'>Hi</span> <span class='ocrx_word' id='word_1_114' title='bbox 915 1640 1041 1696; x_wconf 83' lang='lat' dir='ltr'>nostros</span> <span class='ocrx_word' id='word_1_115' title='bbox 1062 1629 1126 1694; x_wconf 88' lang='lat' dir='ltr'>dis-</span> 
     </span>
     <span class='ocr_line' id='line_1_18' title="bbox 174 1715 792 1802; baseline 0 -22"><span class='ocrx_word' id='word_1_116' title='bbox 174 1719 271 1781; x_wconf 86' lang='lat' dir='ltr'>iectos</span> <span class='ocrx_word' id='word_1_117' title='bbox 293 1715 395 1780; x_wconf 87' lang='lat' dir='ltr'>adorti</span> <span class='ocrx_word' id='word_1_118' title='bbox 414 1715 570 1802; x_wconf 91' lang='lat' dir='ltr'>proelium</span> <span class='ocrx_word' id='word_1_119' title='bbox 591 1725 792 1783; x_wconf 82' lang='lat' dir='ltr'>renovarunt</span> 
     </span>
    </p>

    <p class='ocr_par' dir='ltr' id='par_1_3' title="bbox 159 1799 1130 3164">
     <span class='ocr_line' id='line_1_19' title="bbox 236 1799 1127 1888; baseline -0.002 -23"><span class='ocrx_word' id='word_1_120' title='bbox 236 1801 287 1866; x_wconf 79' lang='lat'>21.</span> <span class='ocrx_word' id='word_1_121' title='bbox 309 1801 489 1886; x_wconf 91' lang='lat' dir='ltr'>Pugnatum</span> <span class='ocrx_word' id='word_1_122' title='bbox 517 1810 565 1864; x_wconf 89' lang='lat' dir='ltr'>est</span> <span class='ocrx_word' id='word_1_123' title='bbox 593 1800 647 1864; x_wconf 91' lang='lat' dir='ltr'>diu</span> <span class='ocrx_word' id='word_1_124' title='bbox 669 1810 763 1888; x_wconf 84' lang='lat' dir='ltr'>atque</span> <span class='ocrx_word' id='word_1_125' title='bbox 784 1801 907 1883; x_wconf 85' lang='lat' dir='ltr'>aeriter,</span> <span class='ocrx_word' id='word_1_126' title='bbox 931 1822 1026 1888; x_wconf 90' lang='lat' dir='ltr'>quum</span> <span class='ocrx_word' id='word_1_127' title='bbox 1048 1799 1127 1864; x_wconf 85' lang='lat' dir='ltr'>Sou-</span> 
     </span>
     <span class='ocr_line' id='line_1_20' title="bbox 173 1885 1127 1971; baseline -0.002 -21"><span class='ocrx_word' id='word_1_128' title='bbox 173 1887 265 1951; x_wconf 88' lang='lat' dir='ltr'>tiates</span> <span class='ocrx_word' id='word_1_129' title='bbox 288 1885 505 1971; x_wconf 88' lang='lat' dir='ltr'>superioribus</span> <span class='ocrx_word' id='word_1_130' title='bbox 526 1887 666 1951; x_wconf 79' lang='lat' dir='ltr'>victoriis</span> <span class='ocrx_word' id='word_1_131' title='bbox 687 1886 760 1950; x_wconf 80' lang='lat' dir='ltr'>freti</span> <span class='ocrx_word' id='word_1_132' title='bbox 773 1889 808 1950; x_wconf 93' lang='lat' dir='ltr'>in</span> <span class='ocrx_word' id='word_1_133' title='bbox 822 1907 881 1950; x_wconf 89' lang='lat' dir='ltr'>sua</span> <span class='ocrx_word' id='word_1_134' title='bbox 893 1886 1010 1950; x_wconf 66' lang='lat' dir='ltr'>vinute</span> <span class='ocrx_word' id='word_1_135' title='bbox 1031 1887 1127 1951; x_wconf 85' lang='lat' dir='ltr'>totius</span> 
     </span>
     <span class='ocr_line' id='line_1_21' title="bbox 173 1970 1126 2072; baseline -0.002 -36"><span class='ocrx_word' id='word_1_136' title='bbox 173 1971 363 2072; x_wconf 87' lang='lat' dir='ltr'>Aquitaniae</span> <span class='ocrx_word' id='word_1_137' title='bbox 385 1970 519 2035; x_wconf 86' lang='lat' dir='ltr'>sulutem</span> <span class='ocrx_word' id='word_1_138' title='bbox 544 1972 680 2057; x_wconf 85' lang='lat' dir='ltr'>positam</span> <span class='ocrx_word' id='word_1_139' title='bbox 706 1980 864 2057; x_wconf 83' lang='lat' dir='ltr'>putarent,</span> <span class='ocrx_word' id='word_1_140' title='bbox 890 1973 990 2036; x_wconf 82' lang='lat' dir='ltr'>nostri</span> <span class='ocrx_word' id='word_1_141' title='bbox 1012 1980 1126 2053; x_wconf 86' lang='lat' dir='ltr'>autem,</span> 
     </span>
     <span class='ocr_line' id='line_1_22' title="bbox 176 2054 1127 2144; baseline -0.001 -24"><span class='ocrx_word' id='word_1_142' title='bbox 176 2055 251 2144; x_wconf 84' lang='lat' dir='ltr'>qurd</span> <span class='ocrx_word' id='word_1_143' title='bbox 273 2057 341 2122; x_wconf 89' lang='lat' dir='ltr'>sino</span> <span class='ocrx_word' id='word_1_144' title='bbox 362 2057 553 2142; x_wconf 87' lang='lat' dir='ltr'>imperatore</span> <span class='ocrx_word' id='word_1_145' title='bbox 575 2064 607 2121; x_wconf 87' lang='lat' dir='ltr'>et</span> <span class='ocrx_word' id='word_1_146' title='bbox 626 2057 694 2121; x_wconf 90' lang='lat' dir='ltr'>sine</span> <span class='ocrx_word' id='word_1_147' title='bbox 714 2056 846 2144; x_wconf 89' lang='lat' dir='ltr'>reliquis</span> <span class='ocrx_word' id='word_1_148' title='bbox 861 2054 1038 2140; x_wconf 85' lang='lat' dir='ltr'>legionibus</span> <span class='ocrx_word' id='word_1_149' title='bbox 1053 2055 1127 2119; x_wconf 89' lang='lat' dir='ltr'>ado·</span> 
     </span>
     <span class='ocr_line' id='line_1_23' title="bbox 174 2139 1126 2228; baseline -0.001 -23"><span class='ocrx_word' id='word_1_150' title='bbox 174 2140 346 2205; x_wconf 87' lang='lat' dir='ltr'>lescentulo</span> <span class='ocrx_word' id='word_1_151' title='bbox 369 2141 449 2204; x_wconf 91' lang='lat' dir='ltr'>duce</span> <span class='ocrx_word' id='word_1_152' title='bbox 472 2139 598 2206; x_wconf 91' lang='lat' dir='ltr'>efficere</span> <span class='ocrx_word' id='word_1_153' title='bbox 647 2153 764 2224; x_wconf 87' lang='lat' dir='ltr'>ossent,</span> <span class='ocrx_word' id='word_1_154' title='bbox 794 2141 934 2228; x_wconf 83' lang='lat' dir='ltr'>perspici</span> <span class='ocrx_word' id='word_1_155' title='bbox 960 2150 1126 2227; x_wconf 88' lang='lat' dir='ltr'>cuperent:</span> 
     </span>
     <span class='ocr_line' id='line_1_24' title="bbox 175 2163 1126 2311; baseline -0.001 -20"><span class='ocrx_word' id='word_1_156' title='bbox 175 2225 303 2291; x_wconf 87' lang='lat' dir='ltr'>tandem</span> <span class='ocrx_word' id='word_1_157' title='bbox 337 2225 471 2291; x_wconf 85' lang='lat' dir='ltr'>confecti</span> <span class='ocrx_word' id='word_1_158' title='bbox 506 2163 690 2291; x_wconf 81' lang='lat' dir='ltr'>vulneribus</span> <span class='ocrx_word' id='word_1_159' title='bbox 726 2225 832 2292; x_wconf 86' lang='lat' dir='ltr'>hostes</span> <span class='ocrx_word' id='word_1_160' title='bbox 868 2237 958 2311; x_wconf 87' lang='lat' dir='ltr'>terga</span> <span class='ocrx_word' id='word_1_161' title='bbox 991 2235 1126 2290; x_wconf 85' lang='lat' dir='ltr'>vertere.</span> 
     </span>
     <span class='ocr_line' id='line_1_25' title="bbox 177 2310 1127 2396; baseline -0.001 -19"><span class='ocrx_word' id='word_1_162' title='bbox 177 2310 319 2391; x_wconf 82' lang='lat' dir='ltr'>Quorum</span> <span class='ocrx_word' id='word_1_163' title='bbox 339 2333 456 2396; x_wconf 90' lang='lat' dir='ltr'>magno</span> <span class='ocrx_word' id='word_1_164' title='bbox 478 2333 608 2378; x_wconf 89' lang='lat' dir='ltr'>numero</span> <span class='ocrx_word' id='word_1_165' title='bbox 630 2312 793 2376; x_wconf 87' lang='lat' dir='ltr'>interfecto</span> <span class='ocrx_word' id='word_1_166' title='bbox 809 2311 944 2376; x_wconf 75' lang='lat' dir='ltr'>Crassus</span> <span class='ocrx_word' id='word_1_167' title='bbox 959 2333 1001 2376; x_wconf 85' lang='lat' dir='ltr'>ex</span> <span class='ocrx_word' id='word_1_168' title='bbox 1015 2313 1127 2376; x_wconf 86' lang='lat' dir='ltr'>itinera</span> 
     </span>
     <span class='ocr_line' id='line_1_26' title="bbox 159 2395 1128 2484; baseline 0 -24"><span class='ocrx_word' id='word_1_169' title='bbox 159 2397 326 2483; x_wconf 80' lang='lat' dir='ltr'>oppidum</span> <span class='ocrx_word' id='word_1_170' title='bbox 347 2395 523 2462; x_wconf 85' lang='lat' dir='ltr'>Sontiatum</span> <span class='ocrx_word' id='word_1_171' title='bbox 551 2419 736 2483; x_wconf 84' lang='lat' dir='ltr'>oppugnare</span> <span class='ocrx_word' id='word_1_172' title='bbox 765 2401 877 2484; x_wconf 87' lang='lat' dir='ltr'>coepit.</span> <span class='ocrx_word' id='word_1_173' title='bbox 922 2395 1045 2476; x_wconf 77' lang='lat' dir='ltr'>Quibus</span> <span class='ocrx_word' id='word_1_174' title='bbox 1066 2397 1128 2462; x_wconf 89' lang='lat' dir='ltr'>for-</span> 
     </span>
     <span class='ocr_line' id='line_1_27' title="bbox 176 2481 1127 2569; baseline -0.001 -22"><span class='ocrx_word' id='word_1_175' title='bbox 176 2483 249 2547; x_wconf 87' lang='lat' dir='ltr'>titer</span> <span class='ocrx_word' id='word_1_176' title='bbox 269 2482 488 2547; x_wconf 87' lang='lat' dir='ltr'>resistentibus</span> <span class='ocrx_word' id='word_1_177' title='bbox 514 2483 626 2547; x_wconf 89' lang='lat' dir='ltr'>vineas</span> <span class='ocrx_word' id='word_1_178' title='bbox 653 2492 819 2569; x_wconf 88' lang='lat' dir='ltr'>turresque</span> <span class='ocrx_word' id='word_1_179' title='bbox 849 2484 922 2568; x_wconf 84' lang='lat' dir='ltr'>egit</span> <span class='ocrx_word' id='word_1_180' title='bbox 971 2481 1023 2545; x_wconf 94' lang='lat' dir='ltr'>Illi</span> <span class='ocrx_word' id='word_1_181' title='bbox 1049 2481 1127 2547; x_wconf 87' lang='lat' dir='ltr'>alias</span> 
     </span>
     <span class='ocr_line' id='line_1_28' title="bbox 177 2567 1128 2654; baseline 0 -22"><span class='ocrx_word' id='word_1_182' title='bbox 177 2569 339 2654; x_wconf 88' lang='lat' dir='ltr'>eruptione</span> <span class='ocrx_word' id='word_1_183' title='bbox 360 2576 487 2650; x_wconf 80' lang='lat' dir='ltr'>tentata,</span> <span class='ocrx_word' id='word_1_184' title='bbox 510 2567 588 2632; x_wconf 87' lang='lat' dir='ltr'>alias</span> <span class='ocrx_word' id='word_1_185' title='bbox 611 2567 763 2632; x_wconf 71' lang='lat' dir='ltr'>amiculis</span> <span class='ocrx_word' id='word_1_186' title='bbox 778 2568 821 2632; x_wconf 88' lang='lat' dir='ltr'>ad</span> <span class='ocrx_word' id='word_1_187' title='bbox 833 2589 983 2653; x_wconf 88' lang='lat' dir='ltr'>aggerem</span> <span class='ocrx_word' id='word_1_188' title='bbox 1004 2569 1128 2632; x_wconf 87' lang='lat' dir='ltr'>vineas·</span> 
     </span>
     <span class='ocr_line' id='line_1_29' title="bbox 178 2653 1127 2740; baseline -0.001 -24"><span class='ocrx_word' id='word_1_189' title='bbox 178 2673 239 2740; x_wconf 90' lang='lat' dir='ltr'>que</span> <span class='ocrx_word' id='word_1_190' title='bbox 260 2655 347 2735; x_wconf 85' lang='lat' dir='ltr'>actis,</span> <span class='ocrx_word' id='word_1_191' title='bbox 370 2655 458 2718; x_wconf 88' lang='lat' dir='ltr'>cuius</span> <span class='ocrx_word' id='word_1_192' title='bbox 479 2655 526 2718; x_wconf 91' lang='lat' dir='ltr'>rei</span> <span class='ocrx_word' id='word_1_193' title='bbox 548 2662 622 2718; x_wconf 87' lang='lat' dir='ltr'>sunt</span> <span class='ocrx_word' id='word_1_194' title='bbox 648 2653 742 2738; x_wconf 90' lang='lat' dir='ltr'>longe</span> <span class='ocrx_word' id='word_1_195' title='bbox 786 2654 946 2718; x_wconf 88' lang='lat' dir='ltr'>eritissimi</span> <span class='ocrx_word' id='word_1_196' title='bbox 967 2653 1127 2739; x_wconf 84' lang='lat' dir='ltr'>Aquitani,</span> 
     </span>
     <span class='ocr_line' id='line_1_30' title="bbox 167 2675 1128 2824; baseline -0.001 -22"><span class='ocrx_word' id='word_1_197' title='bbox 167 2744 342 2824; x_wconf 87' lang='lat' dir='ltr'>&#39;propterea</span> <span class='ocrx_word' id='word_1_198' title='bbox 362 2739 447 2824; x_wconf 91' lang='lat' dir='ltr'>quod</span> <span class='ocrx_word' id='word_1_199' title='bbox 467 2737 573 2816; x_wconf 85' lang='lat' dir='ltr'>multis</span> <span class='ocrx_word' id='word_1_200' title='bbox 595 2737 673 2804; x_wconf 90' lang='lat' dir='ltr'>locis</span> <span class='ocrx_word' id='word_1_201' title='bbox 695 2675 784 2824; x_wconf 76' lang='lat' dir='ltr'>apud</span> <span class='ocrx_word' id='word_1_202' title='bbox 801 2761 855 2804; x_wconf 93' lang='lat' dir='ltr'>eos</span> <span class='ocrx_word' id='word_1_203' title='bbox 870 2739 1012 2804; x_wconf 86' lang='lat' dir='ltr'>aerariae</span> <span class='ocrx_word' id='word_1_204' title='bbox 1028 2747 1128 2802; x_wconf 90' lang='lat' dir='ltr'>sectu-</span> 
     </span>
     <span class='ocr_line' id='line_1_31' title="bbox 176 2822 1128 2910; baseline 0.001 -24"><span class='ocrx_word' id='word_1_205' title='bbox 176 2845 231 2887; x_wconf 86' lang='lat' dir='ltr'>rae</span> <span class='ocrx_word' id='word_1_206' title='bbox 253 2845 293 2887; x_wconf 93' lang='lat' dir='ltr'>ue</span> <span class='ocrx_word' id='word_1_207' title='bbox 315 2833 396 2905; x_wconf 86' lang='lat' dir='ltr'>sunt,</span> <span class='ocrx_word' id='word_1_208' title='bbox 418 2822 474 2887; x_wconf 93' lang='lat' dir='ltr'>ubi</span> <span class='ocrx_word' id='word_1_209' title='bbox 496 2824 660 2910; x_wconf 86' lang='lat' dir='ltr'>diligentia</span> <span class='ocrx_word' id='word_1_210' title='bbox 681 2833 859 2888; x_wconf 86' lang='lat' dir='ltr'>nostrorum</span> <span class='ocrx_word' id='word_1_211' title='bbox 874 2823 953 2886; x_wconf 94' lang='lat' dir='ltr'>nihil</span> <span class='ocrx_word' id='word_1_212' title='bbox 968 2822 1017 2886; x_wconf 92' lang='lat' dir='ltr'>his</span> <span class='ocrx_word' id='word_1_213' title='bbox 1032 2823 1128 2887; x_wconf 88' lang='lat' dir='ltr'>rebus</span> 
     </span>
     <span class='ocr_line' id='line_1_32' title="bbox 177 2845 1128 2994; baseline -0.001 -22"><span class='ocrx_word' id='word_1_214' title='bbox 177 2845 286 2994; x_wconf 75' lang='lat' dir='ltr'>prodci</span> <span class='ocrx_word' id='word_1_215' title='bbox 306 2930 399 2994; x_wconf 90' lang='lat' dir='ltr'>posse</span> <span class='ocrx_word' id='word_1_216' title='bbox 420 2908 657 2992; x_wconf 78' lang='lat' dir='ltr'>intellexerunt,</span> <span class='ocrx_word' id='word_1_217' title='bbox 679 2908 801 2994; x_wconf 86' lang='lat' dir='ltr'>legatos</span> <span class='ocrx_word' id='word_1_218' title='bbox 824 2909 865 2973; x_wconf 85' lang='lat' dir='ltr'>ad</span> <span class='ocrx_word' id='word_1_219' title='bbox 887 2906 1039 2972; x_wconf 81' lang='lat' dir='ltr'>Crassum</span> <span class='ocrx_word' id='word_1_220' title='bbox 1059 2909 1128 2971; x_wconf 81' lang='lat' dir='ltr'>mit</span> 
     </span>
     <span class='ocr_line' id='line_1_33' title="bbox 176 2991 1130 3080; baseline -0.001 -22"><span class='ocrx_word' id='word_1_221' title='bbox 176 3003 246 3058; x_wconf 89' lang='lat' dir='ltr'>tunt</span> <span class='ocrx_word' id='word_1_222' title='bbox 274 3015 371 3080; x_wconf 88' lang='lat' dir='ltr'>seque</span> <span class='ocrx_word' id='word_1_223' title='bbox 396 2995 430 3058; x_wconf 92' lang='lat' dir='ltr'>in</span> <span class='ocrx_word' id='word_1_224' title='bbox 459 2993 651 3059; x_wconf 87' lang='lat' dir='ltr'>deditionem</span> <span class='ocrx_word' id='word_1_225' title='bbox 673 3002 707 3057; x_wconf 91' lang='lat' dir='ltr'>ut</span> <span class='ocrx_word' id='word_1_226' title='bbox 727 2995 875 3079; x_wconf 90' lang='lat' dir='ltr'>recipiat,</span> <span class='ocrx_word' id='word_1_227' title='bbox 897 3003 1016 3079; x_wconf 89' lang='lat' dir='ltr'>petunt.</span> <span class='ocrx_word' id='word_1_228' title='bbox 1058 2991 1130 3072; x_wconf 76' lang='lat' dir='ltr'>Qua</span> 
     </span>
     <span class='ocr_line' id='line_1_34' title="bbox 177 3079 897 3164; baseline -0.001 -21"><span class='ocrx_word' id='word_1_229' title='bbox 177 3100 211 3143; x_wconf 89' lang='lat' dir='ltr'>re</span> <span class='ocrx_word' id='word_1_230' title='bbox 232 3079 398 3164; x_wconf 87' lang='lat' dir='ltr'>impetrata</span> <span class='ocrx_word' id='word_1_231' title='bbox 419 3102 507 3144; x_wconf 86' lang='lat' dir='ltr'>arma</span> <span class='ocrx_word' id='word_1_232' title='bbox 528 3079 654 3144; x_wconf 88' lang='lat' dir='ltr'>tradere</span> <span class='ocrx_word' id='word_1_233' title='bbox 671 3080 748 3143; x_wconf 89' lang='lat' dir='ltr'>iussi</span> <span class='ocrx_word' id='word_1_234' title='bbox 768 3079 897 3143; x_wconf 77' lang='lat' dir='ltr'>facirmt.</span> 
     </span>
    </p>

    <p class='ocr_par' dir='ltr' id='par_1_4' title="bbox 177 3163 1131 3506">
     <span class='ocr_line' id='line_1_35' title="bbox 240 3163 1129 3251; baseline -0.002 -23"><span class='ocrx_word' id='word_1_235' title='bbox 240 3164 291 3228; x_wconf 80' lang='lat'>22.</span> <span class='ocrx_word' id='word_1_236' title='bbox 313 3164 419 3251; x_wconf 89' lang='lat' dir='ltr'>Atque</span> <span class='ocrx_word' id='word_1_237' title='bbox 444 3166 478 3229; x_wconf 92' lang='lat' dir='ltr'>in</span> <span class='ocrx_word' id='word_1_238' title='bbox 505 3187 543 3229; x_wconf 88' lang='lat' dir='ltr'>ea</span> <span class='ocrx_word' id='word_1_239' title='bbox 562 3187 598 3228; x_wconf 92' lang='lat' dir='ltr'>re</span> <span class='ocrx_word' id='word_1_240' title='bbox 628 3165 767 3230; x_wconf 91' lang='lat' dir='ltr'>omnium</span> <span class='ocrx_word' id='word_1_241' title='bbox 795 3173 973 3229; x_wconf 89' lang='lat' dir='ltr'>nostrorum</span> <span class='ocrx_word' id='word_1_242' title='bbox 1001 3163 1129 3227; x_wconf 88' lang='lat' dir='ltr'>intentis</span> 
     </span>
     <span class='ocr_line' id='line_1_36' title="bbox 177 3248 1131 3336; baseline 0 -23"><span class='ocrx_word' id='word_1_243' title='bbox 177 3248 289 3313; x_wconf 90' lang='lat' dir='ltr'>animis</span> <span class='ocrx_word' id='word_1_244' title='bbox 305 3248 367 3313; x_wconf 88' lang='lat' dir='ltr'>alia</span> <span class='ocrx_word' id='word_1_245' title='bbox 389 3272 429 3312; x_wconf 88' lang='lat' dir='ltr'>ex</span> <span class='ocrx_word' id='word_1_246' title='bbox 450 3259 541 3336; x_wconf 89' lang='lat' dir='ltr'>parte</span> <span class='ocrx_word' id='word_1_247' title='bbox 555 3250 663 3336; x_wconf 89' lang='lat' dir='ltr'>oppidi</span> <span class='ocrx_word' id='word_1_248' title='bbox 676 3249 884 3331; x_wconf 85' lang='lat' dir='ltr'>Adiatunnus,</span> <span class='ocrx_word' id='word_1_249' title='bbox 928 3250 961 3311; x_wconf 92' lang='lat' dir='ltr'>ui</span> <span class='ocrx_word' id='word_1_250' title='bbox 976 3270 1131 3313; x_wconf 89' lang='lat' dir='ltr'>summam</span> 
     </span>
     <span class='ocr_line' id='line_1_37' title="bbox 177 3271 1129 3433; baseline -0.002 -35"><span class='ocrx_word' id='word_1_251' title='bbox 177 3334 302 3421; x_wconf 89' lang='lat' dir='ltr'>imperii</span> <span class='ocrx_word' id='word_1_252' title='bbox 322 3334 465 3416; x_wconf 78' lang='lat' dir='ltr'>tenebat,</span> <span class='ocrx_word' id='word_1_253' title='bbox 489 3357 560 3400; x_wconf 89' lang='lat' dir='ltr'>cum</span> <span class='ocrx_word' id='word_1_254' title='bbox 582 3341 627 3398; x_wconf 84' lang='lat' dir='ltr'>DC</span> <span class='ocrx_word' id='word_1_255' title='bbox 650 3334 781 3416; x_wconf 86' lang='lat' dir='ltr'>devotis,</span> <span class='ocrx_word' id='word_1_256' title='bbox 805 3356 883 3433; x_wconf 91' lang='lat' dir='ltr'>quos</span> <span class='ocrx_word' id='word_1_257' title='bbox 905 3271 952 3396; x_wconf 82' lang='lat' dir='ltr'>illi</span> <span class='ocrx_word' id='word_1_258' title='bbox 973 3333 1129 3398; x_wconf 88' lang='lat' dir='ltr'>soldurios</span> 
     </span>
     <span class='ocr_line' id='line_1_38' title="bbox 178 3418 1130 3506; baseline -0.002 -22"><span class='ocrx_word' id='word_1_259' title='bbox 178 3419 345 3506; x_wconf 82' lang='lat' dir='ltr'>appellant,</span> <span class='ocrx_word' id='word_1_260' title='bbox 375 3442 507 3506; x_wconf 90' lang='lat' dir='ltr'>quorum</span> <span class='ocrx_word' id='word_1_261' title='bbox 534 3420 615 3485; x_wconf 88' lang='lat' dir='ltr'>haec</span> <span class='ocrx_word' id='word_1_262' title='bbox 637 3430 684 3485; x_wconf 90' lang='lat' dir='ltr'>est</span> <span class='ocrx_word' id='word_1_263' title='bbox 705 3419 851 3502; x_wconf 79' lang='lat' dir='ltr'>conditio,</span> <span class='ocrx_word' id='word_1_264' title='bbox 873 3428 908 3483; x_wconf 87' lang='lat' dir='ltr'>ut</span> <span class='ocrx_word' id='word_1_265' title='bbox 930 3418 1075 3484; x_wconf 87' lang='lat' dir='ltr'>omnibus</span> <span class='ocrx_word' id='word_1_266' title='bbox 1096 3419 1130 3482; x_wconf 93' lang='lat' dir='ltr'>in</span> 
     </span>
    </p>
   </div>
   <div class='ocr_carea' id='block_1_3' title="bbox 0 0 1280 3970">
    <p class='ocr_par' dir='ltr' id='par_1_5' title="bbox 0 0 1280 3970">
     <span class='ocr_line' id='line_1_39' title="bbox 0 0 1280 3970; baseline 0 0"><span class='ocrx_word' id='word_1_267' title='bbox 0 0 1280 3970; x_wconf 95' lang='lat' dir='ltr'> </span> 
     </span>
    </p>
   </div>
  </div>
 </body>
</html>
