2562 3970
200 225 244 289 20
401 273 404 280 ⁴
485 227 546 291 DE
567 227 710 293 BELLO
734 227 866 292 orvml

198 397 329 460 iniurias
357 398 553 464 inimicorum
581 407 812 464 commemorat
845 397 949 462 Docet
977 419 1012 461 se
1033 395 1155 460 nullum

201 482 497 546 extraordinarium⁴
513 483 665 548 honorem
687 486 858 570 appetisse,
886 481 942 546 sed
971 490 1155 566 exspectato

199 565 340 652 legitimo
354 577 494 652 tempore
510 568 689 632 consulatus
704 591 741 634 eo
756 569 853 634 fiiisse
868 576 1057 648 contentum,
1069 565 1152 650 quod

199 651 343 717 omnibus
366 652 487 717 civibus
508 663 637 740 pateret.
652 654 766 718 Latum
788 654 875 718 abX
896 653 1030 717 tribunis
1051 650 1155 736 plebis

200 737 484 802 contradicentibus
512 741 655 822 inimicis,
687 739 806 805 Catone
827 759 903 803 vero
930 737 1083 804 acerrime
1104 757 1154 800 re·

199 832 358 908 pugnante
381 833 412 887 et
431 825 564 908 pristina
585 825 810 890 consuetudine
831 823 957 888 dicendi
978 844 1066 892 mora
1085 820 1155 884 dies

200 906 392 990 extrahente,
415 919 450 973 ut
471 910 519 972 sui
539 913 618 974 ratio
640 910 778 974 absentis
800 908 977 988 haberetur,
999 909 1069 992 ipso
1082 927 1154 970 con·

200 991 269 1056 sule
290 992 456 1078 Pompeio;
486 996 540 1080 qui
566 997 593 1058 si
614 995 830 1081 improbasset,
853 1017 909 1058 cur
937 994 1014 1058 ferri
1040 1013 1154 1078 passus

199 1077 307 1140 esset?
330 1081 357 1142 si
377 1079 550 1164 probasset,
572 1102 629 1144 cur
655 1103 690 1144 se
710 1082 758 1144 uti
777 1078 886 1166 populi
907 1077 1069 1142 beneficio
1082 1097 1154 1161 pro-

198 1161 372 1227 hibuisset?
393 1164 581 1228 Patientiam
595 1167 743 1250 proponit
762 1187 860 1245 suam,
884 1187 979 1250 quum
1003 1163 1044 1233 de
1064 1183 1154 1226 exer÷

198 1247 312 1311 citibus
328 1249 518 1314 dimittendis
533 1249 615 1314 ultro
625 1250 864 1336 postulavisset,
878 1252 913 1314 in
928 1271 989 1336 quo
1001 1250 1154 1312 immam

198 1332 357 1418 dignitatis
379 1344 478 1422 atque
494 1334 621 1401 honoris
649 1337 717 1422 ipse
745 1336 884 1400 factruus
907 1343 999 1398 esset.
1022 1331 1154 1398 Acerbi-

197 1426 295 1481 tatem
315 1421 513 1484 inimicorum
541 1420 641 1502 docet,
670 1423 733 1508 qui,
756 1419 902 1508 quod-ab
925 1419 1024 1482 altero
1045 1425 1152 1503 postu-

197 1501 308 1586 larent,
341 1507 392 1568 in*
411 1527 446 1572 se
481 1515 664 1570 recusarent
699 1517 793 1592 atque
830 1506 936 1570 omnia
971 1505 1155 1589 permisceri

198 1587 338 1672 mallent,
363 1612 457 1675 quam
481 1592 647 1675 imperium
670 1594 891 1676 exercitusque
912 1590 1078 1654 dimittere.
1101 1587 1152 1650 In-

196 1675 310 1739 iuriam
323 1677 359 1738 in
372 1675 540 1763 eripiendis
555 1677 731 1762 legionibus
742 1677 912 1763 praedicat,
935 1673 1153 1740 crudelitatem

196 1771 230 1823 ot
257 1760 456 1826 insolentiam
482 1763 516 1826 in
546 1763 839 1828 circumscribendis
867 1761 1001 1830 tribunis
1034 1759 1153 1845 plebis3

198 1845 391 1911 conditiones
414 1869 434 1910 a
455 1869 489 1911 se
510 1847 601 1929 latas,
618 1851 755 1935 expeh'ta
770 1848 926 1934 colloquia
944 1856 977 1911 et
997 1846 1154 1930 denegata

197 1941 428 1997 commemorat.
449 1933 512 1997 Pro
535 1935 649 2021 quibus
664 1934 923 1999 rebushortatur
944 1955 982 1996 ac
1004 1930 1152 2016 postulat,

197 2025 232 2079 ut
259 2016 486 2104 rempublicam
514 2021 598 2084 susci
620 2021 686 2084 iant
715 2029 810 2105 atque
836 2041 900 2086 uua
926 2039 1033 2082 secum
1055 2015 1153 2080 admi-

196 2102 338 2166 nistrent
366 2102 424 2167 Sin
452 2105 563 2170 timore
598 2043 782 2192 defugiant,
803 2103 866 2169 illis
900 2127 934 2168 se
967 2103 1057 2168 oneri
1087 2123 1152 2165 non

195 2186 335 2251 futurum
368 2197 400 2252 et
434 2209 492 2274 per
525 2213 559 2254 se
591 2190 820 2277 rempublicam
852 2189 1152 2255 administraturum.

195 2271 332 2356 Legatos
348 2273 389 2337 ad
402 2274 587 2361 Pompeium
602 2276 642 2340 de
657 2277 881 2363 compositione
894 2275 976 2338 mitti
991 2281 1152 2358 oportere:

194 2379 298 2452 neque
314 2380 348 2422 se
362 2359 578 2444 reformidare,
595 2361 679 2448 quod
692 2364 726 2426 in
742 2370 853 2426 senatu
873 2361 1042 2444 Pompeius
1057 2356 1153 2443 paulo

150 2501 152 2510 .
196 2451 270 2506 ante
292 2443 432 2526 dixisset,
456 2446 497 2510 ad
519 2469 597 2533 quos
619 2447 716 2533 legati
743 2448 951 2526 mitterentur,
973 2444 1023 2509 his
1046 2451 1161 2508 aucto.

194 2529 319 2592 ritatem
348 2530 476 2594 attribui
503 2533 710 2618 timoremque
741 2553 874 2614 eorum,
897 2531 952 2616 qui
982 2531 1152 2610 mitterent,

195 2613 374 2698 significari.
404 2615 521 2680 Tenuis
551 2627 644 2703 atque
672 2619 788 2682 infirmi
814 2617 894 2682 haec
920 2617 1017 2680 animi
1037 2613 1151 2678 videri.

195 2697 237 2763 Se
259 2721 344 2782 vero,
367 2709 402 2764 ut
424 2701 572 2786 operibus
594 2705 713 2767 anteire
735 2702 897 2785 studuerit,
921 2703 966 2765 sic
988 2701 1106 2764 iustitia
1120 2708 1154 2762 et

192 2787 352 2871 aequitate
373 2785 457 2849 velle
485 2809 643 2872 superare.

257 2871 309 2934 33.
331 2870 450 2934 Probat
470 2895 539 2936 rem
561 2883 687 2938 senatus
703 2874 742 2938 de
764 2873 924 2938 mittendis
938 2872 1068 2956 legatis,
1083 2871 1152 2952 scd,
1261 2929 1262 2934 ,

194 2956 249 3040 qui
259 2957 465 3040 mitterentur,
481 2980 545 3022 non
558 2959 804 3044 reperiebantur,
816 2961 1016 3044 maximeque
1030 2957 1152 3020 timoris

195 3062 292 3104 causa
312 3064 370 3126 pro
393 3063 428 3104 se
450 3045 582 3129 quisque
602 3044 636 3108 id
649 3067 763 3108 munus
785 3045 950 3131 legationis
972 3041 1151 3108 recusabat.

194 3126 365 3212 Pompeius
389 3128 471 3192 enim
486 3129 652 3196 discedens
674 3130 714 3194 ab
737 3131 817 3195 urbe
838 3132 873 3194 in
894 3139 1005 3194 senatu
1027 3129 1153 3194 dixerat

194 3211 306 3276 eodem
333 3234 368 3276 se
396 3212 578 3278 habiturum
599 3215 678 3296 loco,
706 3217 760 3302 qui
781 3216 899 3280 Romae
926 3216 1155 3281 remansissent

186 3306 225 3360 :et
247 3299 300 3384 qui
321 3299 355 3360 in
370 3299 480 3361 castris
497 3298 642 3364 Caesaris
656 3299 798 3366 fuissent
822 3301 876 3366 Sic
885 3301 1033 3367 triduum
1045 3299 1153 3384 dispu-

188 3383 362 3448 tationibus
373 3384 697 3472 excusationibusque
713 3387 895 3451 extrahitur.
918 3387 1095 3452 Subiicitur
1107 3396 1153 3451 et-

192 3466 257 3528 iam
277 3467 314 3530 L.
326 3466 482 3552 Metellus,
497 3469 641 3534 tribunus
656 3470 769 3556 plebis,
786 3471 825 3536 ab
839 3475 975 3538 inimicis
992 3471 1153 3555 Caesaris,
