2538 3978
209 245 271 310 142
463 242 594 310 BELLI
614 241 916 313 ALEXANDRINI

206 411 353 482 berrimis
374 413 463 480 urbis
485 415 563 480 locis
586 413 755 496 habebant,
770 423 805 478 ut
826 435 1023 500 quacumque
1039 415 1182 498 regione

205 512 409 587 pugnaretur,
438 501 569 584 integris
602 500 723 563 viribus
751 498 792 562 ad
819 498 972 564 auxilium
1004 499 1179 562 ferendum

207 608 248 672 op
271 587 466 671 onipossent.
480 585 636 650 Omnibus
647 587 707 650 viis
721 594 814 671 atque
830 587 1002 669 angiportis
1014 583 1179 668 triplicem

206 609 326 736 vallum
348 671 547 736 obduxerant
577 669 660 756 (erat
684 680 789 736 antem
812 671 963 770 quadrato
990 680 1178 734 exstructus

207 779 283 821 saxo
297 779 400 842 neque
417 758 520 821 minus
536 763 580 818 XL
596 756 693 841 pedes
709 755 882 820 altitudinis
898 753 1060 840 habebat),
1074 777 1177 839 quae·

207 864 267 927 que
289 853 395 926 partes
423 841 510 906 urbis
533 843 699 906 inferiores
723 850 820 922 erant,
844 841 901 904 has
924 840 1083 914 altissimis
1107 849 1176 904 tur-

207 926 293 990 ribus
306 925 458 991 denorum
470 926 683 992 tabulatorum
698 927 884 992 munierant
908 926 1077 990 Praeterea
1092 924 1175 988 alias

207 1010 431 1076 ambulatorius
456 1012 586 1078 totidem
608 1011 820 1076 tabulatorum
847 1013 1042 1076 confixerant
1065 1010 1174 1074 subie-

209 1099 328 1182 ctisque
350 1119 404 1160 eas
426 1100 505 1160 rotis
520 1097 647 1162 funibus
659 1097 869 1182 iumentisque
886 1096 1016 1160 obiectis
1039 1095 1174 1160 directis

207 1181 320 1266 plateis
338 1183 372 1245 ln
396 1205 625 1268 quamcumque
648 1192 716 1248 erat
731 1184 832 1246 visum
850 1191 973 1267 partem
988 1179 1171 1244 movebant.

269 1267 299 1330 3.
312 1265 407 1331 *Urbs
434 1268 628 1332 fertilissima
657 1278 688 1333 et
718 1264 935 1353 copiosissima
957 1268 1097 1330 omnium
1118 1288 1173 1328 re-

204 1373 275 1415 rum
288 1363 457 1438 apparatus
469 1353 671 1438 suggerebat
684 1353 750 1438 Ipsi
765 1353 907 1418 homines
923 1350 1173 1436 ingeniosissimi

206 1445 300 1584 atque
330 1440 512 1520 acutissimi,
542 1461 622 1525 quae
652 1461 671 1502 a
697 1439 812 1504 nostris
842 1438 912 1502 fieri
943 1437 1099 1517 viderant,
1130 1459 1173 1500 ea

205 1543 240 1586 so
254 1525 332 1586 ertia
359 1523 546 1606 efficiebant,
579 1533 614 1588 ut
642 1524 742 1588 nostri
770 1523 896 1588 illorum
929 1545 1024 1606 opera
1056 1522 1171 1584 imitati

203 1607 397 1690 viderentur,
421 1618 452 1672 et
479 1632 537 1674 sua
559 1618 670 1695 sponte
693 1608 792 1673 multa
819 1607 1020 1692 reperiebant
1041 1628 1169 1691 unoque

131 1699 133 1706 '
204 1701 345 1778 tempore
375 1704 406 1758 et
434 1704 558 1760 nostrus
584 1696 775 1760 munitiones
808 1693 1000 1757 infestabant
1030 1703 1061 1756 et
1093 1713 1168 1754 suas

205 1777 427 1844 defendebant.
456 1780 562 1865 Atque
591 1781 671 1844 haec
692 1781 853 1866 principes
875 1781 908 1842 in
930 1777 1071 1844 consiliis
1094 1799 1167 1840 con-

204 1863 409 1951 cionibusque
432 1859 609 1951 agitabant:
637 1865 795 1950 Populum
818 1865 993 1928 Romanum
1014 1862 1166 1949 paulatim

203 1948 238 2012 in
253 1951 514 2014 consuetudinem
528 1953 595 2014 eius
610 1953 703 2036 regni
718 1950 894 2035 occupandi
908 1951 1028 2014 venire.
1052 1948 1166 2012 Paucis

203 2033 293 2097 annis
321 2044 416 2099 antea
442 2035 614 2101 Gabinium
644 2059 716 2102 cum
745 2037 886 2100 exercitu
915 2035 1012 2098 fuisse
1041 2036 1076 2097 in
1103 2033 1164 2096 Ae·

202 2127 317 2204 gypt03
340 2120 524 2206 Pompeium
546 2144 581 2186 se
604 2144 644 2185 ex
664 2122 739 2205 fuga
761 2121 872 2186 eodem
893 2121 1070 2205 recepisse3
1087 2117 1164 2182 an-

202 2223 307 2268 sarem
342 2207 469 2271 venisse
506 2229 578 2271 cum
614 2209 723 2293 copiis,
756 2229 860 2292 neque
897 2218 997 2284 morte
1024 2204 1165 2288 rPompei

190 2289 373 2374 ¹quicquam
408 2293 593 2377 profectum,
632 2316 693 2378 quo
716 2294 819 2356 minus
841 2291 938 2378 *apud
975 2313 1011 2354 se
1047 2289 1165 2354 Caesar

202 2386 458 2448 commoraretur.
483 2377 586 2456 Quem
609 2379 637 2440 si
658 2401 722 2443 non
744 2377 949 2462 expulissent,
971 2377 1108 2440 futuram
1123 2395 1164 2440 ex

202 2477 303 2540 regno
326 2462 537 2544 provinciam3
567 2464 662 2549 idque
686 2486 704 2526 a
728 2463 843 2527 endum
866 2472 1003 2526 mature:
1028 2481 1164 2545 namque

204 2563 277 2606 cum
298 2545 505 2612 interclusum
527 2487 768 2633 tempestatibus
789 2557 920 2634 propter
943 2549 1018 2612 anni
1040 2557 1163 2630 tempus

201 2629 344 2714 recipere
365 2636 576 2698 transmarina
598 2635 718 2698 auxilia
739 2656 803 2700 non
824 2655 927 2718 posse.

263 2713 294 2777 4.
306 2714 436 2781 Interim
448 2719 645 2784 dissensione
657 2729 726 2786 orta
737 2722 818 2784 inter
827 2717 996 2798 Achillam,
1014 2717 1067 2802 qui
1078 2725 1163 2780 vete-

201 2820 279 2864 rano
291 2804 444 2867 exercitui
465 2814 618 2889 praeerat,
643 2815 674 2870 et
691 2805 859 2886 Arsinoen,
882 2805 967 2889 regis
990 2802 1163 2868 Ptolemaei

200 2885 354 2950 minorem
375 2887 483 2972 filiam,
506 2900 541 2954 ut
570 2913 666 2976 supra
695 2890 942 2955 demonstratum
972 2899 1028 2968 est,
1066 2909 1162 2972 quum

200 2978 333 3056 uterque
355 2975 480 3060 utrique
501 2975 703 3041 insidiaretur
725 2985 756 3040 et
774 2997 927 3039 summam
949 2973 1072 3058 imperii
1095 2973 1162 3056 ipse

201 3053 343 3122 obtinere
364 3059 471 3141 vellet,
494 3071 705 3147 praeoccupat
724 3061 859 3126 Arsinoe
897 3081 930 3122 er
953 3057 1161 3143 Ganymeden

200 3141 387 3226 eunuchum,
409 3147 579 3211 nutricium
595 3169 694 3228 suum,
718 3155 812 3232 atque
832 3083 989 3208 Aclrillam
1004 3142 1161 3208 interficit.

199 3223 272 3323 lloc
302 3230 407 3293 occiso
441 3233 509 3295 sine
542 3230 606 3296 ullo
640 3233 725 3298 socio
752 3241 784 3296 et
812 3227 942 3296 custode
970 3231 1041 3314 ipsa
1067 3249 1160 3292 omne

199 3314 365 3396 imperium
388 3314 565 3398 obtinebat;
589 3318 746 3382 exereitus
763 3315 941 3400 Ganymedi
963 3314 1104 3380 traditur.
1126 3311 1160 3375 Is

199 3407 346 3482 suscepto
369 3400 471 3466 officio
493 3401 693 3488 largitionem
719 3402 753 3468 in
780 3401 896 3468 milites
919 3409 1020 3484 auget
1035 3407 1067 3462 et
1087 3396 1161 3466 rali-

201 3501 263 3564 qua
284 3486 353 3568 pari
375 3485 539 3572 diligentia
560 3486 768 3553 administrat.
