2490 3974
147 212 150 219 ’
201 249 264 314 242
450 250 579 316 annm
599 251 896 319 fflsraamasrs

202 423 242 486 de
264 423 379 508 populo
402 422 544 488 Romano
566 426 710 487 meritam
742 425 827 511 esse)
857 425 1004 491 celeriter
1027 450 1103 491 sex
1136 453 1199 494 co-

175 521 179 530 '
202 509 307 574 horres
330 508 470 573 secunda
491 507 601 594 vigilia
623 509 711 573 iubet
732 511 900 594 proficisci,
932 515 1002 598 pari
1037 516 1197 600 equites

95 627 97 631 ·
201 617 342 659 numero.
382 591 504 672 Quibus
527 595 679 678 praefecit
700 595 859 660 hominem
882 598 949 662 eius
993 601 1192 664 revinciae

201 690 309 745 notum
319 707 322 712 ·
332 691 364 744 et
384 703 446 744 non
459 701 570 764 parum
586 681 745 761 scientem,
768 681 805 744 L.
818 681 941 748 Iunium
957 621 1191 748 Placiaeeum.

202 765 265 844 Qui
287 789 382 851 quum
405 765 445 829 ad
467 764 525 828 Cn.
548 764 679 850 Pompei
700 767 859 850 praesidia
874 770 1023 852 venisset,
1050 771 1192 833 incidit

202 851 287 916 idem
309 852 468 938 temporis,
491 859 526 914 ut
547 861 734 936 tempestate
757 852 892 916 adverse
913 853 1187 942 vehementique

201 947 296 1001 vento
318 937 536 1017 afflictaretur3
560 958 641 1021 qnae
662 938 712 998 vis
734 941 928 1023 tempestatis
943 940 987 1003 ita
1009 939 1185 1005 obscura-

202 1024 265 1104 bat,
289 1033 324 1086 ut
345 1025 402 1086 vix
423 1023 602 1108 proximum
625 1043 800 1105 agnoscere
822 1033 959 1109 possent.
991 1023 1103 1089 Ouius
1130 1030 1183 1090 in-

201 1109 398 1173 commodum
421 1129 575 1171 summam
595 1107 761 1170 utilitatem
782 1109 859 1194 ipsis
889 1109 1080 1194 praebebat.
1124 1113 1182 1175 Ita

202 1216 297 1280 quum
319 1194 360 1258 ad
383 1216 455 1257 eum
477 1203 640 1273 venerunt,
663 1192 751 1256 iubet
771 1193 864 1258 binos
886 1217 983 1280 equos
1006 1217 1179 1262 conscen-

201 1281 286 1360 dere,
321 1291 352 1344 et
373 1288 460 1343 recta
481 1301 538 1363 per
560 1277 815 1342 adversariorum
848 1280 1009 1365 praesidia
1039 1282 1088 1345 ad
1114 1305 1176 1368 op-

200 1367 308 1453 pidum
331 1363 530 1429 contendunt.
554 1363 729 1447 Mediisque
752 1385 859 1429 eorum
879 1366 1045 1450 praesidiis
1063 1389 1175 1452 quum

202 1462 308 1517 essent
324 1497 454 1514 ......
489 1471 569 1512 unus
592 1471 634 1511 ex
655 1451 771 1513 nostris
793 1449 964 1535 respondit,
1001 1461 1037 1514 ut
1069 1452 1174 1516 sileat

201 1538 332 1601 verbum
354 1537 474 1600 facere:
505 1556 579 1598 nam
607 1533 641 1597 id
662 1535 813 1619 temporis
837 1539 946 1600 conari
968 1536 1009 1600 ad
1031 1559 1169 1601 murum

201 1623 363 1703 accedere,
387 1631 421 1684 ut
442 1620 592 1706 oppidum
615 1620 757 1704 capiant3
781 1631 813 1683 et
833 1623 947 1706 partim
969 1631 1167 1707 tempestate

200 1708 341 1794 impediti
363 1706 475 1791 vigiles
498 1727 561 1769 non
582 1714 729 1790 poterant
760 1705 955 1792 diligentiam
984 1719 1165 1792 praestare,

201 1797 313 1880 partim
335 1793 390 1857 illo
412 1812 565 1876 responso
593 1789 843 1854 deterrebantur.
881 1790 986 1870 Quum
1015 1793 1058 1856 ad
1089 1817 1162 1879 por-

201 1895 265 1944 tam
288 1878 441 1966 appropio
464 1887 602 1957 uasscut,
627 1877 717 1960 signo
740 1875 813 1939 dato
836 1876 876 1940 ab
900 1878 1066 1963 oppidanis
1086 1894 1162 1943 sunt

201 1967 329 2051 recepti,
359 1973 390 2028 et
411 1899 533 2048 pedites
556 1961 698 2047 dispositi
720 1963 833 2046 partim
855 1961 899 2025 ibi
926 1977 1159 2046 remanserunt,

202 2053 321 2138 equites
345 2050 483 2114 clamore
512 2048 593 2110 facto
628 2047 824 2131 eruptionem
846 2050 879 2110 in
902 2049 1157 2114 adversariorum

201 2147 304 2201 castra
325 2137 476 2200 fecerunt.
500 2133 609 2198 Sinin
630 2131 685 2196 illo
707 2133 799 2214 facto,
830 2155 925 2218 quum
947 2135 1157 2199 inscientibus

201 2223 376 2306 accidisset,
401 2216 624 2284 existimabant
645 2240 743 2304 prope
764 2239 880 2303 magna
893 2241 967 2304 pars
983 2219 1154 2302 hominum,

201 2311 253 2393 qui
275 2310 308 2371 in
330 2308 379 2372 his
402 2307 513 2371 castris
535 2304 676 2384 firisscnt,
701 2326 735 2368 se
757 2325 855 2389 prope
879 2313 987 2388 captos
1010 2327 1091 2369 esse.

241 2395 292 2457 ’4.
330 2394 401 2458 Hoc
422 2394 519 2455 misso
551 2389 592 2452 ad
624 2388 730 2452 Uliam
766 2389 923 2474 praesidio
956 2389 1082 2471 Caesar,
1122 2401 1153 2454 ut

200 2481 383 2565 Pompeium
407 2476 447 2542 ab
471 2498 510 2540 ea
532 2476 766 2560 oppugnatione
796 2473 976 2557 deduceret,
1014 2475 1056 2538 ad
1077 2474 1151 2540 (lor-

201 2565 316 2630 dubam
340 2563 499 2629 contendit
521 2581 623 2646 exque
645 2560 757 2625 itinere
779 2560 927 2624 loricatos
949 2562 1035 2624 viros
1057 2560 1149 2625 fortes

200 2659 271 2716 oum
294 2653 433 2737 equitatu
455 2657 528 2711 ante
555 2647 733 2733 praemisit3
771 2646 825 2731 qui
854 2644 946 2708 simul
968 2647 1001 2708 in
1023 2668 1146 2732 conspe·

201 2747 284 2801 ctum
306 2736 414 2822 oppidi
437 2756 471 2797 sc
494 2732 656 2812 dederunt,
692 2732 780 2816 equis
802 2731 1005 2816 recipiuntur.
1042 2731 1148 2795 Hoca

201 2821 458 2888 Cordubensibus
490 2837 688 2904 nequaquam
717 2825 840 2900 poterat
861 2817 1003 2879 animum
1023 2817 1146 2881 adverb·

199 2909 229 2972 A
251 2903 532 2994 propinquantibus
555 2925 596 2968 ex
619 2901 732 2986 oppido
755 2901 836 2965 bene
858 2924 975 2984 magna
988 2900 1144 2965 multitude

200 2933 249 3058 acl
264 2995 435 3080 equitatum
458 2988 688 3053 concidendum
711 3010 806 3074 quum
834 2988 982 3067 exissent,
1019 2985 1143 3068 loricati,

199 3087 233 3144 ut
256 3101 350 3165 supra
373 3076 563 3163 scripsimus,
598 3075 749 3157 exequie
772 3071 1004 3136 descenderunt
1032 3081 1062 3134 et
1085 3095 1142 3136 ma-

200 3169 295 3250 gnum
316 3163 472 3250 proelium
493 3162 643 3239 fecerunt,
667 3161 712 3222 sio
733 3161 779 3222 uti
800 3156 978 3234 ex‘infinita
992 3156 1142 3220 hominum

199 3249 398 3313 multitudine
420 3249 513 3333 pauci
535 3249 568 3309 in
601 3244 750 3330 oppidum
783 3265 817 3306 se
850 3243 1037 3327 reciperent.
1079 3241 1142 3306 Hoc

199 3337 317 3402 timore
334 3333 486 3398 adductus
514 3331 588 3396 Sex.
611 3330 780 3414 Pompeius
803 3328 922 3392 litteras
943 3328 1034 3391 fratri
1056 3329 1140 3410 misit,

199 3429 233 3484 ut
256 3419 401 3484 celeriter
424 3416 484 3480 sibi
507 3413 648 3480 subsidio
673 3417 804 3494 veniret,
842 3435 882 3476 ne
915 3414 1003 3497 prius
1033 3411 1142 3476 Caesar

201 3503 382 3568 Cordubam
406 3507 542 3588 caperet,
573 3523 665 3586 quarn
689 3501 757 3585 ipse
779 3499 834 3562 illo
855 3499 1005 3562 venisset.
1042 3497 1139 3583 Itaque
