2490 3974
188 232 251 297 266
451 231 579 296 BELLl
601 230 897 296 HISPANIENSIS

190 403 365 484 clausisset,
395 402 549 484 incendit3
579 401 742 487 milesque,
772 402 826 488 qui
847 401 975 466 fratrem
998 421 1089 464 suum
1113 403 1152 464 in
1241 427 1242 488 t

189 489 301 552 castris
329 488 511 572 iugulasset,
539 491 733 573 interceptus
763 497 811 551 est
833 507 852 549 a
873 488 989 551 nostris
1017 497 1049 550 et
1070 486 1154 550 nisti

188 595 367 659 percussus.
390 573 474 636 Hinc
499 574 613 636 itinere
628 572 724 638 ,facto
752 574 784 636 in
817 592 959 657 campum
989 571 1152 635 Munden-

189 681 254 722 sem
283 681 379 744 quum
409 667 493 722 esset
520 667 659 739 ventum,
689 667 792 722 castra
819 666 928 721 contra
959 655 1151 740 Pompeium

189 743 356 808 constituit.

252 828 302 892 28.
326 827 477 912 Sequenti
504 827 555 892 die
585 849 681 914 quum
707 829 767 890 iter
795 826 901 890 facere
931 825 1149 890 Caesareum

190 914 288 999 copiis
310 913 416 994 vellet,
438 915 650 976 renuntiatum
672 921 720 976 est
741 935 761 976 a
781 911 1029 997 speculatoribus
1051 911 1150 976 Pom·

189 1000 293 1083 peium
317 998 356 1060 de
378 997 471 1062 tertia
498 998 607 1082 vigilia
635 999 668 1060 in
690 999 758 1061 acie
786 1000 918 1060 stetisse.
941 997 1012 1061 Hoc
1035 1001 1150 1062 nuntio

189 1084 283 1147 allato
305 1083 458 1146 vexillum
488 1085 659 1168 proposuit.
682 1082 804 1148 Idcirco
834 1086 917 1146 enim
938 1084 1045 1168 copias
1069 1083 1149 1146 edu-

187 1177 294 1249 xerat,
324 1167 410 1252 quod
429 1166 679 1232 Ursaonensium
700 1169 834 1247 civitati,
858 1169 913 1253 qui
935 1171 984 1232 sui
1011 1169 1150 1232 fuissent

188 1253 336 1333 fautores,
367 1263 460 1316 antea
487 1253 608 1316 litteras
636 1255 774 1334 miserat,
805 1252 973 1316 Gaesarem
1002 1253 1089 1317 nolle
1112 1256 1148 1317 in

189 1337 363 1401 convallem
385 1338 588 1420 descendere,
640 1339 703 1402 uod
731 1340 882 1402 maiorem
908 1349 1031 1422 partem
1052 1362 1146 1405 exer·
1241 1399 1242 1410 ,

189 1425 268 1486 citus
290 1424 424 1487 tironem
446 1422 585 1488 haberet.
642 1446 680 1488 ae
700 1423 824 1492 litterae¹
843 1423 1048 1488 vehementer
1070 1447 1146 1489 eon-

189 1507 356 1572 firmabant
391 1518 512 1572 mentes
545 1509 782 1593 oppidanorum.
818 1509 867 1572 Ita
901 1507 961 1572 bac
996 1509 1147 1593 opinione

188 1593 286 1656 fretus
315 1602 381 1657 tuto
410 1593 571 1657 sefacere
600 1616 694 1679 posse
724 1593 934 1657 existimabat.
964 1593 1091 1658 Etenim
1114 1606 1147 1659 et

190 1689 301 1743 natura
321 1678 384 1742 loci
406 1677 636 1742 defendebatur
657 1691 689 1743 et
710 1679 809 1764 ipsius
832 1679 939 1764 oppidi
959 1683 1147 1762 munitione,

189 1763 243 1827 ubi
265 1771 370 1827 castra
397 1765 575 1828 constituta.
604 1763 748 1851 Namque
777 1765 922 1848 superius
948 1763 1143 1830 demonstra-

188 1849 290 1914 vimus
320 1848 391 1912 loca
419 1848 609 1914 excellentia
629 1849 758 1912 tumulis
781 1850 944 1930 contineri,
973 1851 1142 1916 intervallo

188 1934 319 2018 planitie
342 1933 458 2015 dividi;
480 1933 513 1997 id
535 1934 619 2020 quod
641 1956 678 1998 eo
701 1934 812 1998 incidit
832 1944 982 2019 tempore.

251 2019 302 2082 29.
325 2019 477 2085 Planities
510 2020 592 2083 inter
623 2027 757 2103 utraque
789 2029 893 2082 castra
925 2020 1143 2086 intercedebat
1228 2050 1232 2093 t

188 2105 313 2168 circiter
334 2106 421 2168 milia
442 2126 592 2192 passuum
608 2116 643 2186 V,
658 2115 693 2168 ut
707 2104 726 2142 ¹¹²
742 2103 860 2168 auxilia
874 2103 1005 2189 Pompei
1020 2105 1142 2170 duabus

187 2189 431 2254 defenderentur
462 2189 568 2271 rebus,
598 2191 713 2276 opido
744 2197 775 2252 et
797 2187 916 2253 excelsi
937 2189 999 2254 loci
1020 2200 1140 2254 natura

187 2273 272 2336 Hinc
299 2273 440 2360 dirigens
461 2276 607 2360 proxima
626 2213 774 2360 pinnities
796 2273 998 2359 aequabatur.
1044 2275 1140 2340 Cuius

188 2357 354 2422 decursum
376 2357 583 2424 antecedebat
602 2363 703 2442 rivus,
717 2360 771 2445 qui
785 2358 826 2422 ad
848 2381 957 2424 eorum
979 2381 1141 2424 accessum

187 2465 341 2508 summam
364 2445 520 2511 efficiebat
541 2445 603 2510 loci
623 2447 838 2532 iniquitatem:
860 2467 934 2508 narn
955 2445 1090 2530 palustri
1112 2455 1141 2509 et
1225 2506 1228 2515 ,

187 2531 376 2612 voraginoso
407 2529 473 2594 solo
501 2552 631 2595 currens
661 2540 729 2595 erat
761 2529 802 2594 ad
834 2529 987 2593 dextram.
1030 2530 1140 2616 Itaque
1222 2520 1228 2541 ’

188 2613 315 2696 Caesar,
344 2637 440 2700 quum
467 2617 567 2680 aciem
595 2617 749 2681 directam
776 2614 917 2697 vidisset,
946 2637 1011 2679 non
1033 2615 1141 2679 habuit

186 2698 324 2780 dubium,
348 2701 424 2786 quin
445 2701 550 2764 media
570 2701 702 2786 planitie
716 2702 750 2762 in
772 2723 906 2785 aequum
929 2700 970 2764 ad
992 2699 1139 2764 dimican·
1236 2749 1237 2752 ,

186 2783 261 2848 dum
294 2785 468 2849 adversarii
500 2787 717 2870 procederent.
746 2784 818 2848 Hoc
845 2795 912 2848 erat
943 2787 978 2848 in
1004 2787 1141 2850 omnium

186 2879 365 2955 conspectu.
388 2871 461 2934 Huc
488 2870 668 2953 accedebat,
691 2879 726 2934 ut
747 2869 835 2934 locus
857 2868 912 2932 illa
939 2869 1069 2956 planitie
1091 2893 1139 2934 ae-

187 2956 337 3038 quitatem
367 2964 493 3020 ornaret
522 2955 585 3019 diei
614 2954 752 3041 solisque
780 2955 957 3036 serenitate,
979 2963 1014 3018 ut
1034 2956 1138 3019 mirili-

186 3059 258 3102 cum
281 3049 312 3102 et
334 3040 506 3124 optandum
527 3051 652 3125 tempus
666 3062 765 3126 prope
781 3038 821 3104 ab
837 3039 897 3102 diis
912 3039 1137 3104 immortalibus
1222 3075 1237 3109 ,ι

186 3123 264 3187 illud
299 3125 452 3188 tributum
476 3135 573 3188 esset
608 3126 649 3189 ad
684 3125 839 3210 proelium
875 3125 1127 3188 committendum
1218 3180 1223 3203 ,

185 3207 292 3273 Nostri
321 3209 441 3290 laetari,
470 3209 614 3274 nonnulli
642 3211 737 3274 etiam
763 3212 884 3288 timere,
907 3210 992 3296 quod
1013 3211 1047 3272 in
1069 3230 1134 3272 eum
1218 3269 1237 3303 Ι,

186 3293 288 3358 locum
324 3317 376 3358 res
408 3295 615 3381 fortunaeque
652 3297 792 3360 omnium
824 3293 1063 3372 deducerentur,
1095 3301 1135 3373 nt,

186 3381 336 3466 quioquid
361 3392 432 3465 post
459 3381 569 3444 horam
601 3403 694 3445 casus
721 3379 890 3462 tribuisset,
915 3380 949 3442 in
970 3377 1065 3443 dubio
1085 3398 1135 3463 po
1219 3423 1236 3442 ,η

185 3473 322 3530 neretur.
344 3465 454 3552 Itaque
476 3467 575 3530 nostri
603 3465 644 3530 ad
670 3464 883 3530 dimicandum
903 3463 1085 3550 procedunt,
1106 3460 1133 3528 id
