2534 3970
311 224 446 290 eorm.
468 225 501 290 11
523 225 616 291 oar.
638 225 771 291 sa-nr
796 229 822 289 1.
910 211 913 216 ’
999 223 1054 312 ss

96 405 201 462 rentur
222 395 253 460 le
275 397 319 461 ati
340 395 382 462 ad
409 395 588 476 Gaesarem,
616 399 671 484 qui
699 419 734 461 se
756 396 882 462 obsides
905 395 1042 479 daturas,

95 483 246 567 imperata
253 419 394 546 iacturas
407 481 642 567 pollicerentur.
676 481 764 561 Quas
779 481 952 567 legationes
965 479 1042 546 Cae

96 589 153 650 sar,
177 566 317 654 quadiu
342 565 467 630 Italiam
493 565 717 654 Illyricumque
732 565 944 652 properabat,
966 567 1044 630 inita

95 652 236 738 proxima
257 661 377 718 aestate
402 651 444 716 ad
472 673 506 732 se
532 654 649 717 reverti
677 653 775 716 iussit
818 652 892 738 Ipse
913 653 946 714 in
969 649 1043 716 Car·

96 746 192 819 nutes,
214 736 326 800 Andes
347 736 563 822 Turonesque,
586 759 667 824 quae
689 739 830 802 civitates
849 737 1043 823 propinquae

95 821 142 886 his
166 822 246 887 locis
274 831 372 903 erant,
401 821 457 885 ubi
482 821 603 886 bellum
630 833 780 908 gesserat,
806 821 985 908 legionibus
1010 822 1045 885 in

96 905 300 972 hibernacula
321 906 463 972 deductis
490 909 525 971 in
552 907 677 971 Italiam
702 909 860 994 proiectus
887 916 942 972 e'st.
992 906 1043 972 Ob

96 1014 207 1078 easque
228 1014 283 1056 res
306 1015 348 1057 ex
372 992 484 1058 litteris
513 991 658 1058 Caesaris
681 993 748 1057 dies
771 991 950 1080 quindecim
973 1015 1044 1056 su-

97 1076 217 1163 plieatio
234 1077 364 1142 decreta
385 1086 441 1159 est,
459 1077 545 1164 quod
559 1087 632 1142 ante
646 1078 680 1142 id
693 1087 817 1165 tempus
828 1078 943 1142 accidit
955 1015 1043 1142 nulli.

373 1415 409 1484 c.
430 1416 539 1485 suun
560 1390 769 1488 causaris
802 1509 804 1514 Ι

127 1555 227 1668 llll
282 1553 569 1668 uuile
623 1556 1012 1671 usualdo

270 1745 637 1826 commandamus
662 1745 872 1814 nunnius,

497 1896 649 1908 m

368 2001 777 2054 ARGUMENTUM.

100 2085 137 2156 [A
154 2089 185 2140 U.
204 2089 232 2140 O.
251 2085 324 2154 698.]
361 2086 466 2138 Servius
485 2087 577 2150 Galba,
595 2088 697 2154 legatus
716 2087 843 2151 Caesaris,
865 2095 954 2155 gentes
973 2103 1049 2152 quas·

131 2157 186 2208 dam
202 2159 274 2208 inter
291 2155 355 2206 fines
373 2155 550 2220 Allobrogum,
568 2155 653 2208 lacum
670 2157 829 2206 Lemannum
846 2162 872 2206 et
888 2156 968 2221 Alpes
986 2157 1049 2207 sitas

131 2227 248 2278 secundis
279 2223 377 2288 aliquot
402 2223 508 2288 proeliis
534 2226 609 2287 vicit,
632 2224 787 2277 rebellantes
811 2230 837 2275 et
862 2230 947 2275 castra
968 2240 1050 2290 oppu-

130 2300 236 2360 gnantes
255 2293 334 2360 gravi
350 2291 424 2341 clade
446 2294 587 2357 prostravit
604 2309 625 2342 c.
645 2295 719 2342 1-6.
754 2293 853 2344 Eodem
869 2298 984 2358 tempore
1001 2293 1050 2344 Ar·

130 2363 217 2413 morici
228 2360 366 2422 rebellant,
385 2375 450 2424 quos
469 2360 565 2410 Caesar
576 2362 685 2426 primum
701 2363 817 2412 terrestri
828 2360 896 2411 bello
910 2376 1050 2426 aggressus

132 2435 176 2493 est,
195 2431 298 2490 deinde,
318 2431 395 2494 quum
406 2443 496 2493 parum
507 2429 676 2494 profecisset,
685 2429 796 2480 naribus
809 2429 907 2480 domuit
917 2445 939 2478 c.
959 2425 1004 2479 T—
1009 2431 1050 2479 16.

134 2499 190 2550 Non
207 2501 294 2548 minus
312 2497 421 2546 feliciter
437 2495 517 2562 legati
530 2497 561 2557 Q.
574 2497 689 2548 Titurius
708 2513 765 2548 cum
783 2497 883 2548 Unellis
901 2513 922 2546 e
942 2498 1059 2560 17-19,

132 2567 160 2616 P.
178 2567 289 2617 Crassus
308 2579 365 2614 curn
381 2564 515 2628 Aquitanis
533 2571 680 2631 pugnarunt
697 2582 724 2615 c.
742 2567 850 2618 30-27.
885 2565 917 2616 In
934 2566 1051 2616 Morinos

133 2635 321 2702 Menapiosque
339 2647 494 2699 progressus
512 2634 546 2684 ob
564 2635 626 2683 anni
642 2640 743 2700 tempus
755 2633 851 2685 Caesar
869 2635 1008 2684 exercitum
1024 2634 1052 2682 in

132 2702 236 2754 hiberna
254 2701 356 2753 reducit
373 2717 394 2750 c.
412 2701 454 2760 28,
474 2703 514 2752 29.

497 2837 649 2846 -ι--ι-

164 2958 191 3021 1.
215 2956 323 3036 Quum
343 2957 377 3020 in
393 2955 517 3022 Italiam
530 2956 783 3042 proficisceretur
798 2955 925 3040 Caesar,
948 2954 1052 3020 Servi-

105 3063 153 3106 um
174 3041 311 3108 Galbam
333 3064 405 3105 cum
431 3039 554 3128 legione
583 3049 633 3104 Xll
662 3052 694 3106 et
718 3050 808 3129 parte
836 3043 991 3128 equitatus
1020 3041 1054 3121 in

105 3125 281 3210 Nantuates,
309 3125 468 3214 Veragros
495 3126 704 3213 Sedunosque
729 3127 823 3210 misit,
847 3129 900 3213 qui
922 3125 962 3190 ab
984 3124 1053 3190 fini-

105 3208 159 3275 bus
180 3211 391 3298 Allobrogum
418 3222 449 3276 et
470 3211 543 3278 lacu
562 3211 726 3278 Lemanno
756 3222 788 3278 et
816 3210 944 3276 flumine
970 3209 1053 3274 Rho-

106 3295 182 3362 dano
204 3297 246 3362 ad
274 3319 411 3362 summas
438 3298 538 3363 Ales
566 3299 734 3384 pertinent.
779 3296 885 3362 Causa
910 3295 1054 3361 mittendi

106 3379 167 3465 fuit,
188 3383 273 3484 quod
302 3384 361 3447 iter
389 3403 447 3468 per
467 3321 576 3470 llipes,
600 3405 662 3470 quo
684 3404 798 3468 magno
821 3403 893 3445 cum
912 3380 1061 3467 periculo

109 3487 286 3556 magnisque
315 3491 387 3550 cum
407 3471 553 3554 portoriis
576 3478 767 3533 mercatores
789 3469 835 3531 ire
858 3475 1053 3553 consuerant,
