2490 3974
442 264 587 330 CAPUT
611 266 704 334 1-4.
996 263 1055 328 187

94 444 137 501 VI
159 436 232 502 Kal.
255 437 323 502 Ian.
346 445 378 501 et
399 436 537 522 reliquas
552 459 652 501 naves
668 437 773 500 statim
796 445 845 500 cst
859 444 1057 504 consecutus·

92 523 144 588 Ita
164 531 261 587 vento
283 531 369 588 certo
400 521 559 609 celerique
586 523 714 608 navigio
740 533 851 587 vectus
880 530 952 607 post
974 520 1058 584 diem

114 616 243 672 uartum
271 609 343 672 cum
372 605 475 692 longis
503 609 615 692 paucis
643 606 776 672 navibus
797 609 832 670 in
854 615 1058 692 conspectum

156 695 223 757 'cae
255 695 359 756 venit:
393 715 530 780 namque
567 694 730 759 onerariae
761 693 905 779 reliquae
931 700 1059 777 praeter

90 799 212 864 paucas
226 787 322 842 vento
338 777 501 864 dispersae
523 788 617 864 atque
634 777 830 843 errabundae
845 778 972 843 diversa
986 775 1057 841 loca

90 865 262 949 petierunt.
286 862 441 949 Clupeam
463 863 565 928 classe
591 865 855 949 praetervehitur,
879 863 954 926 dein
974 861 1058 926 Nea·

90 947 208 1097 polim3
239 949 402 1034 complura
430 959 596 1034 praeterea
624 948 756 1014 castella
785 959 816 1014 et
845 949 964 1035 oppida
992 968 1057 1011 non

107 1055 191 1120 ongo
213 1055 233 1096 a
254 1035 334 1098 mari
355 1032 494 1120 reliquit.

158 1122 188 1182 3.
210 1118 382 1203 Postquam
404 1119 615 1186 Adrumetum
630 1121 773 1202 accessit,
788 1120 843 1185 ubi
864 1117 1058 1205 praesidium

91 1213 165 1268 erat
185 1203 450 1287 adversariorum,
475 1207 525 1268 cui
553 1216 700 1291 praeerat
722 1204 759 1269 C.
783 1203 962 1286 Considius,
986 1212 1059 1266 eta

93 1286 225 1375 Clupeis
262 1289 436 1354 secundum
471 1311 558 1354 oram
590 1291 782 1355 maritimam
816 1313 888 1356 cum
917 1289 1058 1374 equitatu

93 1373 325 1456 [Adrumetum]
351 1374 410 1440 Cn.
426 1375 501 1439 Piso
517 1397 589 1440 curn
607 1375 791 1442 Maurorum
806 1377 932 1441 circiter
953 1372 1056 1438 tribua

91 1458 221 1524 milibus
250 1462 406 1546 apparuit,
427 1461 473 1525 ibi
494 1461 657 1546 paulisper
678 1462 799 1528 Caesar
825 1471 898 1526 ante
930 1467 1056 1544 portum

93 1554 313 1629 commoratus,
330 1545 405 1610 dum
419 1547 562 1632 reliquae
576 1569 676 1614 naves
693 1549 906 1627 convenirent,
929 1567 969 1610 ex
992 1544 1059 1609 onit

93 1631 278 1713 exercitum,
303 1631 392 1696 cuius
407 1653 557 1696 numerus
579 1634 613 1696 in
634 1633 815 1719 praesentia
835 1632 894 1696 fuit
915 1653 956 1716 pe
981 1631 1058 1692 'tum

92 1722 130 1777 111
151 1714 248 1798 milia,
273 1719 395 1803 equites
418 1724 468 1799 Gt,
493 1719 668 1805 castrisque
684 1728 758 1782 ante
773 1717 923 1804 oppidum
945 1715 1057 1801 positia

6 1839 7 1860 2
92 1801 163 1864 sine
184 1802 300 1865 iniuria
321 1803 506 1890 cuiusquam
529 1804 673 1868 consedit
694 1803 883 1889 cohibetque
906 1822 1016 1866 omnes
1038 1821 1059 1862 a

94 1885 224 1972 praeda.
255 1887 416 1973 Oppidani
444 1890 570 1954 interim
597 1911 706 1954 muros
736 1891 866 1953 armatis
888 1884 1056 1972 complent,

93 1981 168 2035 ante
182 1981 305 2057 portam
319 1973 499 2059 frequentes
515 1975 683 2040 considunt
697 1975 738 2038 ad
754 1997 788 2038 se
809 1971 1057 2051 defendendum,

93 2077 228 2141 quorum
242 2080 392 2123 numerus
408 2059 542 2124 duarum
557 2060 717 2146 legionum
731 2061 831 2124 instar
846 2069 922 2124 erat.
937 2056 1058 2122 Caesar

93 2143 213 2206 circum
235 2144 385 2228 oppidum
402 2156 518 2210 uectus
547 2159 662 2211 natura
690 2146 753 2210 loci
773 2153 942 2232 perspecta
963 2141 1058 2206 rediit

7 2255 8 2292 t
94 2227 129 2290 in
161 2238 274 2292 castra.
307 2231 472 2294 Nonnemo
510 2231 621 2317 culpae
659 2233 728 2296 eius
763 2230 1057 2316 imprudentiaeque
1144 2291 1147 2303 ,

94 2312 286 2397 assignabat,
311 2315 396 2402 quod
417 2338 521 2402 neque
537 2327 658 2383 certum
671 2317 776 2381 locum
791 2312 1057 2403 gubernatoribus

8 2431 10 2468 t
92 2398 333 2485 praefectisque,
357 2421 451 2486 quem
472 2411 626 2486 peterent,
648 2412 866 2488 praeceperat,
889 2421 1002 2486 neque,
1022 2407 1058 2461 ut

94 2503 181 2546 more
192 2485 290 2568 ipsius
302 2486 496 2552 consuetudo
509 2487 725 2574 superioribus
736 2486 930 2573 temporibus
944 2486 1056 2564 fuerat,

8 2605 11 2638 t
94 2567 228 2632 tabellas
251 2573 392 2654 signatas
414 2572 605 2656 dederatut
626 2576 822 2660 intempore
844 2573 893 2637 his
908 2569 1057 2658 perlectis

9 2697 10 2708 η
95 2651 198 2717 locum
222 2667 342 2720 certum
363 2668 510 2743 peterent
536 2663 688 2724 universi.
711 2659 804 2740 Quod
825 2661 954 2724 minime
977 2654 1057 2718 Cae·

96 2757 200 2802 amem
221 2740 383 2807 fefellerat.
405 2743 549 2831 Namque
564 2745 686 2810 nullum
706 2756 832 2831 portum
853 2754 958 2808 terrae
973 2739 1057 2804 Afri-

9 2857 11 2914 q
96 2844 162 2904 cae,
196 2847 257 2911 quo
287 2827 405 2894 classes
438 2828 652 2912 decurrerent,
682 2853 740 2917 pro
770 2838 856 2895 certo
885 2838 987 2892 tutum
1016 2822 1056 2888 ab

10 2943 11 2946 =
95 2907 232 2974 hostium
253 2914 411 2998 praesidio
433 2915 501 2979 lore
523 2917 754 3002 suspicabatur,
772 2916 830 2980 sed
850 2915 978 2978 fortuito
1001 2909 1056 2974 ob·

10 3029 11 3066 t
95 2992 192 3060 latam
214 3001 413 3064 occasionem
436 3023 585 3086 egressus
608 3001 836 3088 aucupabatur.

10 3119 11 3150 t
157 3081 189 3144 4.
210 3081 248 3145 L.
260 3083 398 3150 Plancus
420 3088 546 3150 interim
568 3087 690 3174 legatus
713 3088 825 3174 petita
845 3083 994 3164 Caesare,
1010 3087 1057 3150 uti

96 3165 156 3230 eibi
178 3167 267 3233 daret
287 3181 475 3257 potestatem
498 3195 569 3236 cum
586 3174 736 3238 Considio
760 3195 779 3235 a
802 3173 884 3254 endi,
908 3175 935 3236 si
948 3180 1057 3258 posset

98 3251 203 3338 aliqua
224 3258 348 3322 ratione
369 3259 502 3345 perduci
525 3259 566 3322 ad
582 3261 757 3324 sanitatem.
779 3195 892 3344 ltaque
914 3258 989 3322 data
1010 3258 1056 3322 fa·

11 3375 12 3408 t
98 3337 213 3404 cultata
241 3341 363 3407 litteras
393 3343 563 3408 conscribit
592 3355 623 3408 et
653 3367 707 3411 aaa
730 3345 854 3428 captivo
877 3345 932 3410 dat
949 3342 1055 3492 perse·

11 3471 12 3480 ,
98 3423 210 3490 rendae
238 3430 272 3492 in
301 3431 451 3516 oppidum
481 3431 522 3495 ad
551 3430 746 3497 Considium.
770 3428 842 3506 Quo
867 3433 948 3495 rimu
961 3438 1056 3513 atque

99 3515 239 3597 captivus
261 3537 358 3602 quum
379 3519 579 3602 pervenisset
607 3515 798 3603 litterasque,
821 3523 857 3578 ut
878 3525 946 3582 erat
967 3535 1055 3577 man·
