2562 3970
187 265 207 330 2

471 266 532 328 ΒΕ
554 265 697 330 BELLO
721 265 853 331 CIVILI

226 437 315 488 liretur
333 455 349 488 a
365 437 490 488 militibus
508 439 651 489 custoditur
669 456 690 490 e.
711 442 750 490 19.
770 443 818 501 203
847 440 879 489 de
901 442 1028 494 trudendo
1047 446 1145 510 oppido

222 509 309 574 agitur
327 523 347 556 c.
367 509 407 558 21.
427 508 468 569 22,
496 523 547 571 quo
574 507 643 558 iacto
672 509 769 560 Caesar
793 509 872 558 duces
896 513 1013 576 captivos
1033 513 1144 574 dimittit,

221 576 315 626 milites
335 580 494 626 sacramento
513 575 603 641 adigit,
621 577 649 626 in
663 576 784 642 Apuliam
801 576 975 642 proficiscitur
994 596 1015 628 c.
1033 583 1075 630 23.
1095 582 1145 632 His

222 643 300 694 rebus
319 645 429 710 cognitis
447 645 586 709 Pompeius
609 645 776 696 Brundisium
802 645 918 711 confugit
939 648 1027 713 ibique
1046 665 1061 698 a
1079 650 1145 700 Cae-

223 727 281 763 sare
309 713 432 762 obsessus
460 727 481 761 c.
510 714 551 764 24,
581 715 623 775 25,
651 714 810 778 colloquium
842 729 899 764 cum
923 731 955 766 eo
989 723 1090 767 recusat
1120 734 1142 767 c.

221 783 262 843 26,
289 781 460 845 Dyrrachium
487 781 597 830 elabitur
625 797 646 832 e.
666 785 706 832 27.
735 783 885 832 Brundisini
912 783 1050 834 Caesarem
1076 787 1145 836 intra

221 850 323 902 moenia
339 850 466 918 recipiunt
483 865 504 898 o.
518 851 558 902 28.
572 849 676 901 Omisro
694 852 844 916 Pompeium
861 851 1014 916 insequendi
1032 854 1143 904 consilio

221 921 317 970 Cacsar
333 921 473 986 Hispanias
492 918 541 970 sibi
559 919 697 970 conciliare
716 921 817 981 statuit;
836 919 981 970 Sardiniam
998 936 1045 986 per
1063 923 1143 972 Vale-

220 990 286 1038 rium
304 989 426 1054 legatum,
446 989 560 1039 Siciliam
578 1005 624 1054 per
643 987 779 1039 Cumonem
797 989 889 1053 recipit
906 1003 927 1058 c.
941 991 981 1038 29.
995 991 1036 1038 30.
1056 990 1142 1042 Tube·

221 1059 286 1118 roni,
304 1057 416 1108 Africam
433 1059 593 1122 provinciam
611 1059 711 1120 sortito,
729 1059 815 1110 Varus
833 1059 931 1108 resistit
946 1073 971 1106 e.
985 1060 1027 1108 31.
1046 1058 1143 1108 Caesar

219 1127 317 1176 Romae
335 1125 434 1190 aliquot
452 1125 506 1176 dies
533 1133 713 1188 commoratus,
740 1141 818 1192 quum
841 1125 937 1176 frustra
954 1127 981 1176 in
1000 1132 1092 1176 senatu
1110 1126 1143 1177 de

220 1210 284 1259 pace
301 1195 481 1259 componenda
499 1194 582 1259 deque
601 1194 694 1260 legatis
712 1194 746 1244 ad
758 1195 908 1259 Pompeium
926 1193 1056 1244 mittendis
1075 1195 1143 1260 egis-

223 1267 269 1324 set,
288 1264 315 1311 in
333 1263 447 1330 Calliam
461 1263 610 1314 ulteriorem
627 1263 760 1314 contendit
777 1278 797 1312 c.
817 1264 859 1313 32.
877 1264 919 1314 33.
938 1263 1046 1313 Domitii
1064 1279 1143 1314 suasu

221 1332 401 1382 Massilienses
429 1332 536 1382 Caesari
561 1338 649 1397 portas
677 1331 801 1381 claudunt
818 1347 840 1380 c.
866 1333 914 1392 343
939 1331 1036 1382 fnrstra
1062 1347 1107 1382 eos
1126 1349 1143 1382 a

220 1399 289 1449 bello
309 1400 457 1450 dehortatus
476 1415 497 1452 c.
516 1402 557 1462 35,
582 1401 679 1450 Caesar
703 1400 731 1450 C.
757 1399 914 1450 Trebonium
937 1405 964 1450 et
980 1400 1014 1449 D.
1033 1400 1142 1449 Brutum

220 1467 364 1518 Massiliam
381 1474 450 1520 terra
466 1470 581 1534 marique
600 1484 751 1536 oppugnare
768 1468 840 1518 iubet
859 1483 881 1517 e.
899 1469 945 1529 36;
963 1469 1020 1533 ipse
1033 1483 1143 1532 oocupa-

221 1538 254 1586 tis
278 1552 325 1602 per
347 1537 457 1588 Fabium
480 1539 620 1602 Pyrenaeis
645 1537 754 1588 saltibus
772 1553 795 1587 c,
814 1539 847 1586 37
865 1538 893 1586 in
910 1537 1063 1601 Hispaniam
1081 1551 1142 1585 con-

218 1606 308 1668 tendit,
328 1622 404 1671 quam
422 1606 573 1656 obtinebant
589 1607 698 1670 Pompei
721 1605 801 1670 legati
825 1605 947 1655 Afranius
971 1610 997 1653 ct
1023 1605 1143 1654 Petreius

220 1691 241 1726 e.
258 1677 300 1726 38.
321 1673 422 1740 Copiae
437 1691 504 1739 quae
520 1674 693 1740 Pompeianis,
713 1689 778 1738 quae
797 1673 904 1731 Caesari
921 1673 1017 1724 moriat
1027 1672 1143 1722 indican-

219 1750 261 1792 tur
273 1759 294 1794 c.
315 1745 356 1795 39.
381 1743 421 1793 Ad
446 1743 554 1793 Sicorim
577 1745 672 1797 flumen
698 1758 780 1807 prope
808 1743 931 1808 oppidum
954 1741 1068 1792 Ilerdam
1084 1741 1143 1806 pln-

219 1812 291 1862 ribus
309 1811 417 1876 proeliis
435 1817 547 1862 cernua
566 1827 587 1862 c.
606 1813 716 1860 ‹to-47.
745 1810 896 1862 Caesariani
923 1825 1047 1875 aquarum
1068 1811 1143 1860 inun-

221 1881 325 1931 datione
343 1897 359 1930 a
377 1881 561 1930 commeatibus
584 1879 707 1944 prohibiti
726 1894 923 1946 magnatorum
939 1878 1143 1930 necessariarum

218 1950 308 2014 inopia
332 1951 511 2000 conflictantur
528 1964 550 1998 c.
568 1949 678 2008 48-62,
709 1964 788 2012 quare
815 1949 1031 2014 Pompeianorum
1056 1951 1143 2012 partes

219 2017 360 2080 firmantur,
388 2018 421 2068 de
445 2018 555 2068 victoria
581 2017 631 2067 sibi
650 2016 812 2082 gratulantur
835 2033 856 2066 e
875 2019 917 2066 53.
953 2015 1007 2066 Sed
1033 2015 1143 2066 navibus

219 2087 374 2151 comparatis
393 2086 491 2138 Caesar
517 2084 608 2150 copias
634 2086 729 2136 flumen
751 2086 909 2147 transmittit,
932 2089 958 2134 st
976 2085 1043 2136 colle
1067 2099 1144 2134 occu-

218 2160 279 2219 pato
309 2155 432 2219 adituque
459 2154 643 2206 commeatibus
670 2153 799 2218 patefacto
825 2169 880 2203 rem
910 2153 1020 2204 feliciter
1052 2167 1144 2218 gerere

218 2225 303 2288 coepit
321 2239 342 2272 c.
360 2225 402 2274 54.
420 2224 461 2272 55.
480 2223 583 2272 Interea
600 2223 779 2274 Massilienses
796 2222 896 2286 proelio
914 2221 1004 2272 navali
1021 2236 1143 2286 superan-

217 2295 259 2340 tur
277 2307 298 2342 c.
318 2293 427 2353 56-68,
451 2307 502 2356 qua
519 2307 547 2341 re
565 2291 599 2344 ad
616 2290 729 2340 ilerdam
751 2291 869 2341 nuntiata
891 2290 1010 2340 fortunae
1028 2290 1057 2340 tit
1075 2305 1143 2340 com·

220 2361 329 2411 mutatio
348 2376 369 2410 o.
389 2362 430 2410 59.
448 2359 581 2410 Deficiunt
598 2360 631 2410 ab
649 2359 756 2410 Afranio
775 2359 875 2423 aliquot
890 2359 1034 2424 Hispaniae
1052 2357 1143 2423 populi

220 2427 408 2494 Caesaremque
425 2429 552 2478 immento
571 2433 596 2478 et
612 2429 734 2478 iumentis
747 2427 872 2478 adiuvant
884 2442 905 2477 o.
919 2429 959 2477 60.
978 2427 1038 2478 Jam
1047 2427 1144 2478 Caesar

219 2497 316 2548 Sicoris
342 2503 416 2563 parte
442 2513 537 2547 aversa
562 2496 696 2546 Afranium
723 2499 748 2546 et
774 2496 904 2546 Petreium
929 2501 1010 2546 terret
1036 2509 1141 2559 eosque,

164 2601 172 2612 ,
219 2581 299 2629 quum
328 2566 426 2617 bellum
454 2567 482 2614 in
512 2564 677 2616 Celtiberiam
706 2564 858 2615 translaturi
888 2564 953 2614 locis
979 2563 1142 2624 excederent,

219 2649 318 2685 summa
343 2635 454 2686 militum
480 2634 645 2684 contentione
668 2634 822 2684 subsecutus
846 2633 938 2682 itinero
954 2630 1102 2682 intercludit
1120 2647 1143 2680 c.

218 2704 327 2754 61-70.
347 2702 475 2752 Militibus
487 2702 615 2767 proelium
625 2702 818 2767 postulantibus
831 2701 928 2752 Caesar
939 2701 1049 2766 obsequi
1058 2699 1145 2750 noluit

219 2787 337 2836 sperans,
356 2773 413 2822 sine
430 2771 532 2836 proelio
549 2785 604 2820 rem
622 2787 650 2822 se
668 2786 727 2820 esse
745 2770 921 2820 confecturum
938 2785 960 2819 c.
975 2771 1015 2822 71.
1035 2770 1076 2819 72.
1094 2768 1145 2818 Pe·

218 2841 284 2890 treio
303 2845 330 2890 et
346 2839 454 2890 Afranio
473 2840 561 2904 operis
578 2839 731 2890 instituendi
748 2853 828 2888 eausa
845 2853 877 2888 ex
894 2839 986 2889 castris
998 2837 1145 2904 progressis

218 2908 314 2959 milites
341 2924 400 2958 cum
426 2907 591 2958 Caesarianis
619 2908 651 2958 de
678 2907 809 2956 deditione
835 2911 948 2972 agunto
975 2908 1015 2956 73.
1034 2908 1074 2956 74.
1093 2905 1145 2954 Re-

217 2991 325 3042 gressus
348 2978 377 3026 in
400 2981 486 3028 castre
512 2977 630 3026 Petreius
657 2975 789 3040 colloquia
814 2975 983 3040 internmrpit,
1010 2973 1145 3026 Caesaria-

217 3045 608 3164 llltliiinliiffllll·
622 3043 763 3162 Cillis
785 3041 1146 3162 vindieiiiliilditid

216 3183 326 3247 poianos
344 3181 433 3234 salvos
452 3182 556 3231 dimittit
574 3129 655 3232 culli
671 3181 767 3264 inopia
784 3181 868 3230 coacti
885 3179 1038 3246 Pompeiani
1057 3183 1145 3232 castra

218 3249 333 3301 Ilerdam
350 3266 445 3302 versus
471 3255 589 3310 movent,
615 3265 643 3298 m
669 3255 762 3300 itinere
788 3265 805 3298 a
832 3248 945 3298 Caesare
971 3247 1145 3308 lacessuntur,

217 3317 328 3384 denique
346 3319 381 3370 ad
398 3318 554 3370 deditionem
571 3323 699 3382 coguntur
716 3333 738 3368 c.
758 3317 865 3368 78-86,
884 3316 1003 3368 Ducibus
1015 3321 1044 3366 ut
1060 3316 1144 3366 libere
1165 3316 1167 3324 '

220 3401 253 3435 ex
270 3387 401 3452 Hispania
419 3386 545 3438 excedant
562 3386 721 3447 conceditur,
740 3387 868 3436 exercitus
886 3401 947 3452 pars
966 3386 1060 3448 statim,
1079 3401 1145 3452 pars

219 3453 253 3504 ed
269 3455 364 3506 flumen
382 3456 480 3508 Varum
499 3454 632 3506 dimittitur
650 3471 672 3506 c.
691 3455 731 3503 86.
750 3455 791 3504 87.

590 3579 731 3588 w...
