<?xml version="1.0" encoding="UTF-8"?>
<!DOCTYPE html PUBLIC "-//W3C//DTD XHTML 1.0 Transitional//EN"
    "http://www.w3.org/TR/xhtml1/DTD/xhtml1-transitional.dtd">
<html xmlns="http://www.w3.org/1999/xhtml" xml:lang="en" lang="en">
 <head>
  <title>
</title>
<meta http-equiv="Content-Type" content="text/html;charset=utf-8" />
  <meta name='ocr-system' content='tesseract 3.04.00' />
  <meta name='ocr-capabilities' content='ocr_page ocr_carea ocr_par ocr_line ocrx_word'/>
</head>
<body>
  <div class='ocr_page' id='page_1' title='image "./ciuliicaesarisc01hirtgoog_0517.png"; bbox 0 0 2490 3974; ppageno 0'>
   <div class='ocr_carea' id='block_1_1' title="bbox 188 211 898 279">
    <p class='ocr_par' dir='ltr' id='par_1_1' title="bbox 188 211 898 279">
     <span class='ocr_line' id='line_1_1' title="bbox 188 211 898 279; baseline 0.004 -3"><span class='ocrx_word' id='word_1_1' title='bbox 188 211 251 278; x_wconf 81' lang='lat' dir='ltr'>tto</span> <span class='ocrx_word' id='word_1_2' title='bbox 447 211 577 276; x_wconf 81' lang='lat' dir='ltr'><strong>BELLI</strong></span> <span class='ocrx_word' id='word_1_3' title='bbox 598 211 898 279; x_wconf 80' lang='lat' dir='ltr'><strong>ALEXANDRINI</strong></span> 
     </span>
    </p>
   </div>
   <div class='ocr_carea' id='block_1_2' title="bbox 174 378 1157 896">
    <p class='ocr_par' dir='ltr' id='par_1_2' title="bbox 174 378 1157 896">
     <span class='ocr_line' id='line_1_2' title="bbox 178 378 1157 468; baseline -0.002 -19"><span class='ocrx_word' id='word_1_4' title='bbox 178 378 366 468; x_wconf 35' lang='lat' dir='ltr'>‚Cordubam</span> <span class='ocrx_word' id='word_1_5' title='bbox 398 384 508 468; x_wconf 87' lang='lat' dir='ltr'>positis</span> <span class='ocrx_word' id='word_1_6' title='bbox 540 405 599 468; x_wconf 91' lang='lat' dir='ltr'>pro</span> <span class='ocrx_word' id='word_1_7' title='bbox 633 385 783 449; x_wconf 81' lang='lat' dir='ltr'>concione</span> <span class='ocrx_word' id='word_1_8' title='bbox 815 382 967 450; x_wconf 84' lang='lat' dir='ltr'><strong>militibus</strong></span> <span class='ocrx_word' id='word_1_9' title='bbox 991 385 1157 468; x_wconf 70' lang='lat' dir='ltr'>,exponit</span> 
     </span>
     <span class='ocr_line' id='line_1_3' title="bbox 174 467 1157 556; baseline -0.001 -22"><span class='ocrx_word' id='word_1_10' title='bbox 174 491 262 556; x_wconf 15' lang='lat' dir='ltr'>,quas</span> <span class='ocrx_word' id='word_1_11' title='bbox 283 492 336 534; x_wconf 89' lang='lat' dir='ltr'>res</span> <span class='ocrx_word' id='word_1_12' title='bbox 360 467 508 534; x_wconf 79' lang='lat' dir='ltr'><strong>Caesaris</strong></span> <span class='ocrx_word' id='word_1_13' title='bbox 530 470 619 532; x_wconf 87' lang='lat' dir='ltr'>iussu</span> <span class='ocrx_word' id='word_1_14' title='bbox 634 491 745 554; x_wconf 80' lang='lat' dir='ltr'>gerere</span> <span class='ocrx_word' id='word_1_15' title='bbox 761 468 901 549; x_wconf 84' lang='lat' dir='ltr'>deberet,</span> <span class='ocrx_word' id='word_1_16' title='bbox 917 469 1157 555; x_wconf 79' lang='lat' dir='ltr'>polliceturque</span> 
     </span>
     <span class='ocr_line' id='line_1_4' title="bbox 182 553 1156 642; baseline -0.003 -21"><span class='ocrx_word' id='word_1_17' title='bbox 182 556 232 637; x_wconf 86' lang='lat' dir='ltr'>iis,</span> <span class='ocrx_word' id='word_1_18' title='bbox 256 577 353 642; x_wconf 91' lang='lat' dir='ltr'>quum</span> <span class='ocrx_word' id='word_1_19' title='bbox 374 557 408 618; x_wconf 93' lang='lat' dir='ltr'>in</span> <span class='ocrx_word' id='word_1_20' title='bbox 429 553 651 618; x_wconf 74' lang='lat' dir='ltr'><strong>Mauritaniam</strong></span> <span class='ocrx_word' id='word_1_21' title='bbox 674 555 857 636; x_wconf 88' lang='lat' dir='ltr'>traiecisset,</span> <span class='ocrx_word' id='word_1_22' title='bbox 889 557 1051 619; x_wconf 88' lang='lat' dir='ltr'>sestertios</span> <span class='ocrx_word' id='word_1_23' title='bbox 1076 576 1156 618; x_wconf 89' lang='lat' dir='ltr'>cen-</span> 
     </span>
     <span class='ocr_line' id='line_1_5' title="bbox 182 639 1153 724; baseline -0.002 -20"><span class='ocrx_word' id='word_1_24' title='bbox 182 649 274 704; x_wconf 90' lang='lat' dir='ltr'>tenos</span> <span class='ocrx_word' id='word_1_25' title='bbox 286 661 320 704; x_wconf 88' lang='lat' dir='ltr'>se</span> <span class='ocrx_word' id='word_1_26' title='bbox 336 640 497 722; x_wconf 72' lang='lat' dir='ltr'>daturum,</span> <span class='ocrx_word' id='word_1_27' title='bbox 519 642 660 724; x_wconf 86' lang='lat' dir='ltr'><strong>quintam</strong></span> <span class='ocrx_word' id='word_1_28' title='bbox 674 640 740 703; x_wconf 86' lang='lat' dir='ltr'>fore</span> <span class='ocrx_word' id='word_1_29' title='bbox 754 641 788 703; x_wconf 92' lang='lat' dir='ltr'>in</span> <span class='ocrx_word' id='word_1_30' title='bbox 803 640 960 723; x_wconf 84' lang='lat' dir='ltr'><strong>Hispania</strong></span> <span class='ocrx_word' id='word_1_31' title='bbox 974 639 1153 723; x_wconf 84' lang='lat' dir='ltr'>legionem.</span> 
     </span>
     <span class='ocr_line' id='line_1_6' title="bbox 181 722 1155 810; baseline -0.001 -22"><span class='ocrx_word' id='word_1_32' title='bbox 181 724 235 788; x_wconf 83' lang='lat' dir='ltr'>Ex</span> <span class='ocrx_word' id='word_1_33' title='bbox 263 726 415 790; x_wconf 87' lang='lat' dir='ltr'>concione</span> <span class='ocrx_word' id='word_1_34' title='bbox 445 746 479 788; x_wconf 88' lang='lat' dir='ltr'>se</span> <span class='ocrx_word' id='word_1_35' title='bbox 495 722 689 788; x_wconf 51' lang='lat' dir='ltr'>*Cordubam</span> <span class='ocrx_word' id='word_1_36' title='bbox 718 747 793 789; x_wconf 91' lang='lat' dir='ltr'>rece</span> <span class='ocrx_word' id='word_1_37' title='bbox 815 725 840 788; x_wconf 91' lang='lat' dir='ltr'>it</span> <span class='ocrx_word' id='word_1_38' title='bbox 869 746 969 810; x_wconf 90' lang='lat' dir='ltr'>eoque</span> <span class='ocrx_word' id='word_1_39' title='bbox 997 725 1068 810; x_wconf 88' lang='lat' dir='ltr'>ipso</span> <span class='ocrx_word' id='word_1_40' title='bbox 1097 725 1155 788; x_wconf 88' lang='lat' dir='ltr'>die</span> 
     </span>
     <span class='ocr_line' id='line_1_7' title="bbox 184 747 995 896; baseline -0.001 -22"><span class='ocrx_word' id='word_1_41' title='bbox 184 819 326 896; x_wconf 90' lang='lat' dir='ltr'>tempore</span> <span class='ocrx_word' id='word_1_42' title='bbox 348 810 603 896; x_wconf 89' lang='lat' dir='ltr'>postmeridiano,</span> <span class='ocrx_word' id='word_1_43' title='bbox 627 831 724 894; x_wconf 92' lang='lat' dir='ltr'>quum</span> <span class='ocrx_word' id='word_1_44' title='bbox 745 747 821 874; x_wconf 71' lang='lat' dir='ltr'>inl&gt;</span> <span class='ocrx_word' id='word_1_45' title='bbox 885 810 892 824; x_wconf 83' lang='grc'><strong><em>’</em></strong></span> <span class='ocrx_word' id='word_1_46' title='bbox 989 812 995 824; x_wconf 85' lang='grc'><strong>“</strong></span> 
     </span>
    </p>
   </div>
   <div class='ocr_carea' id='block_1_3' title="bbox 182 808 1156 3465">
    <p class='ocr_par' dir='ltr' id='par_1_3' title="bbox 182 808 1156 1920">
     <span class='ocr_line' id='line_1_8' title="bbox 824 808 1155 896; baseline 0.006 -24"><span class='ocrx_word' id='word_1_47' title='bbox 824 808 966 874; x_wconf 89' lang='lat' dir='ltr'>asihcam</span> <span class='ocrx_word' id='word_1_48' title='bbox 980 821 1056 891; x_wconf 78' lang='lat' dir='ltr'>uret,</span> <span class='ocrx_word' id='word_1_49' title='bbox 1082 812 1155 896; x_wconf 91' lang='lat' dir='ltr'>qui-</span> 
     </span>
     <span class='ocr_line' id='line_1_9' title="bbox 184 893 1155 980; baseline -0.001 -22"><span class='ocrx_word' id='word_1_50' title='bbox 184 895 257 959; x_wconf 87' lang='lat' dir='ltr'>dam</span> <span class='ocrx_word' id='word_1_51' title='bbox 279 895 436 959; x_wconf 82' lang='lat' dir='ltr'>Minucius</span> <span class='ocrx_word' id='word_1_52' title='bbox 459 893 535 976; x_wconf 86' lang='lat' dir='ltr'>Silo,</span> <span class='ocrx_word' id='word_1_53' title='bbox 560 895 658 958; x_wconf 88' lang='lat' dir='ltr'>cliens</span> <span class='ocrx_word' id='word_1_54' title='bbox 687 894 723 962; x_wconf 90' lang='lat' dir='ltr'>L.</span> <span class='ocrx_word' id='word_1_55' title='bbox 746 894 858 976; x_wconf 85' lang='lat' dir='ltr'>Racili,</span> <span class='ocrx_word' id='word_1_56' title='bbox 881 894 1032 976; x_wconf 90' lang='lat' dir='ltr'>libellum,</span> <span class='ocrx_word' id='word_1_57' title='bbox 1054 897 1155 980; x_wconf 87' lang='lat' dir='ltr'>quasi</span> 
     </span>
     <span class='ocr_line' id='line_1_10' title="bbox 184 980 1155 1066; baseline -0.001 -22"><span class='ocrx_word' id='word_1_58' title='bbox 184 980 304 1065; x_wconf 88' lang='lat' dir='ltr'>aliquid</span> <span class='ocrx_word' id='word_1_59' title='bbox 327 980 368 1044; x_wconf 91' lang='lat' dir='ltr'>ab</span> <span class='ocrx_word' id='word_1_60' title='bbox 391 1003 429 1044; x_wconf 89' lang='lat' dir='ltr'>eo</span> <span class='ocrx_word' id='word_1_61' title='bbox 451 980 638 1066; x_wconf 80' lang='lat' dir='ltr'>postularet,</span> <span class='ocrx_word' id='word_1_62' title='bbox 662 991 697 1044; x_wconf 91' lang='lat' dir='ltr'>ut</span> <span class='ocrx_word' id='word_1_63' title='bbox 711 980 802 1045; x_wconf 87' lang='lat' dir='ltr'>miles</span> <span class='ocrx_word' id='word_1_64' title='bbox 826 982 854 1043; x_wconf 92' lang='lat' dir='ltr'>ei</span> <span class='ocrx_word' id='word_1_65' title='bbox 876 981 1014 1061; x_wconf 87' lang='lat' dir='ltr'><strong>tradidit,</strong></span> <span class='ocrx_word' id='word_1_66' title='bbox 1031 980 1155 1044; x_wconf 90' lang='lat' dir='ltr'>deinde</span> 
     </span>
     <span class='ocr_line' id='line_1_11' title="bbox 183 1064 1153 1152; baseline -0.001 -23"><span class='ocrx_word' id='word_1_67' title='bbox 183 1080 255 1152; x_wconf 84' lang='lat' dir='ltr'>post</span> <span class='ocrx_word' id='word_1_68' title='bbox 287 1065 443 1128; x_wconf 88' lang='lat' dir='ltr'>Racilium</span> <span class='ocrx_word' id='word_1_69' title='bbox 477 1070 564 1144; x_wconf 90' lang='lat' dir='ltr'>(nam</span> <span class='ocrx_word' id='word_1_70' title='bbox 596 1067 624 1128; x_wconf 89' lang='lat' dir='ltr'>is</span> <span class='ocrx_word' id='word_1_71' title='bbox 647 1064 729 1130; x_wconf 88' lang='lat' dir='ltr'>latus</span> <span class='ocrx_word' id='word_1_72' title='bbox 758 1065 849 1130; x_wconf 75' lang='lat' dir='ltr'>(lassi</span> <span class='ocrx_word' id='word_1_73' title='bbox 875 1066 1026 1151; x_wconf 84' lang='lat' dir='ltr'>tegebat),</span> <span class='ocrx_word' id='word_1_74' title='bbox 1057 1068 1153 1151; x_wconf 86' lang='lat' dir='ltr'>quasi</span> 
     </span>
     <span class='ocr_line' id='line_1_12' title="bbox 182 1151 1152 1238; baseline -0.001 -23"><span class='ocrx_word' id='word_1_75' title='bbox 182 1173 369 1236; x_wconf 88' lang='lat' dir='ltr'>responsum</span> <span class='ocrx_word' id='word_1_76' title='bbox 392 1160 523 1236; x_wconf 88' lang='lat' dir='ltr'>peteret,</span> <span class='ocrx_word' id='word_1_77' title='bbox 553 1151 700 1214; x_wconf 88' lang='lat' dir='ltr'>celeriter</span> <span class='ocrx_word' id='word_1_78' title='bbox 728 1151 801 1217; x_wconf 88' lang='lat' dir='ltr'>dato</span> <span class='ocrx_word' id='word_1_79' title='bbox 829 1151 899 1215; x_wconf 90' lang='lat' dir='ltr'>loco</span> <span class='ocrx_word' id='word_1_80' title='bbox 928 1173 1024 1238; x_wconf 93' lang='lat' dir='ltr'>quum</span> <span class='ocrx_word' id='word_1_81' title='bbox 1046 1173 1082 1214; x_wconf 90' lang='lat' dir='ltr'>se</span> <span class='ocrx_word' id='word_1_82' title='bbox 1104 1152 1152 1214; x_wconf 92' lang='lat' dir='ltr'>in-</span> 
     </span>
     <span class='ocr_line' id='line_1_13' title="bbox 184 1236 1156 1323; baseline -0.002 -23"><span class='ocrx_word' id='word_1_83' title='bbox 184 1238 350 1317; x_wconf 84' lang='lat' dir='ltr'>sinuasset,</span> <span class='ocrx_word' id='word_1_84' title='bbox 374 1237 499 1300; x_wconf 89' lang='lat' dir='ltr'>sinistra</span> <span class='ocrx_word' id='word_1_85' title='bbox 521 1238 652 1322; x_wconf 87' lang='lat' dir='ltr'>corripit</span> <span class='ocrx_word' id='word_1_86' title='bbox 671 1259 799 1300; x_wconf 88' lang='lat' dir='ltr'>versum</span> <span class='ocrx_word' id='word_1_87' title='bbox 815 1237 990 1323; x_wconf 87' lang='lat' dir='ltr'>dextraque</span> <span class='ocrx_word' id='word_1_88' title='bbox 1012 1236 1062 1300; x_wconf 89' lang='lat' dir='ltr'>bis</span> <span class='ocrx_word' id='word_1_89' title='bbox 1077 1237 1156 1299; x_wconf 86' lang='lat' dir='ltr'>ferit</span> 
     </span>
     <span class='ocr_line' id='line_1_14' title="bbox 182 1320 1155 1412; baseline 0 -28"><span class='ocrx_word' id='word_1_90' title='bbox 182 1323 331 1408; x_wconf 87' lang='lat' dir='ltr'>pugione.</span> <span class='ocrx_word' id='word_1_91' title='bbox 362 1320 510 1386; x_wconf 80' lang='lat' dir='ltr'>Clamore</span> <span class='ocrx_word' id='word_1_92' title='bbox 540 1321 663 1386; x_wconf 88' lang='lat' dir='ltr'>sublato</span> <span class='ocrx_word' id='word_1_93' title='bbox 696 1321 732 1386; x_wconf 90' lang='lat' dir='ltr'>fit</span> <span class='ocrx_word' id='word_1_94' title='bbox 760 1345 779 1386; x_wconf 92' lang='lat' dir='ltr'>a</span> <span class='ocrx_word' id='word_1_95' title='bbox 804 1322 978 1412; x_wconf 72' lang='lat' dir='ltr'>&#39;coqiuratis</span> <span class='ocrx_word' id='word_1_96' title='bbox 1010 1325 1155 1406; x_wconf 90' lang='lat' dir='ltr'>impetus</span> 
     </span>
     <span class='ocr_line' id='line_1_15' title="bbox 183 1407 1155 1493; baseline 0.001 -23"><span class='ocrx_word' id='word_1_97' title='bbox 183 1407 351 1470; x_wconf 81' lang='lat' dir='ltr'>universis.</span> <span class='ocrx_word' id='word_1_98' title='bbox 373 1407 532 1470; x_wconf 86' lang='lat' dir='ltr'>Munatius</span> <span class='ocrx_word' id='word_1_99' title='bbox 552 1407 688 1472; x_wconf 83' lang='lat' dir='ltr'>Flaccus</span> <span class='ocrx_word' id='word_1_100' title='bbox 702 1409 883 1492; x_wconf 88' lang='lat' dir='ltr'>proximum</span> <span class='ocrx_word' id='word_1_101' title='bbox 906 1407 1011 1493; x_wconf 86' lang='lat' dir='ltr'>gladio</span> <span class='ocrx_word' id='word_1_102' title='bbox 1033 1408 1155 1471; x_wconf 89' lang='lat' dir='ltr'>traiicit</span> 
     </span>
     <span class='ocr_line' id='line_1_16' title="bbox 183 1491 1152 1580; baseline 0 -24"><span class='ocrx_word' id='word_1_103' title='bbox 183 1491 421 1574; x_wconf 86' lang='lat' dir='ltr'>lictorem;·hoo</span> <span class='ocrx_word' id='word_1_104' title='bbox 433 1492 599 1558; x_wconf 86' lang='lat' dir='ltr'>interfecto</span> <span class='ocrx_word' id='word_1_105' title='bbox 621 1493 659 1572; x_wconf 77' lang='lat' dir='ltr'>Q.</span> <span class='ocrx_word' id='word_1_106' title='bbox 677 1493 821 1558; x_wconf 82' lang='lat' dir='ltr'>Cassium</span> <span class='ocrx_word' id='word_1_107' title='bbox 837 1493 976 1580; x_wconf 85' lang='lat' dir='ltr'>legatum</span> <span class='ocrx_word' id='word_1_108' title='bbox 990 1491 1152 1556; x_wconf 87' lang='lat' dir='ltr'>vulnerat.</span> 
     </span>
     <span class='ocr_line' id='line_1_17' title="bbox 182 1576 1154 1663; baseline 0.002 -24"><span class='ocrx_word' id='word_1_109' title='bbox 182 1576 234 1640; x_wconf 80' lang='lat' dir='ltr'>lbi</span> <span class='ocrx_word' id='word_1_110' title='bbox 255 1577 292 1640; x_wconf 86' lang='grc' dir='ltr'>Τ.</span> <span class='ocrx_word' id='word_1_111' title='bbox 315 1577 431 1641; x_wconf 89' lang='lat' dir='ltr'>Vasius</span> <span class='ocrx_word' id='word_1_112' title='bbox 455 1587 486 1641; x_wconf 91' lang='lat' dir='ltr'>et</span> <span class='ocrx_word' id='word_1_113' title='bbox 499 1577 536 1641; x_wconf 89' lang='lat' dir='ltr'>L.</span> <span class='ocrx_word' id='word_1_114' title='bbox 559 1577 706 1663; x_wconf 89' lang='lat' dir='ltr'>Mergilio</span> <span class='ocrx_word' id='word_1_115' title='bbox 728 1579 823 1642; x_wconf 88' lang='lat' dir='ltr'>simili</span> <span class='ocrx_word' id='word_1_116' title='bbox 844 1578 1034 1643; x_wconf 88' lang='lat' dir='ltr'>confidentia</span> <span class='ocrx_word' id='word_1_117' title='bbox 1054 1577 1154 1641; x_wconf 81' lang='lat' dir='ltr'>Flac·</span> 
     </span>
     <span class='ocr_line' id='line_1_18' title="bbox 185 1663 1154 1745; baseline -0.001 -18"><span class='ocrx_word' id='word_1_118' title='bbox 185 1683 266 1744; x_wconf 88' lang='lat' dir='ltr'>oum,</span> <span class='ocrx_word' id='word_1_119' title='bbox 289 1665 408 1726; x_wconf 90' lang='lat' dir='ltr'>munici</span> <span class='ocrx_word' id='word_1_120' title='bbox 432 1685 482 1727; x_wconf 88' lang='lat' dir='ltr'>sm</span> <span class='ocrx_word' id='word_1_121' title='bbox 504 1686 604 1745; x_wconf 91' lang='lat' dir='ltr'>suum,</span> <span class='ocrx_word' id='word_1_122' title='bbox 623 1664 797 1729; x_wconf 86' lang='lat' dir='ltr'>adiuvant:</span> <span class='ocrx_word' id='word_1_123' title='bbox 821 1673 911 1729; x_wconf 87' lang='lat' dir='ltr'>erant</span> <span class='ocrx_word' id='word_1_124' title='bbox 933 1663 1015 1726; x_wconf 89' lang='lat' dir='ltr'>enim</span> <span class='ocrx_word' id='word_1_125' title='bbox 1039 1685 1154 1728; x_wconf 87' lang='lat' dir='ltr'>omnes</span> 
     </span>
     <span class='ocr_line' id='line_1_19' title="bbox 182 1687 1154 1834; baseline 0.003 -25"><span class='ocrx_word' id='word_1_126' title='bbox 182 1746 379 1813; x_wconf 81' lang='lat' dir='ltr'>italicenses.</span> <span class='ocrx_word' id='word_1_127' title='bbox 403 1687 455 1813; x_wconf 68' lang='lat' dir='ltr'>ld</span> <span class='ocrx_word' id='word_1_128' title='bbox 469 1751 574 1834; x_wconf 88' lang='lat' dir='ltr'>ipsum</span> <span class='ocrx_word' id='word_1_129' title='bbox 586 1749 768 1834; x_wconf 84' lang='lat' dir='ltr'>Longinum</span> <span class='ocrx_word' id='word_1_130' title='bbox 782 1750 819 1816; x_wconf 91' lang='lat' dir='ltr'>L.</span> <span class='ocrx_word' id='word_1_131' title='bbox 842 1749 983 1812; x_wconf 90' lang='lat' dir='ltr'>Licinius</span> <span class='ocrx_word' id='word_1_132' title='bbox 1006 1748 1154 1834; x_wconf 83' lang='lat' dir='ltr'>Squillus</span> 
     </span>
     <span class='ocr_line' id='line_1_20' title="bbox 183 1832 971 1920; baseline 0.001 -24"><span class='ocrx_word' id='word_1_133' title='bbox 183 1832 305 1897; x_wconf 87' lang='lat' dir='ltr'>involat</span> <span class='ocrx_word' id='word_1_134' title='bbox 326 1835 545 1920; x_wconf 90' lang='lat' dir='ltr'>iacentemque</span> <span class='ocrx_word' id='word_1_135' title='bbox 567 1834 692 1898; x_wconf 85' lang='lat' dir='ltr'>levibus</span> <span class='ocrx_word' id='word_1_136' title='bbox 715 1837 837 1900; x_wconf 89' lang='lat' dir='ltr'>sauciat</span> <span class='ocrx_word' id='word_1_137' title='bbox 857 1835 971 1920; x_wconf 80' lang='lat' dir='ltr'>plagis.</span> 
     </span>
    </p>

    <p class='ocr_par' dir='ltr' id='par_1_4' title="bbox 184 1918 1153 2406">
     <span class='ocr_line' id='line_1_21' title="bbox 248 1918 1152 1985; baseline 0.001 -4"><span class='ocrx_word' id='word_1_138' title='bbox 248 1919 300 1983; x_wconf 84' lang='lat'>53.</span> <span class='ocrx_word' id='word_1_139' title='bbox 324 1918 530 1983; x_wconf 81' lang='lat' dir='ltr'>Concurritur</span> <span class='ocrx_word' id='word_1_140' title='bbox 551 1920 592 1984; x_wconf 89' lang='lat' dir='ltr'>ad</span> <span class='ocrx_word' id='word_1_141' title='bbox 620 1920 766 1985; x_wconf 83' lang='lat' dir='ltr'>Cassium</span> <span class='ocrx_word' id='word_1_142' title='bbox 795 1920 1043 1985; x_wconf 84' lang='lat' dir='ltr'>defendendum:</span> <span class='ocrx_word' id='word_1_143' title='bbox 1067 1933 1152 1984; x_wconf 87' lang='lat' dir='ltr'>sem·</span> 
     </span>
     <span class='ocr_line' id='line_1_22' title="bbox 184 2004 1153 2092; baseline 0.002 -26"><span class='ocrx_word' id='word_1_144' title='bbox 184 2026 242 2089; x_wconf 90' lang='lat' dir='ltr'>per</span> <span class='ocrx_word' id='word_1_145' title='bbox 265 2005 349 2069; x_wconf 92' lang='lat' dir='ltr'>enim</span> <span class='ocrx_word' id='word_1_146' title='bbox 371 2004 513 2070; x_wconf 88' lang='lat' dir='ltr'>Berones</span> <span class='ocrx_word' id='word_1_147' title='bbox 541 2005 782 2092; x_wconf 84' lang='lat' dir='ltr'>compluresque</span> <span class='ocrx_word' id='word_1_148' title='bbox 811 2017 960 2072; x_wconf 86' lang='lat' dir='ltr'>evocatos</span> <span class='ocrx_word' id='word_1_149' title='bbox 983 2027 1055 2068; x_wconf 91' lang='lat' dir='ltr'>cum</span> <span class='ocrx_word' id='word_1_150' title='bbox 1077 2005 1153 2070; x_wconf 89' lang='lat' dir='ltr'>telis</span> 
     </span>
     <span class='ocr_line' id='line_1_23' title="bbox 185 2089 1153 2178; baseline 0.003 -26"><span class='ocrx_word' id='word_1_151' title='bbox 185 2111 294 2152; x_wconf 89' lang='lat' dir='ltr'>secum</span> <span class='ocrx_word' id='word_1_152' title='bbox 327 2089 444 2156; x_wconf 87' lang='lat' dir='ltr'>habere</span> <span class='ocrx_word' id='word_1_153' title='bbox 474 2101 649 2156; x_wconf 88' lang='lat' dir='ltr'>consuerat.</span> <span class='ocrx_word' id='word_1_154' title='bbox 677 2092 708 2155; x_wconf 91' lang='lat' dir='ltr'><strong>A</strong></span> <span class='ocrx_word' id='word_1_155' title='bbox 738 2093 852 2178; x_wconf 90' lang='lat' dir='ltr'>quibus</span> <span class='ocrx_word' id='word_1_156' title='bbox 881 2093 979 2157; x_wconf 89' lang='lat' dir='ltr'>ceteri</span> <span class='ocrx_word' id='word_1_157' title='bbox 999 2091 1153 2155; x_wconf 89' lang='lat' dir='ltr'>interclu-</span> 
     </span>
     <span class='ocr_line' id='line_1_24' title="bbox 185 2173 1152 2262; baseline 0.003 -25"><span class='ocrx_word' id='word_1_158' title='bbox 185 2173 313 2257; x_wconf 88' lang='lat' dir='ltr'>duntur,</span> <span class='ocrx_word' id='word_1_159' title='bbox 343 2177 397 2261; x_wconf 92' lang='lat' dir='ltr'>qui</span> <span class='ocrx_word' id='word_1_160' title='bbox 427 2176 468 2240; x_wconf 91' lang='lat' dir='ltr'>ad</span> <span class='ocrx_word' id='word_1_161' title='bbox 496 2177 627 2241; x_wconf 90' lang='lat' dir='ltr'>caedem</span> <span class='ocrx_word' id='word_1_162' title='bbox 656 2178 835 2242; x_wconf 83' lang='lat' dir='ltr'>faciendam</span> <span class='ocrx_word' id='word_1_163' title='bbox 857 2176 1152 2262; x_wconf 82' lang='lat' dir='ltr'>subsequebantur3</span> 
     </span>
     <span class='ocr_line' id='line_1_25' title="bbox 185 2261 1152 2406; baseline 0.005 -85"><span class='ocrx_word' id='word_1_164' title='bbox 185 2280 247 2406; x_wconf 78' lang='lat' dir='ltr'>quo</span> <span class='ocrx_word' id='word_1_165' title='bbox 269 2262 302 2322; x_wconf 90' lang='lat' dir='ltr'>in</span> <span class='ocrx_word' id='word_1_166' title='bbox 324 2281 457 2324; x_wconf 90' lang='lat' dir='ltr'>numero</span> <span class='ocrx_word' id='word_1_167' title='bbox 472 2263 529 2325; x_wconf 84' lang='lat' dir='ltr'>fuit</span> <span class='ocrx_word' id='word_1_168' title='bbox 549 2261 740 2348; x_wconf 80' lang='lat' dir='ltr'>Calpurnius</span> <span class='ocrx_word' id='word_1_169' title='bbox 762 2265 932 2328; x_wconf 86' lang='lat' dir='ltr'>Salvianus</span> <span class='ocrx_word' id='word_1_170' title='bbox 955 2272 987 2327; x_wconf 93' lang='lat' dir='ltr'>et</span> <span class='ocrx_word' id='word_1_171' title='bbox 1000 2262 1152 2326; x_wconf 88' lang='lat' dir='ltr'>Manilius</span> 
     </span>
    </p>

    <p class='ocr_par' dir='ltr' id='par_1_5' title="bbox 184 2345 1156 3465">
     <span class='ocr_line' id='line_1_26' title="bbox 214 2345 1152 2434; baseline 0.004 -28"><span class='ocrx_word' id='word_1_172' title='bbox 214 2345 351 2408; x_wconf 90' lang='lat' dir='ltr'>usculus.</span> <span class='ocrx_word' id='word_1_173' title='bbox 374 2346 531 2411; x_wconf 88' lang='lat' dir='ltr'>Minucius</span> <span class='ocrx_word' id='word_1_174' title='bbox 558 2350 641 2413; x_wconf 89' lang='lat' dir='ltr'>inter</span> <span class='ocrx_word' id='word_1_175' title='bbox 664 2371 750 2431; x_wconf 85' lang='lat' dir='ltr'>saxa,</span> <span class='ocrx_word' id='word_1_176' title='bbox 775 2372 855 2434; x_wconf 90' lang='lat' dir='ltr'>quae</span> <span class='ocrx_word' id='word_1_177' title='bbox 877 2349 1025 2413; x_wconf 89' lang='lat' dir='ltr'>iacebant</span> <span class='ocrx_word' id='word_1_178' title='bbox 1045 2349 1079 2410; x_wconf 91' lang='lat' dir='ltr'>in</span> <span class='ocrx_word' id='word_1_179' title='bbox 1100 2348 1152 2410; x_wconf 81' lang='lat' dir='ltr'>in·-</span> 
     </span>
     <span class='ocr_line' id='line_1_27' title="bbox 185 2431 1152 2518; baseline 0.005 -26"><span class='ocrx_word' id='word_1_180' title='bbox 185 2450 271 2510; x_wconf 89' lang='lat' dir='ltr'>nere,</span> <span class='ocrx_word' id='word_1_181' title='bbox 294 2431 419 2514; x_wconf 87' lang='lat' dir='ltr'>fugiens</span> <span class='ocrx_word' id='word_1_182' title='bbox 443 2435 628 2518; x_wconf 88' lang='lat' dir='ltr'>opprimitur</span> <span class='ocrx_word' id='word_1_183' title='bbox 651 2445 682 2500; x_wconf 91' lang='lat' dir='ltr'>et</span> <span class='ocrx_word' id='word_1_184' title='bbox 702 2435 804 2500; x_wconf 89' lang='lat' dir='ltr'>relato</span> <span class='ocrx_word' id='word_1_185' title='bbox 827 2435 956 2500; x_wconf 90' lang='lat' dir='ltr'>domum</span> <span class='ocrx_word' id='word_1_186' title='bbox 978 2433 1090 2498; x_wconf 77' lang='lat' dir='ltr'>Cassio</span> <span class='ocrx_word' id='word_1_187' title='bbox 1107 2433 1152 2497; x_wconf 83' lang='lat' dir='ltr'>ad</span> 
     </span>
     <span class='ocr_line' id='line_1_28' title="bbox 186 2517 1152 2606; baseline 0.003 -28"><span class='ocrx_word' id='word_1_188' title='bbox 186 2535 272 2578; x_wconf 50' lang='lat' dir='ltr'>eum¹</span> <span class='ocrx_word' id='word_1_189' title='bbox 291 2517 464 2581; x_wconf 87' lang='lat' dir='ltr'>deducitur.</span> <span class='ocrx_word' id='word_1_190' title='bbox 497 2519 637 2583; x_wconf 87' lang='lat' dir='ltr'>Racilius</span> <span class='ocrx_word' id='word_1_191' title='bbox 669 2523 703 2585; x_wconf 91' lang='lat' dir='ltr'>in</span> <span class='ocrx_word' id='word_1_192' title='bbox 739 2523 916 2606; x_wconf 88' lang='lat' dir='ltr'>proximam</span> <span class='ocrx_word' id='word_1_193' title='bbox 950 2541 985 2584; x_wconf 90' lang='lat' dir='ltr'>se</span> <span class='ocrx_word' id='word_1_194' title='bbox 1021 2519 1152 2582; x_wconf 90' lang='lat' dir='ltr'>domum</span> 
     </span>
     <span class='ocr_line' id='line_1_29' title="bbox 185 2599 1153 2691; baseline 0.006 -29"><span class='ocrx_word' id='word_1_195' title='bbox 185 2599 347 2665; x_wconf 86' lang='lat' dir='ltr'>familiaris</span> <span class='ocrx_word' id='word_1_196' title='bbox 371 2603 420 2666; x_wconf 90' lang='lat' dir='ltr'>sui</span> <span class='ocrx_word' id='word_1_197' title='bbox 442 2605 570 2688; x_wconf 88' lang='lat' dir='ltr'>confert,</span> <span class='ocrx_word' id='word_1_198' title='bbox 594 2605 670 2669; x_wconf 91' lang='lat' dir='ltr'>dum</span> <span class='ocrx_word' id='word_1_199' title='bbox 693 2617 813 2671; x_wconf 86' lang='lat' dir='ltr'>certum</span> <span class='ocrx_word' id='word_1_200' title='bbox 836 2615 1052 2691; x_wconf 85' lang='lat' dir='ltr'>cognosceret,</span> <span class='ocrx_word' id='word_1_201' title='bbox 1075 2625 1153 2668; x_wconf 90' lang='lat' dir='ltr'>con·</span> 
     </span>
     <span class='ocr_line' id='line_1_30' title="bbox 185 2685 1154 2777; baseline 0.007 -29"><span class='ocrx_word' id='word_1_202' title='bbox 185 2685 329 2751; x_wconf 86' lang='lat' dir='ltr'>fectusne</span> <span class='ocrx_word' id='word_1_203' title='bbox 357 2687 486 2753; x_wconf 82' lang='lat' dir='ltr'>Cassius</span> <span class='ocrx_word' id='word_1_204' title='bbox 515 2700 608 2754; x_wconf 87' lang='lat' dir='ltr'>esset.</span> <span class='ocrx_word' id='word_1_205' title='bbox 630 2692 668 2755; x_wconf 92' lang='lat' dir='ltr'>L.</span> <span class='ocrx_word' id='word_1_206' title='bbox 696 2693 888 2774; x_wconf 86' lang='lat' dir='ltr'>Laterensis,</span> <span class='ocrx_word' id='word_1_207' title='bbox 912 2713 1009 2777; x_wconf 90' lang='lat' dir='ltr'>quum</span> <span class='ocrx_word' id='word_1_208' title='bbox 1030 2689 1064 2753; x_wconf 92' lang='lat' dir='ltr'>id</span> <span class='ocrx_word' id='word_1_209' title='bbox 1085 2711 1154 2755; x_wconf 92' lang='lat' dir='ltr'>non</span> 
     </span>
     <span class='ocr_line' id='line_1_31' title="bbox 186 2770 1153 2862; baseline 0.004 -28"><span class='ocrx_word' id='word_1_210' title='bbox 186 2770 352 2855; x_wconf 88' lang='lat' dir='ltr'>dubitaret,</span> <span class='ocrx_word' id='word_1_211' title='bbox 375 2778 512 2839; x_wconf 85' lang='lat' dir='ltr'>accurrit</span> <span class='ocrx_word' id='word_1_212' title='bbox 532 2775 634 2841; x_wconf 89' lang='lat' dir='ltr'>laetus</span> <span class='ocrx_word' id='word_1_213' title='bbox 656 2779 690 2842; x_wconf 91' lang='lat' dir='ltr'>in</span> <span class='ocrx_word' id='word_1_214' title='bbox 713 2787 819 2844; x_wconf 90' lang='lat' dir='ltr'>castra</span> <span class='ocrx_word' id='word_1_215' title='bbox 839 2776 1057 2862; x_wconf 90' lang='lat' dir='ltr'>militibusque</span> <span class='ocrx_word' id='word_1_216' title='bbox 1079 2797 1153 2838; x_wconf 86' lang='lat' dir='ltr'>ver·</span> 
     </span>
     <span class='ocr_line' id='line_1_32' title="bbox 185 2857 1155 2950; baseline 0.006 -32"><span class='ocrx_word' id='word_1_217' title='bbox 185 2857 306 2921; x_wconf 88' lang='lat' dir='ltr'>naculis</span> <span class='ocrx_word' id='word_1_218' title='bbox 337 2867 368 2923; x_wconf 88' lang='lat' dir='ltr'>et</span> <span class='ocrx_word' id='word_1_219' title='bbox 398 2862 557 2926; x_wconf 88' lang='lat' dir='ltr'>secundae</span> <span class='ocrx_word' id='word_1_220' title='bbox 589 2863 736 2948; x_wconf 81' lang='lat' dir='ltr'>legionis,</span> <span class='ocrx_word' id='word_1_221' title='bbox 771 2863 887 2950; x_wconf 92' lang='lat' dir='ltr'>quibus</span> <span class='ocrx_word' id='word_1_222' title='bbox 922 2862 994 2929; x_wconf 92' lang='lat' dir='ltr'>odio</span> <span class='ocrx_word' id='word_1_223' title='bbox 1028 2859 1155 2924; x_wconf 89' lang='lat' dir='ltr'>sciebat</span> 
     </span>
     <span class='ocr_line' id='line_1_33' title="bbox 185 2944 1153 3034; baseline 0.003 -29"><span class='ocrx_word' id='word_1_224' title='bbox 185 2945 354 3029; x_wconf 88' lang='lat' dir='ltr'>praecipue</span> <span class='ocrx_word' id='word_1_225' title='bbox 384 2944 530 3030; x_wconf 81' lang='lat' dir='ltr'>Cassium</span> <span class='ocrx_word' id='word_1_226' title='bbox 559 2969 638 3031; x_wconf 90' lang='lat' dir='ltr'>esse,</span> <span class='ocrx_word' id='word_1_227' title='bbox 668 2950 858 3034; x_wconf 81' lang='lat' dir='ltr'>gramlatur:</span> <span class='ocrx_word' id='word_1_228' title='bbox 889 2946 1009 3012; x_wconf 89' lang='lat' dir='ltr'>tollitur</span> <span class='ocrx_word' id='word_1_229' title='bbox 1030 2969 1050 3010; x_wconf 95' lang='lat' dir='ltr'>a</span> <span class='ocrx_word' id='word_1_230' title='bbox 1070 2945 1153 3009; x_wconf 92' lang='lat' dir='ltr'>mul-</span> 
     </span>
     <span class='ocr_line' id='line_1_34' title="bbox 184 3028 1154 3122; baseline 0.006 -34"><span class='ocrx_word' id='word_1_231' title='bbox 184 3028 320 3093; x_wconf 87' lang='lat' dir='ltr'>titudine</span> <span class='ocrx_word' id='word_1_232' title='bbox 342 3032 375 3094; x_wconf 94' lang='lat' dir='ltr'>in</span> <span class='ocrx_word' id='word_1_233' title='bbox 397 3032 543 3115; x_wconf 89' lang='lat' dir='ltr'>tribunal,</span> <span class='ocrx_word' id='word_1_234' title='bbox 576 3045 702 3120; x_wconf 89' lang='lat' dir='ltr'>praetor</span> <span class='ocrx_word' id='word_1_235' title='bbox 724 3035 912 3122; x_wconf 89' lang='lat' dir='ltr'>appellatur.</span> <span class='ocrx_word' id='word_1_236' title='bbox 942 3033 1043 3096; x_wconf 87' lang='lat' dir='ltr'>Nemo</span> <span class='ocrx_word' id='word_1_237' title='bbox 1066 3032 1154 3094; x_wconf 90' lang='lat' dir='ltr'>enim</span> 
     </span>
     <span class='ocr_line' id='line_1_35' title="bbox 185 3115 1153 3204; baseline 0.001 -28"><span class='ocrx_word' id='word_1_238' title='bbox 185 3124 240 3192; x_wconf 82' lang='lat' dir='ltr'>aut</span> <span class='ocrx_word' id='word_1_239' title='bbox 254 3117 287 3178; x_wconf 91' lang='lat' dir='ltr'>in</span> <span class='ocrx_word' id='word_1_240' title='bbox 308 3119 472 3201; x_wconf 85' lang='lat' dir='ltr'>provincia</span> <span class='ocrx_word' id='word_1_241' title='bbox 493 3133 597 3202; x_wconf 90' lang='lat' dir='ltr'>natus,</span> <span class='ocrx_word' id='word_1_242' title='bbox 620 3132 656 3185; x_wconf 94' lang='lat' dir='ltr'>ut</span> <span class='ocrx_word' id='word_1_243' title='bbox 676 3122 868 3186; x_wconf 89' lang='lat' dir='ltr'>vernaculae</span> <span class='ocrx_word' id='word_1_244' title='bbox 890 3120 1023 3204; x_wconf 85' lang='lat' dir='ltr'>legionis</span> <span class='ocrx_word' id='word_1_245' title='bbox 1046 3115 1153 3198; x_wconf 87' lang='lat' dir='ltr'>miles,</span> 
     </span>
     <span class='ocr_line' id='line_1_36' title="bbox 186 3200 1154 3293; baseline 0.002 -32"><span class='ocrx_word' id='word_1_246' title='bbox 186 3209 240 3262; x_wconf 93' lang='lat' dir='ltr'>aut</span> <span class='ocrx_word' id='word_1_247' title='bbox 262 3200 465 3268; x_wconf 88' lang='lat' dir='ltr'>diuturnitate</span> <span class='ocrx_word' id='word_1_248' title='bbox 486 3207 548 3269; x_wconf 91' lang='lat' dir='ltr'>iam</span> <span class='ocrx_word' id='word_1_249' title='bbox 579 3206 682 3270; x_wconf 84' lang='lat' dir='ltr'>factus</span> <span class='ocrx_word' id='word_1_250' title='bbox 710 3207 925 3293; x_wconf 78' lang='lat' dir='ltr'>provincialia,</span> <span class='ocrx_word' id='word_1_251' title='bbox 954 3203 1071 3290; x_wconf 91' lang='lat' dir='ltr'>quoin</span> <span class='ocrx_word' id='word_1_252' title='bbox 1094 3223 1154 3264; x_wconf 90' lang='lat' dir='ltr'>nu-</span> 
     </span>
     <span class='ocr_line' id='line_1_37' title="bbox 185 3288 1156 3378; baseline 0.003 -31"><span class='ocrx_word' id='word_1_253' title='bbox 185 3307 273 3348; x_wconf 90' lang='lat' dir='ltr'>mero</span> <span class='ocrx_word' id='word_1_254' title='bbox 294 3299 371 3370; x_wconf 31' lang='lat' dir='ltr'>‚erat</span> <span class='ocrx_word' id='word_1_255' title='bbox 401 3291 541 3362; x_wconf 89' lang='lat' dir='ltr'>secunda</span> <span class='ocrx_word' id='word_1_256' title='bbox 569 3293 662 3378; x_wconf 81' lang='lat' dir='ltr'>legio,</span> <span class='ocrx_word' id='word_1_257' title='bbox 691 3316 755 3358; x_wconf 89' lang='lat' dir='ltr'>non</span> <span class='ocrx_word' id='word_1_258' title='bbox 783 3291 962 3358; x_wconf 90' lang='lat' dir='ltr'>cumomni</span> <span class='ocrx_word' id='word_1_259' title='bbox 984 3288 1156 3374; x_wconf 85' lang='lat' dir='ltr'>provincia</span> 
     </span>
     <span class='ocr_line' id='line_1_38' title="bbox 186 3377 1155 3465; baseline 0 -31"><span class='ocrx_word' id='word_1_260' title='bbox 186 3386 391 3438; x_wconf 87' lang='lat' dir='ltr'>consenserat</span> <span class='ocrx_word' id='word_1_261' title='bbox 405 3378 438 3439; x_wconf 90' lang='lat' dir='ltr'>in</span> <span class='ocrx_word' id='word_1_262' title='bbox 454 3377 526 3441; x_wconf 88' lang='lat' dir='ltr'>odio</span> <span class='ocrx_word' id='word_1_263' title='bbox 550 3377 660 3442; x_wconf 81' lang='lat' dir='ltr'>Cassi:</span> <span class='ocrx_word' id='word_1_264' title='bbox 683 3401 758 3444; x_wconf 92' lang='lat' dir='ltr'>nam</span> <span class='ocrx_word' id='word_1_265' title='bbox 772 3379 915 3465; x_wconf 88' lang='lat' dir='ltr'>legiones</span> <span class='ocrx_word' id='word_1_266' title='bbox 937 3381 1016 3438; x_wconf 86' lang='lat' dir='ltr'>XXX</span> <span class='ocrx_word' id='word_1_267' title='bbox 1039 3383 1071 3436; x_wconf 90' lang='lat' dir='ltr'>et</span> <span class='ocrx_word' id='word_1_268' title='bbox 1085 3379 1155 3434; x_wconf 84' lang='lat' dir='ltr'>XXI</span> 
     </span>
    </p>
   </div>
   <div class='ocr_carea' id='block_1_4' title="bbox 0 0 1250 3974">
    <p class='ocr_par' dir='ltr' id='par_1_6' title="bbox 0 0 1250 3974">
     <span class='ocr_line' id='line_1_39' title="bbox 0 0 1250 3974; baseline 0 0"><span class='ocrx_word' id='word_1_269' title='bbox 0 0 1250 3974; x_wconf 95' lang='lat' dir='ltr'> </span> 
     </span>
    </p>
   </div>
  </div>
 </body>
</html>
