2538 3978
192 219 254 286 126
480 221 541 286 DE
563 221 706 286 BELLO
731 221 864 286 CIVILI

191 394 333 479 ciperent
360 415 442 458 neve
471 414 505 456 se
534 392 604 458 loco
626 402 792 457 moverent
813 392 976 478 aciemque
1000 393 1163 459 eius‘dis·

189 477 272 542 trahi
300 487 499 565 paterentur;
529 477 625 565 idque
654 478 816 544 admonitu
839 477 875 542 Ο.
898 478 1015 542 Triarii
1036 479 1159 545 fecisse

190 563 363 646 dicebatur,
393 572 428 628 ut
449 565 569 649 primus
585 586 737 649 excursus
752 565 865 650 visque
887 563 1021 628 militurn
1042 565 1160 630 infrin-

189 659 327 734 geretur,
355 651 503 734 aciesque
533 649 777 731 distenderetur,
806 658 838 712 at
861 670 901 712 ue
926 651 961 712 in
982 651 1047 714 suis
1070 650 1159 715 ordi-

188 734 282 798 nibus
295 736 438 821 dispositi
453 735 501 798 dis
525 757 611 800 ersos
627 736 827 800 adorirentur
835 673 1020 820 {leviusque
1036 757 1158 800 casura

188 819 253 904 pila
275 820 425 906 sperabat
447 822 481 884 in
502 757 572 884 loco
594 821 725 884 retentis
747 819 909 904 militibus,
933 843 1027 905 quam
1049 821 1077 884 si
1090 823 1158 907 ipsi

188 906 337 968 immissis
360 905 431 970 telis
453 907 713 989 occucurrissent,
737 905 829 969 simul
843 906 919 986 fore,
936 915 970 969 ut
992 906 1157 992 duplicato

188 1011 283 1054 cursu
306 990 451 1055 Caesaris
480 991 595 1055 milites
626 992 884 1055 exanimarentur
912 991 1156 1064 etlassitudine

187 1075 426 1140 conficerentur.
451 1077 545 1155 Quod
555 1076 646 1141 nobis
659 1077 784 1163 quidem
800 1075 889 1141 nulla
899 1079 1021 1142 ratione
1032 1078 1156 1144 facttum

187 1183 207 1224 a
217 1161 369 1246 Pompeio
380 1163 516 1243 videtur,
532 1172 701 1247 propterea
716 1162 800 1249 quod
817 1171 864 1226 est
880 1163 1036 1249 quaedam
1052 1165 1154 1229 animi

184 1249 324 1311 incitatio
348 1257 443 1334 atque
471 1247 617 1312 alacritas
646 1247 832 1312 naturaliter
862 1249 969 1312 innata
992 1247 1151 1332 omnibus,

187 1353 269 1416 quae
292 1332 395 1398 studio
416 1355 542 1419 pugnae
557 1333 752 1398 incenditur:
776 1332 857 1398 hanc
879 1355 943 1398 non
964 1336 1150 1419 reprimere,

187 1416 244 1480 sed
266 1439 382 1503 augere
412 1421 608 1504 inperatores
639 1418 772 1500 debent3
798 1441 902 1505 neque
931 1419 1048 1483 frustra
1069 1421 1149 1483 anti·

204 1501 286 1566 uitus
315 1505 492 1568 institutum
514 1514 570 1586 est,
604 1513 639 1569 ut
661 1506 752 1591 signa
772 1505 911 1591 undique
934 1506 1150 1588 concinerent,

183 1523 417 1676 dlamoremque
452 1591 594 1665 mriversi
627 1589 791 1674 tollerent3
829 1590 943 1677 quibus
979 1590 1076 1656 rebus
1114 1602 1149 1656 et

182 1671 288 1738 hostes
310 1676 423 1738 terreri
445 1685 478 1741 et
499 1697 572 1740 suos
595 1675 720 1757 incitari
741 1677 1013 1740 existimaverunt

244 1759 295 1824 93.
319 1758 383 1824 Sed
393 1761 494 1826 nostri
506 1761 620 1824 milites
633 1761 708 1826 dato
721 1764 812 1847 signo
826 1783 922 1847 quum
935 1762 1058 1828 infestis
1069 1762 1146 1848 pilis

180 1848 457 1928 procucurrissent
478 1857 572 1932 atque
594 1848 736 1910 animum
758 1846 970 1912 advertissent
991 1870 1055 1914 non
1071 1871 1147 1914 con-

180 1931 265 1992 curri
287 1953 307 1994 a
328 1930 540 2017 Pompeianis,
561 1955 621 1995 usu
636 1933 731 2019 periti
746 1955 783 1996 ac
799 1933 1013 2018 superioribus
1028 1936 1145 2020 pugnis

180 2017 345 2080 exercitati
367 2039 425 2081 sua
447 2026 558 2103 sponte
579 2039 706 2082 cursum
728 2028 950 2104 represserunt
972 2028 1004 2083 et
1025 2020 1066 2083 ad
1081 2043 1145 2086 me-

181 2099 267 2164 dium
289 2100 356 2166 fere
372 2104 507 2187 spatium
524 2105 741 2186 constiterunt,
756 2126 797 2168 ne
814 2107 1007 2190 consumptis
1022 2105 1144 2170 viribus

178 2188 480 2273 appropinquarent,
503 2210 666 2275 parvoque
680 2190 860 2270 intermisso
875 2192 1026 2278 temporis
1041 2193 1144 2277 spatio

76 2266 78 2277 '
178 2293 216 2334 ac
237 2293 348 2354 rursus
370 2277 528 2338 renovato
546 2296 642 2350 cursu
659 2274 726 2360 pila
746 2277 900 2340 miserunt
923 2275 1141 2364 celeriterque,

178 2365 212 2418 ut
234 2367 302 2421 erat
322 2379 438 2444 praece
461 2358 576 2434 tum-a
606 2359 753 2444 Caesare,
783 2361 906 2446 gladios
936 2363 1140 2427 strinxerunt.

176 2439 289 2528 Neque
312 2467 389 2509 vero
418 2382 606 2530 Pbmpeiani
628 2445 703 2510 huic
730 2449 777 2510 rei
808 2447 984 2512 defuerunt.
1007 2447 1089 2512 Nam
1111 2460 1142 2512 et

176 2525 240 2590 tela
261 2528 360 2592 missa
381 2541 579 2616 exceperunt
599 2540 631 2594 et
646 2533 798 2618 impetum
820 2533 981 2619 legionum
1002 2533 1140 2598 tulerunt

175 2623 207 2676 et
236 2613 362 2678 ordines
391 2626 620 2681 conservarunt
644 2617 779 2704 pilisque
807 2620 911 2682 missis
942 2619 983 2682 ad
1016 2618 1136 2704 gladios

173 2695 347 2763 redierunt.
370 2699 492 2766 Eodem
515 2711 656 2788 tempore
685 2704 807 2789 equites
835 2703 874 2768 ab
898 2705 1026 2770 sinistro
1047 2705 1137 2768 Pom-

174 2784 228 2868 pei
251 2807 359 2867 eornu,
382 2796 506 2850 uteret
535 2789 733 2873 imperatum,
762 2791 905 2854 universi
932 2811 1138 2874 procucurre-

175 2879 257 2952 runt,
281 2873 447 2958 omnisque
469 2871 636 2938 multitudo
663 2876 899 2961 sagittariorum
926 2875 1137 3025 setuppofudit3

173 2975 310 3040 quorum
342 2959 494 3044 impetum
525 2968 636 3024 noster
671 2961 828 3047 equitatus
860 2984 925 3026 non
1006 2963 1043 3044 ἰ,
1080 2960 1137 3024 sed

170 3039 325 3124 paulatim
347 3042 417 3108 loco
445 3053 548 3109 motus
577 3046 689 3110 cessit:
718 3047 903 3196 equitesque
924 3046 1056 3132 Pompei
1076 3046 1137 3112 hoc

172 3126 277 3190 acrius
305 3128 425 3192 instare
454 3139 486 3196 et
519 3152 553 3194 se
587 3132 749 3197 turmatim
783 3155 845 3218 exp
861 3134 944 3197 'care
972 3135 1135 3219 aciemque

171 3220 315 3296 nostram
337 3235 357 3278 a
378 3214 477 3280 latere
506 3226 614 3302 aperto
644 3218 810 3282 circumire
838 3229 1019 3304 coeperunt.
1043 3217 1136 3298 Quod

170 3295 227 3360 ubi
249 3297 371 3364 Caesar
393 3302 625 3382 animadvertit,
643 3312 775 3388 quartae
790 3305 879 3386 aciei,
904 3305 1134 3390 quam—institu-

170 3389 240 3445 erat
259 3405 320 3448 sex
341 3386 529 3469 cohortium,
553 3387 640 3454 dedit
661 3388 796 3476 signum.
820 3388 1042 3456 Illiceleriter
1062 3413 1133 3476 pro

170 3480 377 3535 cucurrerunt
405 3471 591 3560 infestisque
624 3475 725 3560 signis
752 3484 842 3540 anta
872 3478 905 3542 vi
936 3476 969 3540 in
1001 3475 1133 3563 Pompei
