2538 3978
183 273 224 338 86
468 271 528 336 DE
550 269 693 336 BELLO
717 269 851 336 CIVILI

248 445 297 509 17.
314 443 437 524 Quibus
449 443 544 508 rebus
555 466 659 531 neque
670 453 738 508 tum
747 441 1004 528 respondendum
1017 440 1150 507 Caesar·

183 532 384 610 existimavit,
399 541 502 616 neque
518 551 611 612 nuno,
626 539 661 594 ut
675 531 847 594 memoriae
861 529 1043 614 prodantur,
1061 530 1146 592 satis

183 639 296 681 causac
326 626 480 702 putamus.
507 614 692 682 Postulabat
721 614 856 696 Caesar,
878 622 913 677 ut
934 613 1055 700 legatos
1078 612 1142 677 sibi

183 701 224 766 ad
252 703 438 787 Pompeium
467 701 534 774 sine
565 701 707 787 periculo
740 701 863 763 mittere
892 699 1014 780 liceret,
1042 697 1148 784 idque

181 789 243 936 :psi
264 788 331 853 fore
352 789 529 872 reciperent
544 797 597 851 aut
616 795 761 871 acceptos
782 807 842 870 per
863 807 897 850 se
919 785 960 848 ad
975 807 1046 850 eum
1067 805 1140 869 per-

205 883 344 937 ucerent.
389 870 483 952 Quod
515 872 556 936 ad
587 873 731 936 inducias
762 872 950 957 pertineret,
984 871 1030 934 sic
1061 867 1144 933 belli

180 960 336 1023 rationem
358 980 429 1022 esse
455 956 596 1038 divisam,
626 967 661 1021 ut
688 957 735 1022 illi
763 956 864 1021 classe
886 978 985 1020 naves
1007 953 1146 1019 auxilia·
1257 991 1258 1006 κ

182 1067 243 1128 que
259 1066 316 1108 sua
336 1043 533 1129 impedirent,
563 1045 632 1128 ipse
654 1051 689 1106 ut
720 1065 802 1190 arpra
822 1051 968 1126 terraque
991 1063 1045 1105 eos
1066 1062 1140 1126 pro·

181 1129 313 1194 hiberet.
337 1128 372 1193 Si
398 1127 458 1192 hoc
485 1127 546 1192 sibi
572 1130 689 1192 remitti
710 1151 750 1191 ve
764 1127 838 1208 lent,
860 1128 1055 1192 remitterent
1076 1125 1146 1210 ipsi

182 1215 221 1279 de
243 1215 406 1278 maritimis
432 1213 597 1297 custodiis,
620 1215 647 1278 si
667 1213 747 1278 illud
774 1222 926 1293 tenerent,
950 1233 984 1276 se
1007 1233 1134 1298 quoque

181 1300 215 1363 id
246 1309 450 1364 retenturum.
480 1297 586 1364 Nihilo
617 1303 720 1364 minus
749 1308 855 1362 tamen
887 1299 939 1382 agi
969 1319 1064 1383 posse
1097 1296 1143 1360 de

182 1387 417 1470 compositione,
440 1395 475 1448 ut
495 1384 573 1448 haec
594 1407 658 1449 non
672 1385 916 1465 remitterentur,
938 1405 1042 1469 neque
1057 1383 1147 1447 hanc

181 1493 249 1534 rem
272 1492 341 1534 esse
362 1470 578 1555 impedimenti
604 1469 684 1534 loco.
706 1469 764 1533 ille
791 1491 893 1554 neque
916 1467 1037 1554 legatos
1060 1467 1134 1533 Cae·

183 1557 262 1620 saris
284 1557 426 1640 recipere
448 1577 551 1640 neque
565 1554 740 1641 periculum
761 1563 924 1639 praestare
946 1575 1065 1635 eorum,
1083 1554 1143 1617 sed

181 1652 279 1706 totam
302 1663 370 1705 rem
393 1641 433 1704 ad
459 1641 644 1726 Pompeium
670 1642 817 1704 relicere:
840 1663 938 1704 unum
958 1641 1077 1704 instare
1099 1639 1147 1703 de

181 1726 315 1793 induciis
344 1726 683 1810 vehementissimeque
712 1724 913 1790 contendere.
951 1723 1055 1803 Quem
1084 1724 1141 1789 ubi

183 1811 303 1878 Caesar
336 1810 491 1877 intellexit
522 1812 697 1896 praesentis
729 1810 860 1896 periculi
889 1820 983 1897 atque
1015 1810 1146 1896 inopiae

181 1899 329 1962 vitandae
359 1919 454 1962 causa
483 1919 607 1962 omnem
637 1899 810 1961 orationem
838 1897 1010 1961 instituisse
1037 1903 1147 1981 neque
1256 1969 1257 1978 χ

181 1983 281 2048 ullam
296 2005 385 2069 spem
397 1993 450 2048 aut
465 1983 676 2047 conditionem
690 1979 776 2068 pacis
792 1981 914 2066 afferre,
930 1981 972 2046 ad
985 1980 1142 2068 reliquam

182 2071 403 2154 cogitationem
423 2067 500 2133 belli
522 2090 592 2132 sese
612 2069 741 2154 recepit.

248 2157 297 2222 18.
320 2153 454 2219 Bibulus
481 2153 595 2217 multos
618 2153 685 2217 dies
707 2163 795 2218 terra
816 2152 993 2238 prohibitus
1016 2161 1048 2217 et
1069 2174 1144 2238 gra·

181 2242 270 2305 viore
298 2239 409 2305 morbo
437 2262 478 2304 ex
506 2239 622 2325 frigore
645 2261 682 2303 ac
711 2238 819 2304 labore
841 2237 1020 2324 implicitus,
1044 2260 1141 2323 quum

181 2348 285 2410 neque
308 2327 413 2390 curari
434 2335 542 2410 posset
563 2347 666 2410 neque
689 2334 869 2408 susceptum
892 2323 1029 2388 officium
1051 2322 1140 2389 desc·

181 2433 254 2476 rere
274 2409 381 2493 vellet,
403 2412 468 2474 vim
483 2409 585 2474 morbi
604 2412 759 2474 sustinere
780 2432 844 2473 non
865 2411 974 2494 potuit.
996 2409 1046 2473 Eo
1061 2430 1141 2473 mor·

181 2509 236 2562 tuo
269 2497 310 2561 ad
340 2499 499 2561 neminem
531 2518 629 2560 unum
663 2517 784 2560 summa
811 2485 937 2581 imperii
963 2494 1056 2576 redit,
1084 2493 1140 2559 sed

183 2583 352 2666 separatim
375 2605 463 2645 suam
486 2583 618 2666 quisque
640 2581 775 2645 classem
798 2580 839 2644 ad
860 2579 1027 2644 arbitrium
1049 2601 1138 2644 suum
1256 2607 1257 2620 2

183 2667 431 2732 administrabat.
464 2665 622 2730 Vibullius
656 2667 764 2731 sedato
796 2665 940 2747 tumultu,
971 2686 1065 2766 quem
1090 2687 1139 2729 re·
1256 2683 1257 2686 ’

181 2755 329 2839 pentinus
352 2752 504 2816 adventus
527 2751 673 2816 Caesaris
695 2754 914 2832 concitaverat,
935 2751 991 2815 ubr
1005 2771 1141 2836 primum

183 2863 200 2902 e
223 2861 257 2902 re
286 2841 390 2902 visum
420 2847 477 2918 est,
507 2837 648 2902 adhibito
676 2836 800 2902 Libone
830 2847 860 2900 et
882 2835 919 2900 L.
949 2835 1086 2901 Lucceio
1109 2843 1142 2898 et

183 2924 395 3010 Theophane,
433 2923 614 3008 quibuscum
651 2924 881 2988 communicare
917 2920 958 2986 de
993 2921 1140 2985 maximis

182 3009 278 3074 rebus
308 3009 477 3094 Pompeius
506 3018 721 3088 consueverat,
751 3007 970 3072 demandatis
993 3005 1144 3072 Caesaris

182 3117 277 3181 agere
299 3095 441 3158 instituit.
465 3093 568 3173 Quem
596 3095 774 3178 ingressum
795 3094 829 3157 in
851 3115 1029 3156 sermonem
1049 3092 1140 3155 Pom-

180 3183 271 3266 peius
301 3179 514 3264 interpellavit
544 3190 576 3242 et
596 3178 683 3264 loqui
711 3178 804 3262 plura
841 3178 1011 3264 prohibuit.
1057 3174 1144 3254 Quid

181 3266 267 3346 mihi,
308 3266 419 3350 inquit,
451 3275 504 3329 aut
534 3265 600 3327 vita
628 3273 682 3328 aut
704 3265 830 3328 civitate
854 3285 933 3348 opus
956 3276 1012 3342 est,
1047 3283 1142 3347 quarn

181 3349 337 3415 beneficio
361 3350 508 3416 Caesaris
529 3349 648 3413 hahere
675 3348 834 3414 videbor?
856 3351 944 3413 euius
966 3349 1014 3412 rei
1036 3348 1144 3432 opinio

180 3435 250 3498 tolli
271 3459 335 3500 non
357 3430 600 3522 poterit,”quum
625 3437 658 3499 in
680 3434 813 3514 Italiam,
838 3457 879 3498 ex
901 3455 964 3520 qua
984 3434 1143 3520 profectus

183 3541 268 3603 sum,
297 3521 446 3586 reductus
480 3520 694 3586 existimabor.
738 3519 830 3586 Bello
859 3519 1000 3606 perfecto
1034 3518 1074 3584 ab
1103 3517 1144 3580 iis
