2538 3978
182 235 244 300 146
438 235 569 302 BELLI
590 237 892 304 ALEXANDRINI

247 409 297 473 11.
318 409 399 474 Erat
431 430 496 474 una
527 411 619 474 navis
638 409 775 475 'Rhodia
804 412 838 475 in
859 411 971 478 dextro
995 412 1148 480 Caesaris

180 516 281 559 cornu
303 494 398 582 longe
421 494 462 558 ab
483 491 614 579 reliquis
645 495 810 563 collocata.
843 497 936 562 Hanc
969 501 1149 584 conspicati

180 579 288 646 hostes
310 604 374 644 non
395 590 564 647 tenuerunt
587 603 667 664 sese,
690 605 742 646 ma
788 605 869 668 oque
890 586 1010 670 impetu
1031 593 1081 648 1111
1102 586 1148 654 ad

180 689 252 730 eam
274 675 454 730 constratae
476 688 576 730 naves
600 676 632 730 et
654 690 745 752 comp
759 691 831 733 ures
865 679 992 755 apertae
1015 679 1146 735 conten-

179 752 304 818 derunt.
339 751 399 816 Oui
420 761 549 818 ,coactus
573 762 622 816 est
645 751 766 818 Caesar
788 755 871 818 ferre
893 755 1079 838 subsidium,
1101 779 1146 822 ne

179 848 305 922 turpem
326 839 360 900 in
383 846 556 922 conspectu
579 838 803 908 contumeliam
832 841 1000 926 acciperet,
1034 864 1146 926 quam·

179 943 286 1008 quam,
309 925 337 988 si
374 923 429 986 uid
466 925 572 986 ravius
586 923 650 992 illis
666 925 843 1008 accidisset,
866 926 977 996 merito
996 949 1146 992 casurum

178 947 525 1072 iudicabatlrroeitum
542 1011 745 1075 commissum
757 1020 805 1074 est
815 1034 931 1098 magna
942 1015 1145 1078 contentione

179 1093 391 1176 Rhodiorum3
427 1095 481 1181 qui
514 1117 613 1180 quum
645 1096 680 1158 in
712 1097 859 1166 omnibus
888 1097 1144 1164 dimicationibus

178 1189 211 1243 et
246 1182 380 1245 scientia
412 1191 444 1248 et
479 1182 595 1245 virtute
631 1183 873 1266 praestitissent,
910 1193 977 1246 tum
1003 1185 1144 1248 maxime

177 1265 233 1330 illo
255 1275 398 1351 tempore
432 1275 533 1330 totum
566 1288 646 1330 onus
680 1271 834 1340 sustinere
856 1290 920 1334 non
941 1268 1143 1351 recusabant,

177 1350 349 1438 nequod
391 1373 521 1422 suorum
566 1351 661 1436 culpa
712 1351 934 1420 detrimentum
977 1362 1145 1439 acceptum

178 1437 351 1502 videretur.
388 1436 438 1502 lta
460 1437 616 1522 proelium
651 1440 916 1505 secundissimum
943 1440 1142 1504 estfactum.

178 1521 283 1608 Capta
315 1532 363 1586 est
394 1545 459 1588 una
492 1522 630 1588 hostium
663 1525 881 1610 quadriremis,
916 1523 1066 1610 depressa
1092 1535 1144 1589 est

177 1607 288 1691 altera,
311 1608 393 1672 duae
416 1609 562 1674 omnibus
585 1608 720 1695 epibatis
743 1611 897 1692 nudatae3
919 1633 1036 1694 magna
1049 1633 1142 1695 prae·

178 1704 267 1758 terea
288 1693 457 1758 multitudo
486 1696 520 1758 in
541 1695 673 1781 reliquis
702 1696 837 1760 navibus
870 1705 1144 1781 propugnatorum

177 1788 227 1844 est
247 1781 421 1844 interfecta.
456 1779 551 1858 Quod
582 1783 644 1844 nisi
677 1804 742 1846 nox
774 1781 929 1866 proelium
951 1781 1141 1864 diremisset,

176 1875 244 1930 tota
266 1864 367 1929 classe
389 1865 527 1930 hostium
550 1865 668 1930 Caesar
713 1869 807 1932 otitus
830 1876 923 1932 esset..
956 1867 1028 1932 Hac
1056 1865 1143 1930 cala.

176 1953 286 2015 mitatc
307 1952 481 2036 perterritis
497 1951 639 2016 hostibus
656 1890 791 2018 adberso
805 1960 900 2016 vento
916 1951 1029 2016 leniter
1043 1951 1142 2016 flante

177 2059 278 2100 naves
302 2039 461 2102 onerarias
486 2036 606 2102 Caesar
628 2036 769 2102 remulco
791 2037 976 2102 victricibus
999 2039 1063 2102 suis
1085 2059 1141 2100 na-

175 2121 269 2186 vibus
291 2121 522 2188 Alexandriam
544 2123 681 2187 deducit.

281 2209 331 2271 12.
353 2209 401 2272 Eo
414 2209 602 2280 detrimento
625 2208 705 2273 adeo
719 2216 802 2278 ,sunt
815 2207 908 2274 fracti
919 2207 1140 2290 Alexandrini,

175 2317 274 2380 quum
295 2295 360 2358 iam
381 2316 447 2359 non
466 2295 889 2380 virtutepropugnatomm,
924 2293 981 2358 sed
1009 2295 1142 2358 scientia

174 2379 411 2444 classiariorum
445 2401 480 2444 se
512 2381 615 2444 victos
648 2379 803 2462 viderent,
838 2379 970 2467 quibus.
1027 2427 1035 2443 .
1048 2427 1077 2443 ..
1108 2389 1150 2444 et

174 2465 391 2551 superioribus
414 2465 491 2529 locis
516 2464 776 2548 sublevabantur,
799 2474 834 2529 ut
856 2489 897 2530 ex
919 2465 1070 2531 aedificiis
1084 2464 1141 2530 de·

136 2592 141 2600 ·
174 2551 261 2615 feudi
282 2559 421 2636 possent,
445 2560 477 2614 et
498 2553 664 2616 materiam
681 2561 826 2617 cunctam
849 2551 1030 2633 obiicerent,
1054 2550 1141 2636 quod

175 2647 306 2700 nostrae
329 2634 441 2702 classis
463 2639 732 2722 oppugnationem
766 2638 861 2700 etiam
883 2637 924 2701 ad
946 2645 1063 2700 terram
1084 2657 1140 2699 ve·

174 2720 336 2786 rebantur.
358 2721 468 2804 Iidem,
491 2731 700 2808 posteaquam
724 2722 926 2807 Ganymedes
948 2723 981 2786 in
1005 2720 1140 2786 concilio

174 2808 384 2872 confirmavit
397 2829 468 2870 sese
491 2816 523 2870 et
546 2829 611 2890 eas,
645 2829 728 2892 quae
749 2818 858 2875 essent
879 2809 1025 2890 amissae,
1047 2807 1139 2870 resti-

173 2902 314 2956 tuturum
347 2901 379 2958 et
410 2915 578 2956 numerum
611 2893 829 2974 adaucturum,
868 2915 984 2978 magna
1017 2914 1073 2977 spe
1106 2901 1141 2958 et

172 2979 290 3043 fiducia
310 2987 435 3043 veteres
457 2979 589 3050 reficere
601 3001 711 3049 ,naves
735 2981 982 3064 accuratiusque·
996 2978 1069 3042 huic
1090 2979 1141 3040 rei

173 3064 309 3129 studere
323 3073 418 3149 atque
440 3065 611 3129 inservire·
619 3065 832 3130 instituerunt.
855 3065 905 3132 Ac
926 3065 1053 3128 tametsi
1072 3085 1139 3128 am·

172 3149 256 3235 plius
280 3157 326 3213 CX
347 3149 482 3216 navibus
504 3150 608 3234 longis
629 3153 665 3216 in
686 3160 781 3238 portu
802 3150 1032 3236 navalibusque
1061 3148 1139 3218 ami-

172 3244 287 3317 serant,
320 3245 427 3303 tamen
447 3235 643 3320 reparandae
677 3237 788 3302 classis
821 3237 1044 3322 cogitationem
1071 3255 1139 3298 non

172 3321 408 3405 deposuerunt..
441 3319 604 3386 Videbant
637 3325 723 3387 enim
755 3345 820 3388 non
852 3321 972 3389 auxilia
994 3318 1138 3401 ansari,

138 3481 140 3486 Ι
172 3413 453 3474 noncommeatus
477 3410 658 3492 supportari
680 3431 784 3494 posse,
816 3407 971 3473 uiolasse
997 3407 1059 3491 ipsi
1081 3427 1139 3469 va·

175 3490 289 3560 lerant:
321 3499 487 3579 praeterea
508 3494 626 3558 nautici
647 3494 801 3578 homines,
834 3493 921 3558 urbis
944 3502 975 3558 et
996 3491 1139 3578 regionis
