2562 3970
323 297 325 304 Α
395 220 527 286 oouu.
552 221 567 283 1
589 221 682 286 cnr.
707 223 840 285 13-18.
1056 227 1089 284 11

141 413 254 476 agrum
275 391 427 456 Picenum
449 391 734 456 confirmandorum
756 392 917 457 hominum
939 414 1043 456 causa.
1066 393 1096 456 A

141 497 203 562 quo
225 475 326 540 factrus
348 475 506 541 Vibullius
529 479 652 558 certior,
675 499 755 564 quae
777 499 828 542 rcs
850 478 883 540 in
904 477 1021 542 Piceno
1044 499 1096 562 ge-

141 571 295 643 rerentur,
318 561 433 624 milites
457 562 497 627 ab
521 583 558 626 co
581 563 702 647 accipit,
733 564 836 648 ipsum
858 562 994 626 dimittit.
1016 562 1096 626 Item

141 667 183 709 ex
203 647 344 711 finitimis
358 648 546 732 regionibns·
563 669 639 732 quas
654 657 759 733 potest
771 647 928 712 contrahit
951 648 1096 713 cohortes

142 751 184 794 ex
199 730 372 796 delentibus
386 732 602 818 Pompeianis;
625 735 660 796 in
673 733 723 796 his
739 731 908 798 Camerino
923 733 1096 816 fugientem

140 813 296 881 Lucilium
322 817 452 881 Hirrum
481 841 553 882 cum
582 839 640 883 sex
669 817 860 900 cohortibus,
888 841 969 904 quas
996 818 1041 881 ibi
1061 819 1095 880 in

140 902 298 986 praesidio
313 901 476 985 habuerat,
500 904 570 968 cxci
593 905 633 986 it3
654 902 767 990 quibus
779 905 896 968 coactis
911 910 973 964 Xlll
990 903 1093 968 efficit.

140 985 219 1050 Cum
245 989 294 1050 his
309 987 351 1051 ad
371 987 544 1053 Domitium
565 925 813 1053 dhonobarbum
836 987 1009 1053 Corfinium
1031 1009 1095 1050 ma·

139 1075 211 1157 gm's
247 1072 412 1137 itineribus
445 1075 591 1158 pervenit
627 1073 860 1158 Caesaremque
889 1073 1095 1140 edessenum

128 1157 316 1244 ‘legionibus
339 1158 461 1223 duabus
490 1160 623 1224 nuntiat.
653 1159 812 1224 Domitius
834 1181 891 1243 per
913 1181 947 1224 se
970 1159 1094 1222 circiter·

137 1251 190 1305 XX
218 1243 362 1307 cohortes
391 1243 485 1325 Alba,
516 1267 558 1309 ex
584 1245 699 1308 Marsis
728 1253 759 1308 et
779 1244 930 1328 Pelignis,
954 1243 1093 1309 finitimis

138 1329 180 1394 ab
200 1329 383 1414 regionibus
410 1338 565 1414 coegerat.

202 1414 251 1478 16.
273 1413 412 1499 Recepto
434 1414 542 1480 Firmo
570 1437 612 1478 ex
641 1423 748 1489 itincre
776 1416 931 1502 pulsoque
957 1413 1093 1479 Lentulo

138 1497 258 1564 Cacsar
280 1501 423 1585 conquiri
444 1499 568 1582 milites,
597 1501 650 1586 qui
673 1499 713 1564 ab
736 1522 774 1564 co
797 1501 1020 1581 discesserant,
1040 1499 1093 1564 de·

138 1584 316 1670 lectumque
349 1586 470 1649 institui
499 1586 602 1667 iubet;
632 1587 701 1670 ipsc
722 1609 821 1650 unum
853 1587 937 1650 diem
969 1586 1032 1649 ibi-
1047 1586 1094 1648 rei

136 1669 361 1747 frumentariae
384 1692 481 1736 causa
495 1681 633 1734 moratus
657 1669 830 1736 Corfinium
853 1671 1022 1735 contendit.
1044 1669 1093 1734 Eo

138 1777 235 1840 quum
255 1757 403 1838 venisset,
427 1755 571 1821 cohortes
594 1765 620 1816 V
639 1757 834 1840 praemissae
857 1779 877 1819 a
897 1756 1037 1820 Domitio
1053 1776 1094 1818 ex

137 1840 252 1924 oppido
274 1850 400 1925 pontem
420 1840 559 1904 fluminis
581 1842 862 1928 interrumpebant,
886 1843 940 1927 qui
962 1848 1031 1904 erat
1052 1838 1092 1903 ab

137 1923 252 2010 oppido
274 1925 361 1989 milia
374 1907 532 2012 'passuum
553 1927 679 1990 circiter
701 1935 747 1990 111.
780 1927 830 1991 Ibi
852 1949 923 1992 oum
946 1936 1090 1990 antecur-

137 2009 260 2074 soribus
283 2009 428 2076 Caesaris
442 2011 564 2097 proelio
579 2011 745 2076 commisso
761 2012 906 2078 celeriter
919 2010 1092 2075 Domitiani

136 2105 272 2179 sponte
293 2096 411 2180 repulsi
439 2119 474 2161 se
501 2098 535 2160 in
565 2095 714 2182 oppidum
739 2106 937 2184 receperunt.
976 2095 1094 2161 Caesar

135 2179 312 2266 legionibus
335 2183 524 2248 transductis
546 2181 588 2246 ad
609 2181 759 2267 oppidum
782 2183 921 2247 constitit
939 2182 1092 2268 iuxtaque

135 2287 261 2330 murum
282 2276 386 2331 casua
406 2269 520 2352 posuit.
793 2312 797 2334 .

200 2351 249 2415 17.
272 2352 319 2415 Re
342 2354 468 2438 cognita
495 2352 653 2416 Domitius
676 2352 717 2416 ad
745 2352 931 2439 Pompeium
952 2353 985 2416 in
1007 2351 1093 2436 Apu-

135 2435 210 2499 liam
231 2439 350 2522 pcritos
366 2439 530 2522 regionum
545 2460 659 2522 magno
681 2439 841 2523 proposito
863 2439 1004 2524 praemio
1020 2459 1091 2500 eum

135 2520 247 2586 litteris
268 2525 373 2604 mittit,
397 2523 451 2608 qni
472 2532 581 2608 petant
603 2531 697 2606 atque
717 2532 817 2604 orent,
839 2535 874 2587 ut
895 2523 957 2587 sibi
979 2522 1091 2587 subve-

134 2607 214 2670 niat:
239 2605 411 2672 Caesarem
440 2606 561 2672 duobus
591 2608 794 2676 exercitibus.
812 2619 844 2674 ct
869 2608 1011 2674 locorum
1038 2630 1092 2671 an·

178 2695 246 2756 stiis
267 2693 363 2758 facile
382 2692 550 2761 intercludi
572 2715 665 2777 posse
680 2693 897 2780 frumentoque
918 2693 1090 2780 prohiberi.

135 2714 229 2856 Circei
259 2780 321 2843 nisi
357 2779 476 2860 fecerit,
518 2800 552 2842 se
596 2777 805 2866 cohortesque
842 2781 977 2866 amplius
1013 2785 1091 2840 XXX

134 2882 344 2949 magnumque
366 2885 533 2927 numerum
548 2873 728 2927 senatorum
751 2874 846 2950 atquc
869 2869 1009 2952 equitum
1030 2863 1090 2926 Ro-

14 2973 17 2988 ·
134 2969 296 3013 manorum
319 2971 351 3012 m
372 2948 550 3035 periculum
572 2969 642 3010 esse
665 2959 842 3014 venturum.
864 2952 993 3016 Interim
1016 2971 1089 3012 suos

133 3033 312 3098 cohortatus
323 3043 481 3099 tormenta
491 3036 524 3097 in
536 3032 635 3096 muris
647 3033 785 3118 disponit
797 3047 963 3122 certasque
975 3036 1090 3120 cuique

133 3119 289 3202 partcsad
306 3120 480 3184 custodiam
502 3118 590 3182 urbis
613 3117 773 3202 attribuit3
796 3121 948 3188 militibus
960 3123 992 3184 in
1015 3141 1087 3183 oon·
1137 3169 1140 3180 .

133 3204 224 3268 cionc
239 3225 332 3289 agros
348 3227 390 3269 ex
404 3207 469 3269 suis
481 3202 733 3290 possessionibus
742 3205 920 3291 pollicetur,
938 3216 1090 3293 quaterna

132 3289 165 3352 in
187 3289 325 3374 singulos
354 3291 466 3376 iugera
495 3299 527 3354 et
553 3296 703 3375 prorata
730 3302 824 3375 parta
852 3291 1087 3357 centurionibus

133 3377 345 3461 evocatisque.
917 3391 919 3408 '

196 3459 245 3524 18.
267 3460 397 3525 Interim
420 3461 551 3526 Caesari
566 3465 728 3528 nuntiatur
745 3461 979 3546 Sulmonenses,
1004 3465 1087 3551 quod
