2532 3968
454 226 707 292 reuersum.
905 187 909 196 ’
1000 231 1058 298 xv

178 399 289 486 Neque
306 421 337 463 e.
361 399 403 464 25
423 401 457 462 in
477 399 603 464 verbis:
627 405 755 464 Tertium
776 409 834 466 iuer
855 407 1062 467 tenerorum

115 497 289 564 merentem
319 490 448 550 inimicis
480 493 550 550 ium
580 492 678 550 multis
701 493 804 566 potem
832 509 872 550 err
893 494 1014 552 eioitute
1033 499 1063 552 et

114 579 156 634 iis
184 571 362 635 notioribus·
389 593 453 635 ereo
479 575 709 650 iuterfecerunt,
731 569 871 635 ¹ulturum
900 579 957 636 ium
992 572 1062 640 sine

114 655 177 720 loei
198 654 385 721 detrimento
405 655 503 720 omitti
523 678 616 741 posse
638 657 790 720 existimo.
833 656 956 720 Inimiei
977 659 1062 722 enim

114 741 264 824 Tasgetii>
285 740 371 805 haud
397 741 491 806 dubie
521 741 560 804 ab
588 737 675 804 initio
696 743 787 826 regni
807 741 941 823 fixerunt,
965 739 1062 828 quum

113 826 199 904 hune
220 824 379 910 dignitatis
403 819 534 911 gradum
555 825 699 891 Caesaris
718 826 871 892 beneficio
897 836 1061 892 assecutus

114 920 208 990 esset,
216 920 249 974 et
260 919 318 976 iem
328 905 830 997 pelaminimicuminTasgetium
839 911 977 976 animum
988 932 1061 996 con·

112 996 190 1076 fessi
201 1005 300 1061 erent.
313 1033 351 1042 -—
362 995 487 1061 Infrein
499 996 610 1060 eodem
621 997 722 1081 eapite
733 995 807 1061 libri
818 997 1017 1060 consentiunt
1026 998 1061 1060 in

112 1077 236 1146 verbis:
251 1085 374 1146 Interim
385 1087 422 1146 ab
439 1087 574 1148 erunibus
588 1089 699 1160 teratu
711 1086 1027 1161 quaestoribuspu
1035 1103 1060 1158 e,

116 1171 225 1246 quitus
247 1172 380 1241 terriones
403 1169 580 1242 tradiderat,
602 1169 717 1232 certior
736 1171 838 1246 foetus
866 1177 912 1230 est
932 1188 956 1232 e.
975 1189 993 1246 o
1009 1220 1016 1232 .
1033 1189 1059 1231 s.

113 1249 225 1335 Inepte
252 1249 304 1314 hie
336 1251 376 1315 de
409 1259 619 1330 quaestoribus
652 1247 842 1316 mentionem
863 1251 941 1333 fieri,
965 1273 1062 1338 quum

115 1337 191 1399 setis
214 1345 334 1400 constet
353 1331 387 1400 in
409 1332 541 1422 singulis
562 1334 732 1422 provinciis
755 1333 895 1421 singulos
918 1345 1062 1423 quaesto-

116 1439 169 1485 res
194 1419 302 1504 fuisse,
330 1423 488 1486 neminem
520 1421 607 1507 fugit.
652 1417 851 1508 Quapropter
873 1419 1060 1486 ciacconius

116 1505 268 1590 singulari
295 1529 427 1572 numero
464 1520 680 1586 proaertoreque
712 1507 808 1572 scribi
839 1504 938 1588 iussit,
961 1505 1058 1592 idque

114 1585 324 1676 Nipperdeius
354 1591 518 1677 amplexus
554 1601 611 1657 est.
656 1585 720 1656 Sed
749 1609 862 1678 perum
889 1591 1061 1656 verisimile

116 1684 173 1754 est,
195 1696 283 1740 mero
299 1695 405 1740 errore
427 1689 644 1756 pueesiorepue
665 1678 697 1740 in
718 1675 872 1761 pluralem
893 1694 1059 1740 numerum

116 1760 248 1840 abiisse3
277 1762 383 1847 itaque
410 1763 462 1826 hio
483 1763 566 1826 idem
594 1762 746 1826 eccidisse
766 1771 851 1846 pute,
875 1759 959 1848 quod
979 1761 1064 1826 infre

114 1867 144 1909 e.
167 1845 208 1908 53
228 1847 345 1910 foetum
366 1857 415 1911 est
436 1849 469 1910 iu
487 1847 598 1911 verbis
611 1853 694 1911 ool.
711 1853 823 1912 Roscio
848 1859 1061 1926 quaestore,

120 1951 204 2016 puero
249 1939 362 2010 ieoioni
400 1941 504 1996 teriioe
546 1940 678 1996 decimor
712 1939 923 2013 praefecerat,
950 1940 1064 1996 certior

115 2022 238 2094 sootor;
267 2025 393 2080 ensium
422 2019 504 2081 enim
534 2026 581 2080 esi
611 2026 780 2096 querereris
807 2015 1005 2098 voeabulum,
1028 2025 1065 2080 ut

117 2111 204 2164 reete
225 2102 345 2164 monuit
360 2098 610 2186 Oudendorpius‚
633 2121 672 2164 ex
695 2102 880 2188 compendio
903 2103 1063 2186 sequentis

118 2186 311 2270 pronominis
334 2181 459 2250 relativi
480 2206 538 2272 per
560 2205 699 2250 errorem
727 2190 871 2272 repetito.
913 2181 1064 2271 Suspicor

118 2272 225 2354 itaque
257 2269 426 2335 Caesarem
456 2273 633 2358 scripsisse:
662 2279 778 2336 interim
805 2279 842 2336 oo
866 2279 1001 2335 omnihus
1023 2279 1063 2336 le-

117 2363 199 2432 ontis
212 2363 352 2432 quious
362 2379 379 2434 q
388 2379 432 2421 ue
443 2363 577 2434 teriones
588 2364 764 2435 tradiderat,
777 2365 889 2422 certior
895 2363 997 2434 foetus
1006 2367 1063 2431 eet;

116 2441 150 2504 in
177 2438 231 2502 illo
257 2447 421 2519 quibusque
442 2465 499 2526 per
521 2442 739 2526 compendium
767 2443 883 2526 scripto
907 2441 953 2527 (in
967 2441 1063 2506 Vind.

117 2524 215 2608 Aper
232 2513 323 2607 db'q3
352 2529 475 2590 exarari
510 2527 600 2606 solet)
635 2523 782 2591 librarius
817 2525 943 2612 quidem
972 2547 1064 2605 puae·

117 2615 306 2688 storiturque
334 2609 432 2674 latere
462 2613 636 2759 suspicatus
663 2612 697 2674 id
724 2613 856 2696 recepit⁷
886 2633 948 2696 quo
979 2611 1063 2676 feeto

118 2694 211 2764 etiem
233 2715 363 2760 neeesse
378 2705 444 2759 eret
458 2705 493 2759 ut
530 2719 610 2760 enuo
627 2704 734 2774 quitus
749 2706 953 2782 repeteretur.

181 2777 216 2842 Ο.
239 2779 280 2842 28
303 2802 374 2844 eum
400 2779 593 2846 Schneidero
616 2781 712 2847 edidi:
746 2789 921 2859 quantusvis
956 2789 1064 2860 copies

117 2871 204 2928 etiem
213 2870 425 2929 Germanorum
436 2875 581 2930 sustineri
587 2888 689 2947 posse.
707 2866 874 2931 Librorum
889 2867 1062 2950 scripture:

119 2957 295 3026 quantusvis
316 2972 471 3028 meones
486 2959 572 3016 etiem
592 2959 698 3031 copies
717 2957 928 3017 Germanorum
939 2972 962 3014 e.
981 2973 1008 3029 p.
1025 2972 1061 3025 s„

109 3032 272 3119 ¹quomodo
293 3033 370 3098 ferri
400 3036 516 3182 possit,
542 3036 749 3120 Nipperdeius
771 3057 834 3100 non
856 3036 969 3100 doeuit.
998 3034 1064 3097 Ad-

117 3118 244 3182 modum
259 3119 399 3184 verisimi
413 3130 489 3184 eest
503 3143 627 3198 meones·
640 3122 952 3206 interpretamentum
966 3119 1064 3182 fuisse

117 3204 205 3303 yoeis
226 3213 426 3303 'quantasvis
458 3215 552 3291 etque
581 3207 625 3269 ita
654 3205 768 3270 deinde
795 3207 828 3269 in
862 3208 931 3289 ipsa
964 3203 1065 3267 verbe

118 3310 184 3352 rrre
208 3311 297 3353 sisse.

184 3311 224 3436 in
251 3373 314 3437 tine
344 3395 370 3437 e.
398 3374 440 3438 43
469 3376 584 3439 retinui
611 3375 696 3461 quod
728 3397 837 3440 omnes
863 3374 952 3438 codd.
976 3395 1065 3458 pree·

119 3457 211 3522 beni:
235 3467 389 3538 turrisque
415 3479 562 3526 succenso
585 3475 644 3544 θεῖς
668 3460 712 3524 Ν.
734 3469 856 3526 succiso
881 3474 926 3523 est
957 3458 1064 3524 edidit.
