2562 3966
177 229 241 300 114
437 232 499 295 DE
521 231 665 296 BELLO
689 221 880 297 GALLICO

175 402 340 468 institutas
369 413 487 485 turres,
519 403 693 468 testudines
721 404 974 490 munitionesque
1000 403 1138 469 hostium

176 489 365 570 admiratum
388 488 513 575 legione
535 490 689 574 producta
711 489 873 574 cognoscit
894 511 958 552 non
980 488 1138 554 decimum
1234 487 1239 494 ’

179 596 335 661 quemque
364 597 433 638 esse
461 575 618 660 reliquum
647 573 779 637 militem
812 576 880 638 sine
912 573 1061 638 vulnere:
1096 597 1138 639 ex
1235 619 1238 623 -
1266 579 1268 584 ’

1269 693 1270 726 l

177 659 227 722 his
251 659 395 724 omnibus
417 659 536 724 iudicat
557 660 667 735 rebus,
699 667 815 744 quanto
838 681 910 724 cum
936 659 1077 744 periculo
1105 669 1137 726 et

179 754 297 830 quanta
320 767 392 808 cum
413 747 528 808 virtute
550 767 602 810 res
627 747 689 808 sint
718 744 963 810 administratae.
1010 743 1135 810 Cicero-

176 850 251 892 nem
279 850 338 915 pro
368 831 434 893 eius
464 831 576 894 merito
605 827 825 915 legionemque
855 829 1029 912 collaudat3
1064 827 1136 894 oen-

177 916 317 978 turiones
355 915 538 999 singillatim
573 914 780 1000 tribunosque
817 915 950 987 militum
982 915 1134 1000 appellat,

177 1018 312 1086 quorum
334 1003 495 1086 egregiam
516 1001 613 1064 fuisse
636 1001 784 1065 virtutem
806 1001 985 1066 testimonio
1008 999 1135 1064 Cicero-

176 1087 226 1148 nis
249 1096 452 1170 cognoverat.
492 1086 544 1149 De
572 1109 647 1150 casu
675 1085 786 1150 Sabini
819 1095 850 1150 et
878 1084 990 1150 Cottae
1020 1087 1134 1148 certius

177 1191 219 1232 ex
242 1172 373 1256 captivis
397 1173 567 1256 cognoscit.
612 1171 743 1236 Postero
766 1170 817 1234 die
847 1172 997 1236 concione
1026 1170 1135 1234 habita
1224 1228 1226 1232 ,

176 1278 243 1319 rem
259 1266 381 1341 gestam
395 1259 550 1342 proponit,
574 1257 690 1320 milites
706 1255 885 1320 consolatur
907 1265 938 1318 et
953 1254 1132 1320 confirmat:

177 1341 262 1426 quod
284 1341 505 1405 detrimentum
529 1343 623 1428 culpa
645 1351 676 1406 et
697 1342 873 1405 temeritate
895 1341 991 1426 legati
1021 1343 1061 1404 sit
1083 1362 1134 1404 ac-

176 1437 319 1510 ceptum,
342 1427 402 1491 hoc
425 1429 574 1512 aequiore
597 1431 702 1492 animo
725 1426 891 1490 ferundum
914 1425 1022 1508 docet,
1050 1425 1135 1512 quod
1231 1510 1232 1514 Ἰ

175 1509 329 1575 beneficio
353 1512 483 1577 deorum
504 1513 726 1577 immortalium
749 1521 780 1575 et
801 1513 916 1576 virtute
945 1533 1055 1576 eorum
1077 1532 1132 1575 ex·

174 1598 260 1684 piato
282 1598 481 1663 incommodo
503 1616 607 1684 neque
621 1597 765 1664 hostibus
789 1598 909 1661 diutina
930 1597 1058 1662 laetatio
1079 1619 1134 1662 ne-

176 1703 237 1767 que
259 1683 336 1766 ipsis
359 1682 482 1769 longior
505 1684 594 1748 dolor
615 1684 819 1771 relinquatur.

239 1765 290 1830 53.
319 1769 448 1832 interim
470 1769 511 1832 ad
533 1769 710 1833 Labienum
739 1791 797 1854 per
818 1769 933 1833 Remos
955 1767 1135 1833 incredibili

175 1851 335 1918 eeleritate
369 1854 408 1918 de
441 1856 574 1918 victoria
600 1853 747 1918 Caesaris
773 1853 865 1918 'fama
892 1855 1065 1940 perfertur,
1099 1863 1135 1917 ut

176 1958 273 2022 quum
295 1939 335 2002 ab
363 1939 503 2003 hibernis
527 1939 689 2005 Ciceronis
715 1939 802 2003 milia
827 1962 979 2025 passuum
1007 1938 1134 2003 abesset

175 2025 300 2088 circiter
322 2032 382 2106 LX,
412 2048 512 2110 eoque
541 2034 614 2110 post
640 2025 750 2090 horam
779 2047 894 2089 nonam
921 2025 986 2088 diei
1014 2023 1134 2088 Caesar

174 2111 381 2194 pervenisset,
405 2120 477 2174 ante
499 2111 635 2175 mediam
658 2119 783 2174 noctem
813 2109 853 2172 ad
880 2119 987 2194 portas
1015 2118 1132 2172 castro·

173 2215 245 2258 rum
268 2194 387 2262 clamor
411 2205 562 2278 oreretur,
587 2217 647 2281 quo
671 2195 807 2258 clamore
824 2195 1012 2280 significatio
1034 2196 1131 2259 victo-

174 2281 242 2344 riae
275 2280 507 2364 gratulatioque
534 2281 574 2343 ab
602 2281 709 2343 Remis
742 2279 883 2344 Labieno
916 2281 1015 2344 fieret.
1059 2279 1131 2343 Hac

173 2365 257 2429 lama
278 2365 320 2428 ad
342 2365 498 2428 Treveros
520 2364 642 2450 perlata
663 2365 905 2448 Indutiomarus,
929 2366 983 2451 qui
1004 2373 1131 2451 postero

175 2451 226 2514 die
249 2458 353 2514 castra
374 2448 508 2512 Labieni
527 2472 709 2535 oppugnare
726 2451 919 2533 decreverat,
943 2460 1038 2514 noctu
1060 2473 1131 2534 pro·

172 2534 254 2619 fugit
276 2536 446 2619 copiasque
469 2557 578 2598 omnes
599 2536 633 2598 in
655 2536 813 2601 Treveros
835 2535 968 2600 reducit.
1012 2535 1132 2600 Caesar
1221 2599 1226 2606 ,
1251 2543 1254 2548 “

173 2619 307 2684 Fabium
336 2642 408 2683 cum
437 2641 496 2684 sua
525 2619 650 2706 legione
671 2623 801 2685 remittit
824 2623 858 2684 in
880 2620 1028 2703 hiberna,
1062 2623 1132 2706 ipse

174 2727 246 2769 cum
272 2703 375 2768 tribus
404 2705 582 2790 legionibus
612 2708 730 2770 circum
757 2706 1013 2772 Samarobrivam
1039 2707 1131 2770 trinis

173 2789 314 2854 hibernis
336 2791 476 2855 hiemare
492 2793 653 2855 constituit
675 2801 715 2874 et,
739 2792 822 2878 quod
844 2793 922 2856 tanti
937 2802 1041 2857 motus
1056 2791 1132 2857 (tat

173 2875 236 2940 liae
259 2876 463 2957 exstiterant,
491 2886 589 2941 totam
617 2878 754 2941 hiemem
784 2879 852 2962 ipse
884 2877 925 2940 ad
958 2881 1133 2942 exercitum

172 2981 303 3026 manere
332 2961 481 3026 decrevit.
526 2962 608 3026 Nam
636 2962 691 3026 illo
721 2962 921 3027 incommodo
955 2963 994 3026 de
1021 2961 1133 3027 Sabini

172 3055 273 3111 morte
295 3046 416 3131 perlato
439 3069 549 3112 omnes
570 3047 637 3112 fere
660 3047 784 3112 Galliae
806 3049 949 3112 civitates
977 3049 1017 3112 de
1046 3048 1132 3113 bello

174 3131 403 3213 consultabant,
426 3135 552 3198 nuntios
575 3132 812 3218 legationesque
834 3136 867 3198 in
890 3155 998 3198 omnes
1025 3144 1132 3219 partes

174 3215 374 3280 dimittebant
397 3227 439 3300 et,
462 3218 538 3303 quid
560 3217 675 3304 reliqui
698 3218 820 3282 consilii
843 3228 1008 3303 caperent,
1037 3229 1132 3305 atque

173 3301 259 3366 unde
287 3302 411 3365 initium
440 3302 517 3366 belli
539 3302 646 3384 fieret,
681 3325 721 3366 ex
744 3302 890 3368 lorabant
916 3314 1132 3390 nocturnaque

173 3388 207 3448 in
240 3386 318 3452 locis
351 3387 485 3452 desertis
515 3387 651 3452 eoncilia
678 3325 848 3452 habebant.
892 3389 1003 3475 Neque
1031 3389 1131 3455 ullum

173 3471 240 3536 fere
261 3473 357 3534 totius
379 3471 491 3536 hiemis
514 3485 638 3558 tempus
661 3475 729 3538 sine
752 3473 962 3538 sollicitudine
985 3473 1132 3540 Caesaris
