2490 3974
218 233 280 300 228
523 233 651 299 BELLI
671 233 860 298 AFRIOAE

217 407 301 470 versi
322 408 355 470 in
376 405 481 470 hostes
501 408 545 470 im
565 407 706 470 ressione
726 405 810 468 facta
837 406 871 467 in
892 404 1000 490 fitgam
1023 404 1205 468 adversa-

216 493 279 554 rios
302 490 476 572 dederuut3
498 513 530 554 m
564 493 604 555 tis
626 490 748 571 occisis,
763 489 974 574 compluribus
996 488 1203 553 vulneratis

216 576 350 640 insecuti
376 598 435 662 per
455 584 491 639 111
519 575 606 639 milia
631 597 781 661 passuum
809 574 972 660 usquead
994 573 1109 637 colles
1139 575 1200 639 ho-

217 660 316 725 stibus
338 663 458 726 adactis
480 683 514 726 se
536 661 577 725 ad
590 683 664 726 suos
684 662 849 746 recipiunt
873 659 993 724 Caesar
1007 661 1044 720 in
1060 659 1197 723 horam

215 753 241 806 X
263 756 480 829 commoratus,
504 747 585 810 sicut
607 757 674 810 erat
686 749 866 828 instructus,
888 767 923 810 se
937 743 978 807 ad
993 765 1056 807 sua
1072 754 1197 808 castra

214 833 339 916 recepit·
356 832 500 897 omnibus
515 831 733 896 incolumibus.
755 831 793 894 In
808 853 869 916 quo
883 828 1005 916 proelio
1019 829 1193 893 Pacidius

252 920 354 982 aviter
374 916 439 1003 pilo
459 939 518 1002 per
539 917 694 981 cassidem
716 927 810 1002 caput
830 917 912 980 ictus
927 912 1192 1000 compluresque

214 937 311 1065 ddcm
347 1025 385 1066 ac
420 1004 605 1069 fortissimus
638 1004 771 1089 quisque
806 1001 962 1065 interfecti
996 997 1190 1064 vulnerati-

235 1109 275 1152 ue
297 1096 378 1150 sunt.

215 1109 235 1172 q
279 1171 328 1237 79.
350 1172 522 1260 Postquam
537 1172 623 1240 nulla
637 1173 816 1239 conditione
838 1191 953 1256 cogere
968 1167 1186 1234 adversarios

213 1267 343 1342 poterat,
366 1267 401 1322 ut
421 1261 455 1322 in
476 1281 609 1346 aequum
624 1258 728 1324 locum
743 1256 972 1322 descenderent
992 1254 1184 1339 legionum-

215 1363 275 1428 que
296 1343 470 1428 periculum
492 1345 640 1427 facerent,
667 1367 771 1432 nequo
799 1343 869 1427 ipse
893 1341 1022 1427 propius
1046 1339 1183 1404 hostem

215 1437 319 1492 castra
350 1451 466 1514 ponere
501 1439 630 1516 propter
665 1451 765 1514 aquae
800 1428 967 1512 penuriam
1002 1445 1038 1489 se
1076 1447 1182 1510 posse

213 1513 492 1597 animadvertebat,
516 1515 714 1580 adversarios
740 1537 805 1580 non
825 1516 941 1578 virtute
963 1531 1076 1575 eorum
1102 1531 1180 1574 con-

212 1598 321 1682 fidere,
350 1598 406 1663 sed
427 1621 579 1687 aquarum
596 1601 703 1685 inopia
717 1601 815 1665 fretos
834 1598 997 1683 despicere
1019 1619 1056 1661 se
1078 1593 1178 1659 intel-

212 1682 306 1767 lexit,
328 1692 352 1746 ΙΙ
377 1686 458 1750 Non.
479 1687 557 1772 Apr.
579 1687 674 1750 tertia
694 1686 803 1772 vigilia
825 1703 971 1769 egressus
993 1679 1033 1745 ab
1058 1679 1177 1765 Aggar

212 1775 277 1832 xvi
288 1769 376 1834 milia
386 1780 478 1836 nocte
492 1792 677 1856 progressus
693 1771 734 1836 ad
749 1769 920 1855 Thapsum,
936 1765 992 1831 ubi
1005 1765 1176 1849 Vergilius

212 1875 283 1919 cum
304 1856 418 1939 grandi
431 1857 588 1942 praesidio
609 1867 765 1943 praeerat,
782 1865 887 1920 eastra
900 1854 990 1938 ponit
1002 1850 1173 1935 oppidum-

212 1961 272 2026 que
295 1962 332 2005 eo
355 1940 406 2006 die
428 1943 668 2006 circummunire
698 1945 801 2028 coepit
823 1942 954 2026 locaque
976 1937 1095 2002 idonea
1120 1961 1173 2023 op·

210 2034 406 2112 portunaque
429 2027 590 2113 complura
611 2027 778 2113 praesidiis
805 2047 971 2111 occupare,
996 2023 1109 2089 hostes
1133 2046 1171 2087 ne

210 2111 328 2176 intrare
350 2111 391 2175 ad
412 2133 447 2176 se
469 2134 507 2175 ac
521 2112 590 2176 loca
604 2115 755 2178 interiora
769 2133 883 2197 capere
896 2117 1035 2196 possent.
1060 2108 1169 2194 Scipio

210 2196 336 2261 interim
366 2198 498 2280 cognitis
529 2197 677 2262 Caesaris
710 2197 849 2263 consiliis
877 2197 918 2260 ad
945 2195 1169 2258 necessitatem

210 2280 363 2345 adductus
386 2281 565 2365 dimicandi,
588 2306 628 2347 ne
649 2306 707 2369 per
736 2305 892 2347 summum
921 2280 1059 2346 dedecus
1081 2279 1164 2343 fidis·

211 2365 308 2429 simos
329 2368 394 2430 suis
416 2366 511 2431 rebus
533 2370 743 2455 Thapsitanos
759 2379 790 2433 et
803 2367 979 2452 Vergihum
998 2367 1164 2448 amitteret,

211 2451 374 2515 confestim
401 2449 571 2518 Caesarem
599 2475 657 2538 per
688 2455 849 2540 superiora
880 2453 950 2517 loca
977 2461 1163 2516 consecutus

210 2533 297 2600 miha
318 2559 467 2622 passuum
489 2546 590 2603 Vllla
618 2539 746 2625 Thapso
774 2538 857 2602 binis
879 2538 990 2620 castris
1012 2538 1161 2602 consedit

273 2621 323 2686 80.
345 2622 424 2686 Erat
445 2634 590 2708 stagnum
613 2624 794 2705 salinarum,
816 2626 898 2686 inter
920 2622 1004 2710 quod
1026 2631 1058 2686 et
1076 2645 1160 2687 mare

209 2708 373 2792 angustiae
405 2709 559 2794 quaedam
588 2731 652 2774 non
682 2709 816 2795 amplius
845 2707 932 2772 mille
954 2717 986 2772 et
1007 2716 1028 2769 D
1051 2729 1157 2792 passus

210 2792 400 2876 intererant3
423 2816 501 2881 quas
524 2793 629 2880 Scipio
650 2797 770 2859 intrare
800 2803 831 2858 et
852 2793 1054 2878 Thapsitanis
1075 2795 1156 2857 auxi-
1215 2791 1216 2809 ¹

209 2875 286 2941 lium
306 2878 389 2942 ferre
411 2878 592 2944 conabatur.
626 2878 720 2958 Quod
746 2879 884 2943 futurum
910 2881 1077 2944 Caesarem
1095 2901 1156 2944 non

208 2962 372 3028 fefellerat.
400 2966 543 3050 Namque
564 2966 665 3051 pridie
685 2967 720 3028 in
742 2987 779 3030 eo
801 2964 871 3030 loco
893 2963 1022 3029 castello
1043 2967 1153 3028 munito

208 3047 315 3150 ibique
336 3050 429 3113 tertia
445 3065 538 3131 parte
558 3051 715 3135 praesidio
736 3049 847 3114 relicta
860 3051 928 3136 ipse
944 3071 1014 3114 cum
1032 3049 1153 3134 reliquis

209 3135 306 3218 copris
335 3133 448 3199 lunatis
478 3137 588 3199 castris
617 3133 777 3284 Thapsum
805 3134 951 3202 ceribus
978 3138 1151 3200 circummu-

207 3219 296 3282 nivit.
333 3219 438 3305 Scipio
470 3223 594 3286 interim
630 3243 777 3285 excusus
813 3159 854 3285 ab
889 3222 1014 3306 incepto
1049 3222 1150 3286 itinere

208 3325 305 3388 supra
331 3313 475 3391 stagnum
503 3315 629 3392 postero
658 3305 709 3371 die
737 3316 768 3370 et
788 3313 881 3372 nocte
909 3306 1049 3370 confecto
1070 3307 1149 3371 coelo
1213 3303 1214 3373 l

209 3388 335 3453 albente
356 3412 419 3455 non
442 3390 535 3476 longe
557 3391 701 3459 acastris
715 3387 945 3478 praesidioque,
968 3390 1050 3476 quod
1064 3413 1149 3477 supra
1212 3471 1213 3476 ἵ

210 3477 460 3558 commemoravi,
482 3476 567 3543 mille
589 3475 734 3562 passibus
757 3477 797 3541 ad
812 3499 899 3541 mare
920 3497 1031 3541 versus
1052 3499 1147 3542 conse
1212 3493 1213 3544 ἑ
