2490 3974
396 187 539 252 CAPUT
562 188 697 252 32-34.
959 185 1024 258 203

12 395 15 436 r
61 361 193 426 affinem
216 381 287 424 esse
311 359 491 442 audiebant,
515 361 548 422 in
571 359 768 422 eius‘eastra
789 357 957 443 perfugere
981 379 1030 422 ca-

12 481 15 522 ,
62 446 213 510 tervatim
229 467 294 510 uon
309 446 529 509 intermittunt.
553 443 697 522 Quorum
713 465 754 506 ex
774 465 907 507 numero
924 443 1032 508 electis

12 567 13 608 t
64 528 248 594 bominibus
273 529 498 594 illustrioribus
522 537 553 592 et
567 529 678 592 litteris
695 529 735 591 ad
758 551 831 592 suos
848 530 935 592 cives
952 527 1032 598 datis

12 653 15 694 ι
64 615 257 698 cohortatus,
283 616 330 678 uti
351 637 447 678 manu
475 615 560 678 facta
589 637 622 679 se
654 635 790 698 suosque
819 613 1033 694 defenderent,

60 723 103 764 ne
128 701 192 764 suis
207 701 346 764 inimicis
362 699 616 784 adversariisque
637 698 720 763 dicto
737 699 901 762 audientes
917 706 1032 778 essent,

61 785 170 850 mittit.
808 813 813 816 ·

12 827 15 866 Ι
128 870 180 934 33.
204 870 291 934 Dum
302 870 383 934 haec
398 869 440 934 ad
454 868 628 954 Ruspinam
643 869 731 950 fiunt,
748 867 847 951 legati
863 891 903 933 ex
919 867 1033 950 Acilia,

12 999 15 1036 ,
62 955 194 1019 civitate
216 954 318 1020 libera
341 964 373 1018 et
393 955 535 1037 immuni,
560 953 601 1017 ad
631 953 801 1018 Caesarem
830 957 963 1019 veniunt
987 975 1034 1018 se·

12 1083 14 1124 ,
84 1061 126 1102 ue
137 1049 274 1125 paratos,
292 1061 510 1126 quaecumque
526 1041 721 1124 imperasset,
746 1048 778 1102 et
792 1038 903 1103 libenti
926 1041 1030 1104 animo

12 1145 14 1208 j
61 1063 202 1189 facturos
230 1124 437 1210 pollicentur:
467 1133 588 1188 tantum
616 1133 766 1192 orareet
788 1134 897 1208 petere
919 1124 960 1188 ab
985 1147 1031 1204 eo,

12 1255 13 1296 ,
61 1219 98 1272 ut
121 1208 183 1272 sibi
205 1209 398 1294 praesidium
428 1209 526 1292 daret,
558 1231 619 1295 quo
649 1212 746 1273 tutius
777 1208 811 1272 id
834 1219 865 1272 et
888 1212 955 1273 sine
977 1231 1030 1294 pe·

12 1339 14 1380 ,
61 1293 165 1358 riculo
188 1293 292 1358 facere
315 1304 461 1381 possent,
484 1317 518 1358 se
542 1304 572 1358 et
593 1295 785 1358 frumentum
808 1303 840 1358 et
862 1317 1030 1381 quaecum·

12 1427 13 1466 ,
64 1400 200 1463 queres
224 1380 269 1442 eis
293 1389 476 1465 suppeteret
497 1380 672 1444 communis
696 1377 805 1443 salutis
827 1381 931 1464 gratia
957 1380 1028 1443 sub·

12 1515 13 1554 ,
63 1465 306 1528 ministraturos.
330 1465 454 1545 Quibus
469 1464 577 1530 ,rebus
606 1464 700 1528 facile
730 1486 750 1528 a
772 1464 910 1529 Caesare
933 1466 1031 1550 impe-

12 1601 13 1640 ,
63 1550 155 1612 tratis
177 1549 399 1634 praesidioque
429 1550 501 1615 dato
532 1547 568 1612 C.
591 1549 754 1632 Messium,
788 1549 934 1614 aedilicia
963 1551 1031 1614 fun-

12 1687 13 1726 ,
66 1643 151 1698 ctum
166 1643 332 1719 potestate,
348 1633 484 1699 Aciliam
499 1634 588 1699 iubet
603 1635 771 1718 proficisci.
796 1634 921 1714 Qubus
936 1633 1032 1698 rebus

12 1773 13 1812 ,
65 1719 201 1803 cognitis
225 1719 394 1784 Considius
409 1719 550 1805 Longus,
567 1723 621 1806 qui
635 1719 804 1784 Adrumeti
820 1742 891 1782 curn
907 1719 1033 1784 duabus

12 1861 13 1898 ,
65 1804 244 1888 legionibus
275 1815 306 1868 et
335 1805 492 1890 equitibus
522 1811 590 1868 DCC
622 1813 778 1890 praeerat,
813 1805 959 1869 celeriter
986 1803 1031 1868 ibi

12 1941 13 1952 ,
66 1899 157 1976 parte
179 1890 332 1974 praesidii
348 1889 458 1954 relicta
474 1913 545 1954 cum
563 1897 623 1952 Vltl
639 1889 822 1954 cohortibus
839 1890 879 1954 ad
895 1889 1030 1968 Aciliam

12 1971 13 2042 J
67 1977 114 2038 ire
138 1975 309 2038 contendit.
332 1975 467 2039 Messius
487 1973 624 2040 'celerius
647 1977 759 2040 itinere
782 1975 924 2039 confecto
947 1977 1033 2060 prior

12 2117 13 2158 ,
66 2059 204 2124 Acillarn
227 2083 299 2125 curn
321 2060 502 2126 cohortibus
525 2061 681 2146 pervenit.
705 2059 874 2125 Considius
896 2061 1031 2144 interim,

12 2185 13 2224 p
68 2167 165 2232 quum
188 2144 230 2209 ad
251 2145 364 2209 urbem
393 2167 465 2208 curn
495 2147 593 2230 copiis
623 2147 810 2210 accessisset
840 2156 871 2214 et
894 2149 1033 2214 animad-

12 2233 13 2308 ζ
66 2231 214 2294 vertisset
240 2230 434 2316 praesidium
464 2229 613 2294 Caesaris
640 2229 685 2294 ibi
706 2235 803 2318 esse,
837 2257 902 2298 non
934 2257 1029 2298 ausus

12 2313 13 2400 f
70 2314 248 2400 periculum
275 2337 401 2381 suorum
430 2316 535 2380 facere
562 2315 651 2382 nulla
679 2343 714 2385 re
737 2333 828 2405 gesta
848 2315 906 2406 pro
928 2320 1030 2383 nrulti-

68 2400 179 2464 tudine
190 2399 352 2466 hominum
368 2423 477 2465 rursus
494 2422 528 2464 se
543 2400 755 2470 Adrumetum
770 2428 842 2470 rece
864 2407 904 2487 it,
917 2404 1031 2469 deinde

12 2553 13 2568 ,
68 2487 180 2571 paucis
208 2495 279 2570 post
310 2485 422 2550 diebus
452 2491 653 2571 equestribus
687 2493 786 2576 copiis
819 2429 863 2554 ab
887 2490 1031 2554 Labieno

12 2571 13 2588 ¹
69 2569 212 2636 adductis
239 2593 348 2636 rursus
380 2569 567 2640 Aoillitanos
597 2577 710 2640 castris
744 2577 853 2661 positis
882 2575 1030 2651 obsidere

71 2677 128 2720 coa
151 2657 184 2718 it.

12 2807 14 2846 ,
129 2678 183 2808 dl
206 2741 268 2806 Per
289 2741 323 2804 id
349 2757 473 2833 tempus
501 2745 537 2810 C.
567 2745 736 2811 Sallustius
767 2745 910 2832 Crispus,
935 2762 1029 2892 ‹puem

12 2859 14 2930 p
69 2831 179 2914 paucis
212 2841 284 2896 ante
314 2831 426 2897 diebus
455 2835 587 2896 missurn
614 2853 633 2895 a
663 2829 801 2895 Caesare
832 2853 904 2895 curn
926 2851 1028 2894 casse

12 2975 14 3014 Ι
69 2913 365 2999 demonstravimus,
390 2917 558 2982 Cercinam
586 2918 742 3002 pervenit.
773 2915 869 2980 Cuius
892 2914 1032 2978 adventu

12 3063 13 3102 ,
68 2997 107 3062 C.
122 2999 285 3066 Decimius
307 3004 512 3088 quaestorius,
529 3003 583 3089 qui
600 3001 646 3066 ibi
667 3023 738 3066 curn
758 3001 872 3087 grandi
892 2998 1030 3064 familiae

12 3117 14 3186 p
70 3107 147 3150 suae
155 3086 316 3170 praesidio
327 3097 477 3172 praeerat
487 3089 685 3169 commeatui,
694 3086 860 3172 parvulum
868 3085 1032 3169 navigium

12 3235 13 3256 ,
66 3179 180 3235 nactus
203 3173 388 3236 conscendit
409 3195 448 3238 ao
462 3195 496 3236 se
516 3173 612 3257 fugae
628 3171 836 3236 commendat.
861 3169 1030 3235 Sallustius

12 3263 14 3338 ζ
66 3258 191 3320 interim
220 3266 347 3342 praetor
374 3281 394 3324 a
423 3257 631 3322 Cercinitanis
660 3267 807 3342 receptus
836 3278 952 3340 magno
974 3276 1031 3318 nu·

12 3339 14 3364 ⁵
68 3363 154 3406 mero
176 3342 325 3406 frumenti
346 3344 475 3408 invento
501 3365 601 3408 naves
632 3345 805 3424 onerarias,
829 3362 962 3427 quarum
983 3338 1029 3403 ibi

12 3407 15 3536 ἱ
69 3427 146 3488 satis
167 3449 283 3512 magna
304 3429 396 3513 copia
417 3429 484 3511 fuit,
514 3427 653 3513 complet
680 3437 773 3513 atque
803 3427 835 3490 in
859 3435 963 3489 castra
986 3422 1028 3488 ad
