2534 3970
195 225 236 292 66
449 225 512 289 DE
533 224 676 291 BELLO
699 223 890 291 GALLIGO

196 398 271 485 quid
292 397 398 462 hostes
422 395 546 462 consilii
561 407 719 482 caperent,
747 395 961 484 exspectabat
1005 395 1066 478 llli,
1089 397 1149 460 etsi

168 542 170 547 .
195 491 325 570 propter
345 481 577 546 multitudinem
600 491 632 546 et
652 491 792 546 veterem
819 482 897 546 belli
918 481 1053 582 gloriam
1073 503 1149 582 pau·
1264 559 1265 564 γ

196 569 384 653 citatemque
405 576 585 632 nostrorum
614 588 648 631 se
676 576 742 633 tuto
770 567 971 631 dimicaturos
994 575 1150 630 existima

195 654 282 734 baut,
304 662 409 716 tamen
437 653 534 716 tutius
560 673 631 716 esse
660 651 894 717 arbitrabantur
922 651 1062 716 obsessis
1089 652 1150 716 viis

193 746 375 804 commeatu
395 736 566 801 intercluso
589 737 657 800 sine
678 737 743 803 ullo
757 737 890 803 vulnere
902 738 1036 802 victoria
1055 737 1151 821 potiri

196 832 237 906 et,
260 824 288 887 si
308 831 437 909 propter
457 823 596 907 inopiam
617 823 665 886 rei
685 822 910 888 frumentariae
924 822 1058 886 Romani
1080 843 1151 886 sese

195 909 338 993 recipere
361 908 549 992 coepissent,
571 907 738 992 impeditos
760 909 794 971 in
817 910 943 993 agmine
957 917 990 971 et
1004 907 1063 971 sub
1085 929 1150 971 sar-

197 993 276 1058 cinis
298 993 469 1057 infirmiore
491 993 596 1057 animo
619 992 738 1057 adoriri
759 993 948 1078 cogitabant
984 992 1056 1058 Hoc
1077 1014 1151 1057 con·

187 1078 267 1150 ¹silio
289 1078 423 1164 probato
453 1077 493 1141 ab
517 1076 650 1142 ducibus
679 1077 842 1164 productis
863 1079 1079 1143 Romanorum
1101 1099 1152 1142 co-

193 1165 257 1251 piis
281 1185 352 1228 sese
374 1163 485 1242 castris
507 1162 669 1227 tenebant.
712 1163 785 1227 Hac
814 1187 850 1229 re
870 1172 1037 1250 perspecta
1059 1161 1151 1227 Cras-

198 1271 252 1314 sus
274 1271 371 1334 quum
398 1270 457 1312 sua
490 1249 689 1313 cunctatione
719 1249 867 1334 opinione
895 1248 1067 1313 timidiores
1096 1249 1152 1312 ho·

197 1343 261 1400 stes
283 1343 407 1399 nostros
434 1331 548 1397 milites
578 1332 748 1398 alacriores
777 1333 818 1397 ad
845 1333 1050 1420 pugnandum
1079 1334 1153 1398 effe-

198 1421 325 1500 cissent,
347 1428 442 1505 atque
468 1421 607 1483 omnium
634 1441 731 1483 voces
760 1419 952 1501 audirentur,
975 1419 1154 1504 exspectari

147 1513 152 1533 '
198 1503 315 1569 diutius
335 1526 401 1568 non
422 1512 575 1588 oportere,
599 1505 675 1589 quin
697 1503 738 1567 ad
760 1514 865 1568 castra
883 1506 989 1586 iretur,
1012 1503 1154 1568 cohorte

197 1598 248 1655 tus
283 1611 357 1739 sudqs
385 1587 530 1654 omnibus
566 1589 765 1674 cupientibus
801 1589 842 1653 ad
876 1589 1014 1654 hostium
1050 1597 1155 1654 castra

196 1684 312 1741 conten
336 1676 368 1738 ‘t
641 1735 644 1741 .

265 1761 317 1824 25.
352 1759 403 1824 [bi
425 1781 521 1845 quum
543 1759 596 1822 alii
617 1759 719 1823 fossas
742 1759 945 1846 complerent,
972 1759 1026 1823 alii
1047 1759 1154 1824 multis

198 1845 270 1911 telis
286 1845 436 1910 coniectis
452 1845 635 1910 defensores
646 1843 732 1910 vallo
747 1844 1036 1930 munitionibusque
1048 1844 1155 1930 depel-

72 2009 76 2014 .
199 1931 311 2013 lerent,
334 1929 575 2015 auxiliaresque,
599 1929 712 2015 quibus
728 1929 769 1994 ad
783 1953 923 2016 pugnam
944 1952 1009 1996 non
1023 1929 1157 1996 multum

201 2014 338 2082 Crassus
350 2013 537 2097 confidebat,
552 2013 711 2164 lapidibus
726 2015 861 2101 telisque
880 2014 1156 2080 subministrandis
1260 1995 1264 2014 ³

201 2110 233 2165 et
245 2100 289 2202 ad
303 2121 452 2186 aggerem
467 2099 579 2201 cespiti
600 2123 638 2164 us
653 2100 886 2186 comportandis
908 2101 1046 2201 speciem
1061 2110 1156 2250 atque

129 2257 135 2264 r
202 2207 383 2273 opinionem
402 2194 608 2270 pugnantium
622 2185 820 2270 praeberent,
845 2209 940 2272 quum
955 2196 1031 2250 rtem
1046 2186 1086 2250 ab
1123 2209 1156 2251 o-

201 2270 303 2336 stibus
318 2280 499 2334 constanter
509 2292 547 2334 ac
560 2293 625 2335 non
636 2271 745 2335 timide
755 2281 957 2357 pugnaretur,
973 2271 1099 2357 telaque
1114 2293 1156 2335 ex
1263 2277 1264 2295 ¹

202 2355 274 2422 loeo
296 2357 459 2440 superiore
480 2356 578 2419 missa
598 2378 663 2421 non
684 2355 801 2420 treuna
822 2355 1012 2439 acciderent,
1034 2357 1156 2443 equites

202 2441 373 2506 circumitis
391 2441 529 2505 hostium
551 2442 661 2505 castris
677 2439 794 2506 Crasso
813 2443 1074 2509 renuntiaverunt
1091 2464 1156 2506 non

203 2525 316 2592 eadem
349 2547 419 2590 esse
452 2525 615 2611 diligentia
647 2526 688 2590 ab
721 2527 897 2592 decumana
929 2537 1021 2614 porta
1051 2536 1157 2592 eastra
1262 2511 1263 2548 ³

203 2612 325 2676 munita
346 2610 533 2697 facilemque
556 2611 676 2675 aditum
697 2609 826 2676 habere.

268 2695 320 2760 26.
365 2695 498 2762 Crassus
526 2697 665 2844 equitum
694 2697 870 2782 praefectos
898 2698 1093 2780 cohortatus,
1121 2707 1157 2761 ut

300 2783 329 2846 is
350 2782 498 2868 praemiis
513 2804 554 2868 po
568 2781 856 2868 licitationibusque
878 2805 952 2848 suos
969 2784 1155 2863 excitarent,

206 2867 260 2954 qui
307 2866 377 2930 fieri
404 2866 496 2949 velit,
527 2867 673 2932 ostendit
717 2866 782 2949 Illi,
810 2877 934 2933 uteret
959 2870 1156 2954 imperatum,

205 2951 327 3016 eduum
350 2953 389 3016 iis
412 2951 604 3034 cohortibus,
626 2973 708 3038 quae
744 2952 882 3018 raesidio
897 2955 1008 3018 casum
1030 2952 1158 3018 relictae

205 3037 332 3103 intritae
353 3036 394 3102 ab
417 3037 526 3102 labore
548 3047 651 3119 erant,
674 3047 706 3102 et
722 2975 870 3122 longiore
891 3039 1003 3102 itinere
1025 3039 1156 3104 eircum-

207 3121 318 3205 ductis,
340 3144 382 3187 ne
397 3144 439 3187 ex
453 3123 591 3187 hostium
605 3125 716 3187 castris
738 3124 878 3208 conspici
898 3133 1037 3210 possent,
1059 3125 1158 3189 omui-

200 3229 260 3273 um
282 3207 381 3274 oculis
403 3207 623 3293 mentibusque
645 3207 687 3272 ad
700 3230 841 3294 pugnam
860 3208 989 3273 intentis
1012 3208 1159 3274 celeriter

207 3292 248 3356 ad
271 3315 334 3375 eas,
358 3315 436 3380 quas
459 3293 606 3375 diximus,
629 3295 819 3358 munitiones
833 3303 1048 3379 pervenerunt
1062 3304 1158 3380 atque

206 3377 257 3443 his
290 3379 428 3464 prorutis
478 3380 544 3442 rius
565 3376 604 3441 ¹in
631 3376 769 3442 hostium
798 3379 910 3443 castris
940 3381 1157 3461 constiterunt,

208 3483 303 3549 quam
330 3462 425 3551 plane
447 3401 487 3528 ab
509 3462 559 3528 his
587 3462 690 3528 videri
718 3471 788 3546 aut,
818 3462 895 3550 quid
914 3465 964 3528 rei
984 3474 1157 3549 gerereuu,
