2532 3968
154 203 217 270 208
413 205 475 270 DE
496 205 640 270 BELLO
664 205 856 274 GALLlOO

153 378 303 444 sessionis
330 388 526 459 vererentur,
550 379 750 465 maximeque
772 400 813 444 ex
834 377 1115 461 omnibusLuots·

152 461 229 546 rins,
253 465 307 550 qui
329 463 473 529 fortunae
499 463 583 530 illius
629 463 781 530 ericulum
808 463 944 547 fecerat,
973 477 1115 532 moneret

152 547 301 618 frumenti
315 551 469 614 rationem
484 571 554 615 esse
565 488 755 633 habendam,
767 551 962 616 constituunt
975 552 1114 618 omnium

152 656 310 704 consensu
331 644 421 721 parte
449 634 496 700 ibi
520 635 631 702 relicta
659 637 821 721 copiarum
841 637 903 721 ipsi
925 658 996 700 oum
1013 657 1114 723 ‚expe

153 720 225 790 ditis
248 721 290 786 ad
300 719 543 805 ,importandum
552 721 743 788 linamentum
757 721 926 808 proficisci.
970 721 1021 787 Eo
1042 743 1114 788 eon-

152 805 224 874 silio
244 805 378 893 probato
404 807 549 892 proxima
569 815 662 874 nocte
685 807 808 872 dnobus
831 807 958 872 milibus
981 818 1115 876 armato-

152 914 223 960 rum
243 891 363 959 relictis
385 891 524 977 reliquos
540 915 582 958 ex
597 893 713 982 oppido
728 892 879 979 Drappes
901 902 935 960 ct
946 893 1115 962 Lucterius

152 977 299 1046 educunt.
344 977 388 1042 Hi
409 999 529 1062 paucos
558 977 625 1044 dies
654 980 769 1044 morati
792 1001 831 1042 ex
853 978 973 1044 finibus
995 978 1115 1048 Cadur·

152 1085 269 1148 oorum,
287 1065 341 1150 qui
355 1065 472 1148 partim
485 1087 522 1130 re
537 1063 744 1130 frumentaria
754 1062 925 1130 sublevare
939 1087 994 1130 eos
1009 1067 1114 1150 cupie-

151 1148 238 1232 bant,
267 1151 383 1235 partim
414 1148 594 1234 prohibere,
623 1173 685 1236 quo
713 1150 817 1216 minus
845 1160 1022 1232 sumerent,
1049 1172 1114 1216 non

150 1245 314 1321 poterant,
347 1257 498 1320 magnum
534 1258 700 1302 numerum
732 1235 881 1302 frumenti
920 1247 1114 1321 comparant,

150 1343 387 1407 nonnumquam
409 1330 514 1384 autem
530 1321 784 1407 expeditionibus
799 1323 961 1386 noctuinis
984 1321 1116 1386 castella

151 1416 331 1470 nostrorum
373 1403 564 1470 adoriuntur.
625 1407 729 1487 eram
767 1406 808 1472 ob
848 1427 978 1472 causam
1016 1405 1115 1472 Gaius

153 1491 306 1559 Caninius
328 1500 394 1558 toto
417 1491 533 1577 oppido
548 1494 738 1560 munitiones
753 1490 950 1558 circumdare
963 1499 1114 1575 moratur,

150 1599 193 1644 ne
214 1586 271 1642 aut
290 1599 369 1664 opus
392 1577 539 1644 effectum
560 1580 642 1644 tueri
670 1601 733 1644 non
763 1581 864 1664 possit
896 1587 952 1644 aut
972 1577 1115 1664 plurimis

150 1665 185 1732 in
205 1663 285 1731 locis
306 1663 432 1730 infirma
454 1663 601 1748 disponat
622 1664 791 1749 praesidia.

215 1749 267 1818 35.
296 1747 417 1836 Magna
444 1750 536 1835 copia
564 1748 713 1814 firmanti
742 1773 811 1816 com
836 1760 923 1817 arata
949 1750 1117 1816 considunt

150 1835 303 1921 Drappes
325 1845 358 1898 et
377 1834 545 1904 Lucterius
567 1857 632 1900 non
654 1834 779 1922 longius
795 1774 835 1900 ab
852 1835 967 1920 oppido
989 1843 1015 1898 X
1036 1834 1115 1902 mili·

150 1921 221 2008 bus,
244 1921 330 1990 unde
356 1920 509 2006 paulatim
541 1921 732 1995 frumentum
759 1923 792 1986 in
815 1921 967 2007 oppidum
987 1943 1116 2007 suppor-

150 2017 264 2074 tarent.
307 2007 375 2092 lpsi
396 2007 479 2074 inter
505 2029 540 2072 se
554 2009 732 2094 provincias
747 2009 944 2094 partiuntur:
967 2006 1116 2092 Drappes

117 2165 121 2174 ¹
152 2095 262 2160 eastris
284 2092 444 2178 praesidio
467 2114 539 2160 eum
560 2103 652 2179 parte
667 2095 830 2178 copiarum
851 2093 982 2175 restitit,
1002 2091 1115 2156 Lucte-

149 2179 259 2248 tinsa
314 2200 355 2242 en
383 2181 595 2244 iumentorum
623 2179 665 2242 ad
686 2178 837 2264 oppidum
860 2177 955 2242 ducit.
999 2175 1114 2262 Dispo

152 2265 220 2330 sitis
242 2264 254 2327 i
277 2265 288 2328 i
308 2263 479 2350 praesidiis
500 2263 580 2330 hore.
599 2265 701 2330 noctis
724 2264 850 2328 circiter
872 2263 998 2326 decima
1022 2261 1113 2326 silve·

152 2349 271 2414 stribus
294 2351 500 2438 angustisque
528 2348 694 2416 itineribus
722 2348 914 2414 frumentum
940 2348 1112 2496 importare

150 2438 185 2500 in
208 2435 358 2521 oppidum
379 2436 521 2498 instituit.
568 2433 710 2513 Quorum
741 2435 905 2518 strepitum
926 2433 1041 2517 vigies
1064 2454 1114 2499 oa·

152 2531 289 2586 strorum
305 2543 402 2606 quum
422 2521 604 2602 sensissent,
621 2519 904 2606 exploratoresque
918 2519 1017 2601 missi,
1031 2540 1114 2606 quae

150 2616 355 2694 gererentur,
388 2606 642 2687 renuntiassent,
677 2603 829 2670 Caninius
865 2602 1011 2672 celeriter
1043 2625 1114 2674 oum

150 2692 333 2760 cohortibus
360 2692 489 2756 armatis
520 2691 735 2776 ex'proximis
762 2689 902 2756 castellis
924 2690 957 2754 in
979 2689 1115 2756 frumen·

150 2779 247 2844 tarios
270 2776 329 2850 sub
351 2778 454 2861 ipsam
475 2774 579 2842 lucem
600 2777 753 2861 impetum
774 2777 857 2840 fecit.
900 2775 929 2840 Ii
949 2777 1115 2861 repentino

149 2862 232 2932 malo
240 2856 408 3012 ,perterriti
420 2861 588 2947 diffugiunt
599 2861 640 2926 ed
652 2884 710 2926 sua
720 2861 896 2947 praesidia3
920 2883 1002 2961 quae
1015 2862 1114 2962 nosti

149 2959 185 3014 ut
205 2951 238 3014 vi
262 2960 361 3031 erint,
385 2949 490 3016 acrius
520 2959 632 3014 conus
652 2957 791 3014 armatos
814 2949 936 3012 incitas
956 2967 1115 3014 nemmem

151 3058 192 3102 es
214 3057 252 3100 eo
281 3056 412 3100 numero
435 3037 546 3102 vivum
567 3035 638 3120 oapi
659 3035 830 3119 patiuntur.
875 3031 1019 3118 Profugit
1040 3031 1114 3096 inde
1176 3101 1178 3106 ,

149 3143 222 3190 cum
267 3122 353 3188 aucis
375 3120 541 3188 Lucterius
568 3142 628 3182 nec
651 3141 686 3182 se
708 3119 821 3204 recipit
841 3119 875 3182 in
898 3127 1012 3182 castra.

213 3143 266 3272 :tri
287 3205 335 3271 Re
356 3205 439 3272 bene
462 3215 554 3291 gesta
565 3204 718 3269 Caninius
741 3227 782 3268 ex
804 3205 938 3288 captivis
961 3203 1115 3288 comperit

148 3301 272 3376 partem
303 3293 465 3377 copiarum
494 3313 566 3356 cum
594 3290 758 3375 Drappete
795 3311 866 3354 esse
895 3289 929 3352 in
962 3289 1117 3352 castriso

149 3375 277 3440 milibus
301 3376 396 3461 longe
418 3399 482 3442 non
505 3375 643 3461 amplius
663 3383 723 3438 XII.
770 3373 898 3453 Quare
921 3395 962 3438 ex
977 3371 1115 3458 complu·

149 3458 237 3524 ribus
260 3463 394 3548 cognita,
423 3484 519 3549 quum
541 3460 741 3546 intellegeret
769 3461 877 3546 fugato
906 3458 986 3524 duce
1015 3457 1115 3524 altero
