2532 3968
473 210 728 276 PRAEFATIO.
983 207 1078 276 XVII

196 384 232 450 O.
255 385 294 448 31
314 385 435 470 recepi,
459 382 542 468 quod
563 381 706 482 plerique
727 379 802 446 libri
822 380 948 461 habent,
971 387 1011 444 oz·
1031 388 1078 452 in·

135 479 231 544 'sulis;
252 468 291 533 N.
313 477 376 534 tis
398 475 507 532 insulis
530 470 664 552 scripsit.
912 519 913 524 ,

135 576 143 582 ·
195 555 233 618 Iu
254 556 425 618 novissima
447 574 473 616 c.
496 553 537 617 33
550 553 946 638 enunciationeutrumquc
955 558 1080 630 possint

132 642 167 704 in
184 652 313 721 possent
332 639 515 703 mutandum
537 659 608 701 csse
630 639 752 720 censui3
781 636 879 702 altero
902 646 986 702 certe
1008 635 1078 701 loco

133 727 232 788 etiam·
262 723 303 788 ob
339 723 438 787 libros
474 725 517 786 im
541 723 691 787 orientum
727 720 968 807 praeferendum
1008 743 1079 784 esse

132 808 344 874 Schneiderus
370 809 459 872 vidit.
500 831 548 871 re
572 830 610 872 ue
633 809 797 871 adversari
816 806 972 888 videntur,
996 827 1078 891 quae

131 894 341 980 Nipperdeius
363 893 451 980 Ado.
480 916 511 978 p.
535 831 596 955 ibt)
618 891 672 978 (ed
694 916 724 978 p.
747 892 798 973 85,
820 890 854 977 3)
869 891 917 955 de
931 913 990 954 usu
1006 913 1078 954 ocn-

132 980 265 1044 iunctrvr
285 979 458 1063 imperfecti
480 979 608 1057 monuit,
628 999 723 1062 quum
745 987 876 1062 utroque
894 975 964 1040 loco
982 997 1077 1056 posse

131 1085 201 1128 rem
222 1064 357 1128 futuram
379 1072 507 1147 spectet.

165 1189 167 1194 .
197 1147 232 1212 C.
263 1149 305 1212 34
337 1149 447 1228 exiis,
472 1165 552 1232 quac
578 1146 788 1210 Schneiderus
810 1150 938 1227 monuit,
961 1145 1076 1212 verbo·

133 1257 205 1298 rum
233 1233 395 1296 collocatio
427 1240 483 1296 sed
514 1240 544 1294 in
579 1253 678 1296 omnes
701 1246 809 1312 portes
831 1253 850 1294 a
872 1231 961 1296 libris
983 1232 1077 1296 tutior

131 1341 205 1382 esee
241 1317 374 1398 videtur,
412 1339 505 1403 quam
542 1339 622 1402 quac
654 1317 847 1402 Nipperdeio
883 1316 1001 1400 placuit
1022 1324 1079 1380 sed

134 1411 232 1467 omnis
255 1411 285 1466 ιἰι
306 1410 414 1482 porno.
873 1474 876 1478 γ

195 1488 276 1552 LlB.
302 1485 373 1567 Vll,
397 1509 423 1550 c.
449 1489 485 1550 11
502 1487 711 1572 Nipperdeius
727 1486 842 1550 edidit:
866 1494 912 1550 Eo
928 1495 980 1567 qut
1000 1509 1074 1551 coo·

129 1583 245 1650 ficeret,
270 1579 299 1640 C.
319 1578 495 1642 Trebonium
520 1579 646 1648 leporum
672 1579 822 1650 relinquit.
849 1578 920 1651 Ipse
941 1584 974 1635 ut
988 1594 1075 1650 onom

129 1667 261 1739 primum
280 1663 504 1735 ttorfooerct
524 1663 674 1721 Genotnm
682 1663 842 1722 Cornutum
851 1663 1074 1736 proficiscitur.

132 1744 176 1806 At
190 1765 286 1830 quum
307 1743 412 1827 inepte
434 1742 552 1806 dictum
571 1741 724 1822 videatur,
742 1741 912 1806 Gaesarem
925 1740 997 1805 ideo
1014 1739 1075 1806 Ge·

131 1827 248 1892 nabum
272 1849 337 1890 esse
357 1834 593 1907 profectom‚‘ut
618 1835 851 1906 quamprimum
878 1835 936 1890 iter
947 1832 1074 1904 faceret,

131 1913 345 1979 Schneiderus
375 1911 489 1996 aliique
518 1933 558 1974 ex
589 1911 785 1996 interpolatis
811 1911 901 1975 libris
931 1924 963 1974 nt
988 1932 1076 1989 onom

126 2005 260 2078 primum
272 2007 327 2061 tter
339 2019 406 2062 con
412 2003 434 2075 s
434 2005 557 2060 iceret
570 2007 770 2080 receperunt3
785 2019 897 2082 parum
908 2005 1012 2059 autem
1023 2017 1076 2058 ve·

133 2078 263 2145 risimile
279 2092 334 2164 est,
358 2081 441 2166 quod
456 2080 669 2145 Schneidcrus
692 2081 733 2146 ad
755 2080 986 2146 defendendum
1001 2102 1074 2144 con·

128 2177 236 2244 ltoorot
255 2165 382 2253 protulit
396 2177 623 2251 argumentum,
637 2172 755 2244 faceret
775 2164 936 2251 abaliquo
953 2164 1074 2228 illatum

125 2249 217 2332 Δεδει,
248 2253 298 2314 cui
323 2259 485 2327 conficeret
510 2251 543 2313 in
575 2252 683 2335 paucis
708 2250 814 2314 verbis
839 2251 984 2314 iteratum
1014 2250 1074 2313 dis-

125 2335 277 2422 ¹pliceret3
310 2338 371 2398 imo
401 2357 496 2421 quum
518 2344 680 2412 conficeret
706 2336 740 2398 in
767 2334 828 2399 hac
858 2333 992 2399 formula
1021 2337 1075 2398 tri-

131 2423 285 2484 tissimum
301 2424 348 2499 sit,
370 2420 618 2505 interpolationis
641 2422 810 2504 suspicioni
828 2421 999 2484 obnoxium
1018 2431 1074 2484 est.
1112 2463 1114 2472 ·

127 2506 268 2570 Omnem
290 2506 502 2569 difficultatem
523 2504 616 2569 facile
636 2505 786 2590 expedire
804 2506 886 2584 licct,
906 2505 961 2569 ubi
976 2504 1075 2568 verba
1172 2541 1173 2545 =

131 2603 165 2654 nt
194 2613 279 2669 onom
301 2597 431 2670 primum
456 2599 513 2654 tter
532 2597 651 2669 faceret
668 2591 736 2654 sive
758 2613 833 2659 casu
855 2591 922 2654 sive
944 2589 1074 2656 consilio

132 2697 191 2740 sno
223 2673 292 2762 loco
318 2685 403 2740 mota
424 2674 565 2739 facimus.
607 2674 735 2760 Optime
771 2677 855 2738 enim
883 2699 917 2738 se
945 2675 1072 2753 habent,

132 2782 232 2846 quum
264 2760 462 2824 antecedenti
506 2761 715 2824 enuntiationi
741 2763 1002 2844 praemittuntur:
1040 2765 1075 2822 Ut

137 2853 364 2924 quamprimum
379 2853 435 2908 tter
447 2852 572 2924 faceret,
596 2868 633 2910 en
657 2854 711 2924 oui
729 2855 890 2922 conficeret
909 2853 939 2908 C.
958 2852 1073 2910 Trebo-

132 2938 213 2994 nium
236 2937 362 3008 lepotum
376 2938 534 3008 relinquit:
567 2939 633 3010 ipso
658 2937 808 2995 Genooum
824 2939 983 2994 Cornutum
991 2951 1072 3010 pro-

128 3023 290 3092 ficiscitur.
318 3015 396 3077 Mihi
413 3014 572 3096 librarius,
599 3017 649 3078 cui
672 3018 844 3080 sententiae
865 3015 950 3080 illius
971 3013 1074 3078 finalis

130 3098 294 3162 collocatio
313 3098 495 3164 insolentior
519 3101 690 3180 'yidebotur
718 3101 763 3185 (at
794 3100 900 3164 multis
931 3098 1073 3163 Caesari·

130 3186 200 3247 anis
222 3183 300 3247 locis
321 3183 494 3270 probatur),
510 3185 562 3249 vel
578 3187 628 3250 cui
651 3187 826 3250 subiecti'm
841 3185 947 3249 verbis
956 3191 1075 3263 faceret

130 3277 163 3332 et
185 3278 345 3346 conficeret
373 3269 559 3355 ambiguitas
594 3270 789 3356 displicebat,
818 3273 989 3356 genuinum
1002 3292 1074 3334 ver-

130 3350 242 3418 borum
264 3354 405 3417 ordinem
423 3357 614 3439 pervertisse
640 3357 772 3419 videtur.

194 3436 230 3502 0.
248 3439 288 3500 14
303 3437 380 3503 haec
395 3439 522 3525 vulgata
538 3452 625 3504 sunt:
652 3448 817 3505 Praetereo
843 3450 950 3506 solutis
976 3463 1073 3506 conso
