2490 3974
343 241 345 245 ‘
452 259 596 326 carun
617 261 755 326 or-oa
1018 261 1081 327 us

118 431 264 498 cohortes
286 431 421 517 legionis
442 431 481 514 V,
506 452 586 519 quae
600 433 726 496 fuerant
748 431 918 499 Cordubae
939 435 973 498 in
985 435 1080 521 ‘prae-

119 518 210 599 sidio,
232 516 318 582 idem
339 517 455 582 facere.
480 517 611 582 Cassius
625 517 674 582 his
696 517 793 583 rebus
808 519 957 583 incensus
973 526 1081 584 movet

2 661 3 664 ,
118 610 279 667 esseest
299 612 426 689 postero
449 603 501 668 die
523 603 695 690 Segouiam
717 603 758 667 ad
772 603 890 668 flumen
913 603 1081 669 Siciliense

117 689 215 752 venit.
243 688 293 752 Ibi
323 686 432 753 habita
460 691 613 754 concione
642 689 777 753 militum
806 697 907 752 tentat
940 691 1081 773 animos3

1 817 3 852 3
117 795 197 862 quos
220 776 383 860 cognoscit
404 797 468 839 non
491 797 557 856 sua,
580 774 639 838 sed
662 773 809 839 Caesaris
826 774 966 839 absentis
983 797 1082 840 causa

116 858 183 929 sibi⁴
201 859 370 924 fidissimos
393 883 464 924 esse
485 860 671 947 nullumque
697 860 873 944 periculum
895 859 1081 946 deprecatu·

2 1007 3 1010 ,
116 966 180 1026 ros,
204 945 279 1008 dum
301 967 359 1030 per
381 967 438 1010 eos
459 944 593 1010 Caesari
636 946 787 1010 revincia·
800 947 1030 1010 restitueretur.

180 1029 232 1094 58.
254 1029 386 1094 Interim
401 1031 591 1096 Thoriusad
631 1030 786 1096 ordubam
796 1040 923 1095 veteres
936 1030 966 1094 le
991 1033 1080 1096 ‘ones

115 1114 254 1199 adducit,
278 1137 316 1180 ao
337 1138 378 1178 ne
405 1115 611 1182 dissensionis
641 1117 765 1181 initium
793 1126 902 1181 natum
931 1139 965 1180 se
991 1117 1082 1182 'tiosa

113 1201 248 1264 militum
280 1223 400 1287 suaque
433 1211 548 1266 natura
576 1201 747 1284 videretur,
778 1201 872 1265 simul
901 1211 936 1266 ut
968 1211 1081 1267 contra

115 1286 155 1367 Q.
181 1285 335 1369 Cassium,
359 1287 413 1373 qui
436 1286 595 1358 Caesaris,
611 1289 739 1354 nomine
760 1286 933 1352 maioribus
955 1288 1079 1353 viribus

113 1375 161 1438 uti
182 1372 360 1454 videbatur,
391 1394 492 1459 aeque
514 1381 676 1459 potentem
698 1381 872 1458 opponeret
894 1373 1080 1459 dignitatem

114 1455 173 1522 Cn.
196 1458 346 1543 Pompeio
369 1481 404 1522 se
425 1460 625 1544 provinciam
652 1479 841 1543 recuperare
862 1457 947 1522 velle
973 1459 1080 1544 palam

81 1599 84 1604 ,
114 1542 289 1607 dictitabat.
312 1543 355 1607 Et
376 1544 508 1608 forsitan
523 1545 619 1609 etiam
640 1543 701 1609 hoo
715 1545 826 1608 fecerit
841 1544 913 1609 odio
929 1543 1080 1608 Caesaris

113 1637 146 1693 et
168 1651 276 1693 amore
297 1629 438 1715 Pompei,
462 1631 551 1694 cuius
566 1651 682 1694 nomen
697 1628 832 1693 multum
854 1637 980 1714 poterat
994 1629 1080 1714 apud

113 1725 168 1778 eas
190 1713 342 1800 legiones,
366 1736 446 1801 quas
467 1715 511 1778 M.
527 1715 632 1782 Varro
656 1713 845 1781 obtinuerat
869 1713 935 1778 Sed
955 1715 998 1797 id,
1016 1735 1080 1801 qua

112 1808 228 1882 mente,
252 1802 426 1864 communis
449 1810 519 1864 crat
540 1802 738 1866 coniectura:
761 1810 848 1864 certe
869 1799 931 1864 hoc
949 1821 1028 1884 prae
1043 1822 1079 1864 se
1115 1832 1117 1836 ⁴

111 1884 250 1950 Thorius
282 1885 420 1967 ferebat3
458 1886 574 1950 milites
608 1886 687 1951 adeo
719 1885 909 1967 fatebantur,
946 1894 982 1948 ut
1018 1883 1078 1950 Cn.

111 1970 244 2056 Pompei
265 1993 382 2036 nomen
409 1973 442 2035 in
466 1973 563 2036 scutis
584 1973 685 2035 inseri
709 1981 776 2035 tum
797 1970 964 2034 haberent
1000 1970 1078 2035 Fre·

114 2077 215 2142 quens
249 2055 428 2142 legionibus
461 2067 635 2122 conventus
669 1995 798 2122 obviam
834 2055 941 2143 prodit
973 2077 1078 2142 neque

112 2150 235 2206 tantum
256 2143 408 2225 virorum,
432 2142 489 2206 sed
513 2144 608 2207 etiam
622 2141 909 2207 matrumfamilias
933 2161 971 2205 ac
985 2164 1077 2227 prae·

111 2235 303 2291 tentatorum
331 2228 594 2314 deprecaturque,
622 2251 663 2292 ne
692 2227 800 2293 hostili
829 2227 969 2292 adventu
999 2225 1075 2292 Cor-

111 2310 230 2397 dubam
258 2313 448 2399 diriperent:
479 2337 553 2377 nam
583 2337 617 2378 se
648 2323 758 2378 contra
787 2311 934 2378 Cassium
958 2312 1076 2376 sentire

111 2409 183 2462 cum
206 2398 367 2481 omnibus3
397 2409 509 2462 contra
538 2399 710 2464 Caesarem
737 2422 778 2463 ne
799 2399 950 2478 facerent,
974 2419 1075 2464 orare.

172 2483 225 2547 59.
248 2484 370 2548 Tantae
392 2484 601 2549 multitudinis
616 2486 765 2570 precibus
782 2494 813 2549 et
827 2484 967 2548 lacrimis
984 2505 1075 2547 exer-

111 2568 192 2632 citus
222 2579 396 2634 commotus
430 2593 527 2656 quum
555 2570 681 2635 videret
713 2570 755 2636 ad
788 2570 935 2635 Cassium
967 2590 1075 2653 perse·

112 2655 270 2740 quendum
298 2655 378 2719 nihil
408 2678 487 2741 opus
521 2679 591 2720 esse
626 2655 684 2720 Cn.
717 2657 850 2742 Pompei
881 2655 1010 2718 nomine
1044 2663 1075 2718 et

109 2742 271 2821 memoria,
301 2749 429 2828 tamque
459 2741 605 2806 omnibus
634 2742 837 2808 Caesarianis
866 2762 961 2826 quam
982 2740 1075 2804 Pom-

109 2825 231 2910 peianis
253 2825 435 2913 Longinum
458 2849 528 2891 esse
543 2829 576 2891 in
600 2827 803 2913 odic,·neque
826 2849 860 2890 se
883 2834 1074 2890 conventum

110 2932 212 2995 neque
235 2911 278 2975 M.
300 2912 489 2976 Marcellum
518 2923 630 2977 contra
659 2913 806 2977 Caesaris
830 2933 958 2976 causam
980 2930 1076 2995 posse

108 2995 294 3080 perducere,
331 3021 447 3062 nomen
483 2999 615 3084 Pompei
648 3021 689 3062 ex
722 3000 818 3062 scutis
856 2997 1073 3078 detraxerunt,

108 3081 306 3166 Marcellum,
331 3085 385 3169 qui
409 3106 443 3148 se
467 3083 615 3148 Caesaris
630 3105 757 3148 causam
780 3082 986 3148 defensurum
1001 3103 1072 3165 pro-

107 3165 266 3251 fitebatur,
291 3168 404 3233 ducem
419 3170 600 3233 asciverunt
614 3177 858 3255 praetoremque
874 3165 1076 3252 appellarunt

110 3262 140 3318 et
157 3263 355 3318 'conventum
378 3253 439 3317 sibi
462 3254 676 3319 adiunxerunt
697 3265 863 3339 castraque
887 3253 928 3316 ad
951 3251 1072 3316 Cordu-

108 3336 182 3402 bam
211 3350 396 3424 posuerunt.
427 3339 558 3404 Cassius
583 3362 620 3404 eo
647 3339 743 3404 biduo
766 3341 891 3402 circiter
913 3343 961 3400 llll
984 3337 1076 3401 milia

109 3445 257 3506 passuum
282 3445 302 3489 a
325 3423 477 3490 Corduba
504 3427 584 3489 citra
612 3425 730 3488 flumen
756 3425 881 3487 Baetim
908 3423 942 3484 in
965 3422 1072 3507 oppidi

109 3519 277 3594 conspectu
298 3510 368 3576 loco
385 3510 509 3575 excelso
529 3511 605 3575 lacit
627 3519 747 3592 castra3
764 3510 885 3573 litteras
901 3508 942 3570 ad
963 3528 1072 3593 regem
