2562 3970
504 231 759 296 PRAEFATIO.
988 231 1113 298 XCVII

161 424 223 549 que
246 402 434 466 munitiones
457 411 639 487 opponeret,
662 424 714 478 ,ne
740 403 815 488 iugo
844 425 863 466 a
892 403 1028 469 Caesare
1051 429 1111 470 ex-

155 488 356 564 cuderetur‘‚
380 489 544 572 sequentia
565 487 688 554 docent.

220 572 310 637 Idem
332 571 521 636 vocabulum
543 574 667 638 restitui
689 595 716 636 o.
740 573 782 637 'lb
803 574 836 637 in
857 574 982 639 verbis:
1003 589 1107 656 poste·

157 663 254 736 roquc
276 665 325 722 die
347 669 449 722 curru
471 673 566 723 mouet
587 672 676 738 utque
707 667 783 724 iter
809 667 852 724 od
873 668 1014 741 oppidum
1036 666 1110 725 Scr-

156 765 269 816 suram,
292 749 345 808 uti
365 749 468 823 Scipio
492 755 569 819 cett,
593 751 639 808 irc
661 751 822 809 contendit.
858 745 961 810 Abest
983 745 1110 831 quidem

158 836 216 892 tter
237 851 256 892 a
276 829 376 892 Paris.
400 850 461 892 seo.
485 828 574 893 Leid.
598 851 672 912 seo,
689 829 812 894 duobus
836 830 1054 911 deterioribus,
1079 841 1112 895 at

157 936 253 999 quum
275 915 370 978 dictio
394 914 524 980 minime.
544 936 584 979 ea
605 916 654 996 sit,
682 938 777 1002 quam
809 915 987 980 adamatam
1011 917 1109 982 fuisse

156 1001 317 1084 magistro,
334 1001 387 1086 qui
404 1002 701 1064 commentariorum
715 1023 829 1086 corpus
845 1003 1005 1065 recensuit
1016 1013 1047 1065 et
1061 1002 1110 1066 his

155 1085 219 1147 illis
242 1083 359 1154 notulis
381 1083 558 1166 illustravit,
582 1085 687 1171 aliquo
703 1087 772 1149 iure
784 1087 975 1151 contendere
990 1087 1109 1169 licerer,

156 1171 220 1233 imo
246 1193 293 1252 ea,
311 1193 392 1256 quae
414 1172 518 1256 ipsum
539 1171 617 1236 belli
638 1171 741 1234 Attici
763 1173 949 1257 scriptorem
965 1174 1111 1236 arrisisse

154 1256 282 1320 videtur
305 1263 345 1332 (v.
368 1255 416 1319 sb.
438 1257 491 1320 fin.
516 1258 643 1342 capitis:
667 1266 725 1322 iter
747 1265 897 1339 inceptum
919 1266 965 1322 irc
987 1273 1110 1323 conten-

156 1348 209 1422 dit,
226 1351 257 1406 et
272 1363 368 1490 supra
389 1363 415 1404 o.
435 1341 471 1404 6:
488 1350 544 1406 iter
559 1349 750 1408 constitutum
765 1350 811 1407 tre
826 1350 992 1422 contendit)
1015 1344 1109 1408 otiam

154 1425 286 1513 reliquis
321 1427 405 1506 ibris,
428 1427 461 1489 in
484 1449 617 1512 quorum
638 1450 770 1492 numero
793 1439 841 1494 est
855 1428 949 1492 Vind.
972 1451 1020 1514 pr.
1043 1452 1107 1492 ma-

154 1513 257 1576 iorem
278 1511 373 1577 fidem
395 1512 573 1578 habendam
596 1535 665 1576 esse
688 1513 773 1576 duxi.

219 1597 256 1662 (l.
281 1598 320 1662 78
343 1597 436 1680 edidi,
460 1597 544 1685 quod
565 1610 639 1664 ante
653 1598 879 1684 Nipperdeium
900 1598 1108 1685 vulgabatur:

155 1689 201 1748 Eo
225 1692 358 1763 equitatu
381 1693 490 1750 dextro
511 1693 717 1764 sinistruque
741 1691 856 1750 directo
869 1691 910 1753 ab
935 1692 1043 1765 oppidi
1064 1692 1111 1748 tu-

155 1775 272 1834 toribus
294 1778 360 1851 ipse
383 1793 407 1834 e.
433 1793 460 1850 q.
483 1794 508 1834 s,
531 1770 570 1834 N.
593 1792 665 1834 cum
681 1769 778 1834 Paris.
796 1792 859 1835 soc.
874 1770 964 1834 Leid.
987 1793 1035 1854 pr.
1054 1793 1110 1850 quc

155 1856 271 1918 omisit.

220 1939 255 2003 O
279 1939 321 2004 80
363 1965 438 2005 uum
459 1942 493 2005 in
513 1940 604 2005 libris
629 1939 769 2006 melioris
798 1949 892 2004 notae
921 1940 1021 2019 Paris.
1045 1963 1108 2006 sec.

154 2023 274 2112 scalig.
295 1965 396 2090 veiba
418 2029 451 2090 in
473 2027 557 2090 huno
586 2026 714 2090 modum
742 2025 886 2090 mutilata
915 2027 994 2090 sint:
1017 2032 1108 2090 ll'cm-

156 2133 215 2190 que
245 2120 349 2192 pridie
382 2121 412 2178 in
445 2135 479 2178 eo
510 2121 576 2177 loco
605 2119 727 2176 castello
761 2119 872 2177 munito
906 2119 1007 2190 itique
1039 2119 1110 2178 III

152 2205 367 2278 praecidio
402 2207 527 2275 relicto,
561 2197 771 2283 Nipperdeius
803 2219 915 2261 vocem
953 2204 1105 2274 lectonam

152 2291 226 2367 post
246 2284 369 2348 numeri
391 2286 515 2370 signum
535 2284 684 2364 inseruit3
707 2282 802 2368 vulgo
824 2285 900 2347 satis
922 2283 1004 2348 male
1020 2293 1107 2349 trino

154 2367 331 2432 ediderunt.
376 2369 532 2456 Equidem
554 2392 648 2454 quum
678 2371 711 2433 in
739 2367 819 2432 libro
849 2368 943 2433 Vind
972 2391 1019 2454 pr.
1044 2393 1108 2437 non

153 2452 223 2533 ,111‘
251 2454 307 2516 sed
329 2445 368 2520 ts
367 2458 403 2520 io
432 2465 595 2518 exaratum
626 2455 680 2535 sit,
713 2469 801 2533 purte
827 2455 970 2520 inserere
999 2456 1108 2538 malui,

154 2539 241 2624 quod
261 2550 393 2625 propter
414 2541 517 2604 simile
539 2541 663 2603 initium
679 2542 841 2624 sequentis
855 2539 1003 2605 vocabuli
1015 2563 1109 2622 prce·
1202 2557 1208 2569 “

154 2631 236 2689 sidio
259 2625 417 2690 excidisse
440 2629 590 2710 suspicor.
625 2625 746 2710 Scripsi
760 2625 883 2711 itaque:
907 2633 1011 2705 itique
1032 2640 1107 2692 ter·

157 2717 215 2774 tia
235 2727 350 2788 porte
371 2719 527 2791 pracsidio
551 2719 657 2776 relicta
680 2725 759 2774 ccco,

219 2793 255 2860 O.
272 2795 314 2858 82
339 2819 434 2882 quum
457 2819 498 2860 ex
511 2797 604 2860 unico
620 2796 688 2861 cod.
701 2796 801 2860 Paris.
819 2817 881 2860 seo.
893 2795 1104 2882 Nipperdeius

154 2881 329 2966 scripserit:
353 2891 384 2946 in
406 2889 618 2948 circumcundo
642 2890 835 2962 exercitu,
858 2883 1013 2966 potiorem
1028 2881 1105 2946 duxi

153 2965 348 3053 reliquorum
377 2967 520 3032 codicum
556 2976 588 3031 et
621 2966 775 3032 librorum
806 2967 1032 3052 impressorum
1065 2967 1105 3030 le-

154 3053 293 3116 ctionem
316 3061 347 3118 in
370 3062 583 3119 circumcundo
606 3039 832 3118 exercitdm.

210 3137 386 3224 'Vulgatam
408 3138 576 3203 lectionem
597 3139 708 3224 repetii
731 3139 826 3202 etiam
848 3138 881 3200 in
909 3136 973 3200 fine
995 3159 1021 3201 o.
1046 3138 1105 3201 90:

153 3225 259 3301 Imque
292 3233 350 3290 bis
381 3232 497 3290 miliens
530 3232 669 3289 sestertio
709 3229 757 3286 luis
791 3230 939 3300 imposito.
985 3223 1024 3285 N.
1058 3229 1104 3286 bis

155 3301 288 3390 delevit,
304 3311 388 3396 quod
399 3311 487 3375 abeat
498 3335 516 3375 a
527 3309 615 3374 libris
630 3308 731 3372 Paris,
748 3330 810 3373 seo.
823 3307 913 3372 Leid.
926 3330 972 3392 pr.
986 3306 1095 3393 Scalig

218 3393 322 3461 Medio
344 3419 370 3460 c.
394 3397 432 3460 91
456 3397 564 3481 posui:
589 3409 647 3459 {um
669 3401 783 3459 demum
804 3415 845 3457 sc
867 3402 954 3472 ipse
977 3401 1102 3470 insuper

156 3484 351 3557 interficerem
376 3483 421 3547 sio
443 3484 526 3547 enim
548 3489 581 3545 et
593 3479 689 3544 Vind
712 3487 745 3543 et
757 3478 871 3564 reliqui
886 3477 961 3542 libri
975 3487 1103 3564 praeter
