2538 3978
194 216 257 282 106
481 217 542 280 DE
563 215 707 282 BELLO
731 217 864 282 mmm

192 387 310 474 pedum
331 395 384 450 XV
411 389 530 454 effectis
561 388 708 474 operibus
738 389 839 453 vineis
863 397 1078 474 campartem
1101 408 1160 454 ca·
1253 391 1254 416 ³

193 481 330 538 strorum
341 473 462 538 obtexit
477 484 509 538 et
523 477 661 561 quinque
683 475 870 538 intermissis
893 473 1003 538 diebus
1019 472 1158 538 alteram

192 569 319 624 noctem
340 557 543 624 subnubilam
563 569 674 624 nactus
702 559 870 624 obstructis
893 559 1037 624 omnibus
1060 565 1157 622 rebus

193 655 367 710 castrorum
394 647 491 730 portis
521 654 553 710 et
575 645 617 708 ad
643 644 877 730 impediendum
907 644 1037 709 obiectis
1059 653 1158 710 tertra

193 731 270 794 inita
298 730 409 816 vigilia
438 731 560 796 silentio
591 733 765 795 exercitum
795 731 905 796 eduxit
933 740 964 794 et
986 751 1020 794 se
1041 730 1075 792 in
1097 751 1156 793 an-

192 817 296 901 tiquas
318 817 506 881 munitiones
528 818 658 902 recepit.
764 816 766 820 ’
959 879 961 884 .

256 901 307 964 55.
329 901 463 982 Aetolia,
479 901 670 983 Acarnania,
699 901 918 986 Amphilochis
933 923 989 986 per
1005 898 1155 962 Cassium
1250 936 1253 945 ·

192 985 372 1070 Longinum
388 997 419 1052 et
434 985 608 1052 Calvisium
625 985 791 1070 Sabinum,
808 997 842 1050 ut
858 986 1155 1066 demonstravimus,

192 1073 329 1156 receptis
359 1073 542 1136 tentandam
569 1072 630 1136 sibi
659 1072 813 1136 Achaiam
841 1095 879 1136 ac
908 1069 1004 1156 paulo
1026 1069 1153 1154 longius
1255 1151 1256 1154 Ἴ

191 1157 458 1242 progrediendum
470 1158 670 1222 existimabat
687 1157 814 1222 Caesar.
826 1156 936 1243 Itaque
949 1179 985 1220 eo
999 1154 1153 1219 Calenum

191 1243 276 1306 misit
308 1244 399 1327 eique
436 1243 588 1307 Sabinum
622 1254 652 1308 et
686 1242 831 1307 Cassium
865 1266 935 1306 cum
969 1238 1155 1305 cohortibus

192 1326 343 1412 adiungit.
375 1327 516 1407 Quorum
544 1331 668 1414 cognito
699 1328 837 1392 adventu
865 1327 1001 1391 Rutilius
1030 1325 1150 1410 Lupus,

192 1414 245 1497 qui
267 1413 420 1476 Achaiam
443 1415 558 1480 missus
582 1439 600 1478 a
622 1416 700 1478 Pom
724 1416 772 1478 eio
802 1414 974 1495 obtinebat,
997 1411 1151 1475 Isthmum

190 1501 391 1648 praemunire
421 1501 569 1580 instituit,
598 1511 632 1564 ut
661 1438 783 1564 Achaia
811 1501 936 1564 Fufium
959 1497 1150 1583 prohiberet.

220 1583 329 1648 alenus
361 1584 519 1671 Delphos,
554 1586 690 1668 Thebas,
725 1585 960 1652 Orchomenum
991 1582 1153 1658 voluntate

190 1669 330 1754 ipsarum
353 1673 527 1734 civitatium
548 1675 678 1758 recepit,
701 1671 867 1750 nonnullas
890 1670 984 1733 urbes
1006 1669 1152 1753 pervim
1253 1679 1254 1682 ’

191 1758 395 1840 expugnavit,
425 1754 485 1820 reli
508 1781 564 1821 uas
594 1759 742 1828 civitates*
769 1757 992 1820 circummissis
1021 1753 1150 1844 legatio·
1255 1789 1256 1792 ¹

190 1840 285 1905 nibus
315 1843 454 1905 amicitia
482 1781 614 1906 damari
644 1843 814 1908 conciliare
837 1841 991 1906 studebat.
1035 1837 1074 1905 lu
1102 1837 1153 1902 his
1255 1895 1256 1904 ,

191 1925 288 1990 rebus
309 1927 375 1990 fere
398 1939 467 1993 erat
488 1928 597 1991 Fufius
621 1938 803 2014 occupatus.

255 2011 306 2076 56.
331 2013 487 2078 Omnibus
516 2015 663 2100 deinceps
693 2015 804 2080 diebus
834 2013 954 2077 Cacsar
976 2011 1152 2074 exercitrmr

191 2097 225 2162 in
254 2100 356 2164 aciem
385 2122 520 2186 aequum
547 2101 580 2162 in
602 2100 706 2164 locum
736 2099 893 2186 produxit,
925 2100 952 2160 si
981 2097 1152 2182 Pompeius

190 2183 313 2331 proelio
340 2185 503 2260 decertare
532 2185 642 2267 vellet,
680 2196 714 2250 ut
742 2207 844 2271 paene
877 2184 988 2248 castris
1021 2171 1152 2266 Pompei
1255 2257 1256 2260 Ἴ

205 2269 332 2354 egiones
360 2271 543 2354 subiiceret3
577 2282 761 2358 tantumque
790 2295 809 2334 a
837 2269 921 2334 vallo
951 2271 1018 2332 eius
1050 2267 1154 2354 prima

192 2355 276 2418 acies
304 2354 428 2436 aberat,
459 2359 503 2420 uti
532 2381 572 2422 ne
601 2357 663 2422 telo
694 2367 889 2422 tormentove
916 2354 1009 2420 adiici
1034 2364 1151 2439 posset.

191 2439 359 2525 Pompeius
383 2452 496 2524 autem,
516 2454 555 2521 ‚ut
582 2445 698 2508 famam
726 2445 968 2528 opinionemque
989 2439 1152 2502 hominum

79 2536 83 2542 '
190 2534 322 2616 teneret,
336 2529 381 2590 sic
392 2550 449 2612 pro
464 2531 574 2592 castris
590 2531 764 2596 exereitum
776 2526 995 2606 constituebat,
1011 2534 1045 2590 ut
1059 2524 1153 2587 tertia

190 2612 274 2692 acies
302 2612 421 2676 vallum
453 2616 663 2698 contingeret,
695 2615 796 2679 omnis
825 2611 952 2699 quidem
980 2613 1153 2692 instructus

191 2699 348 2762 exercitus
371 2696 443 2762 telis
466 2722 507 2762 ex
528 2700 612 2766 vallo
635 2697 766 2764 abiectis
788 2700 910 2784 protegi
932 2707 1047 2783 posset.

254 2783 304 2846 57.
328 2781 418 2846 Haec
441 2807 536 2868 quum
563 2788 594 2849 in
625 2785 749 2848 Achaia
776 2795 870 2869 atque
902 2781 986 2868 apud
1007 2779 1150 2866 Dyrrha-

191 2867 297 2939 chium
319 2880 513 2954 gererentur,
538 2869 837 2957 Scipionemque‘in
857 2867 1075 2934 Macedoniam
1096 2888 1152 2928 ve·

190 2955 275 3016 nisse
299 2965 465 3036 constaret,
499 2979 562 3020 non
586 2956 700 3038 oblitus
729 2957 853 3042 pristini
875 2951 1009 3018 instituti
1031 2951 1153 3016 Caesar

190 3041 285 3112 mittit
307 3039 348 3102 ad
370 3062 442 3103 eum
465 3047 500 3104 Α.
533 3039 687 3124 Clodium,
719 3064 810 3104 suum
839 3051 933 3126 atque
955 3039 1040 3102 illius
1063 3037 1150 3099 fami-

190 3122 309 3205 liarem,
333 3147 427 3210 quom
449 3125 488 3188 ab
511 3127 565 3190 illo
581 3127 729 3192 traditum
751 3129 836 3190 initio
853 3135 884 3190 et
899 3121 1151 3188 commendatum

188 3211 224 3274 in
247 3232 374 3276 sucrum
396 3213 648 3276 necessariorum
664 3235 796 3276 numero
818 3211 937 3274 habere
959 3210 1150 3273 instituerat.

135 3315 141 3330 ¹
189 3295 274 3360 Huic
297 3296 351 3360 dat
371 3295 493 3360 litteras
514 3291 727 3384 ¹mandataque
750 3297 791 3360 ad
805 3321 901 3378 ¹eum;
925 3318 1056 3382 quorum
1070 3293 1151 3358 haec

190 3391 259 3456 erat
288 3405 426 3446 summa:
456 3381 534 3446 Sese
564 3385 669 3446 omnia
699 3383 738 3446 de
768 3406 846 3468 pace
877 3391 1042 3466 expertum
1070 3377 1151 3442 nihil

190 3465 293 3540 adhuc
315 3465 462 3532 arbitrari
491 3469 569 3532 vitio
597 3467 713 3532 factum
742 3491 859 3550 eorum,
894 3489 972 3554 quos
1006 3488 1074 3529 esse
1097 3487 1151 3528 au-
