2562 3966
160 166 223 232 142
416 166 476 230 DE
497 167 641 234 BELLO
665 165 857 242 GALLICO

192 339 283 389 Alesia
305 344 330 388 et
353 339 549 406 Vercingetorix
576 339 704 393 deduntur
730 356 751 390 c.
770 341 818 402 893
845 340 975 401 Haeduis,
993 339 1121 392 Arvernis
1150 309 1151 314 ¹

192 407 482 525 {trpffilitinc’dggiticnem
505 409 618 474 acceptis
638 409 734 458 Caesar
756 407 873 474 legiones
895 409 923 457 in
940 409 1048 459 hiberna
1066 409 1122 460 dis·

566 585 719 596 ——

226 682 255 744 l.
278 677 394 758 Quieta
405 675 511 742 Gallia
527 677 655 761 Caesar,
670 690 705 743 ut
720 681 932 762 constituerat,
948 681 981 743 in
994 679 1122 744 Italiam

159 764 202 828 ed
224 774 397 830 conventus
421 764 560 850 agendos
583 765 801 850 proficiscitur.
824 763 874 828 lbi
896 766 1057 850 cognoscit
1079 764 1120 830 de

160 850 267 916 Clodii
289 849 389 925 caede¹
416 859 607 937 senatusque
637 849 780 914 consulto
810 851 924 928 certior
945 850 1055 931 factus,
1086 859 1122 915 ut

159 957 271 1000 omnes
305 937 442 999 iuniores
475 931 586 999 Italiae
623 937 837 1016 coniurarent,
875 934 1033 999 delectum
1054 943 1121 999 tota

160 1021 325 1107 provincia
339 1018 457 1085 habere
471 1021 614 1084 instituit.
633 1019 705 1084 ‘Eae
727 1042 779 1084 res
802 1021 835 1083 in
851 1019 987 1084 Galliam
1003 1020 1120 1084 Trans-

160 1105 300 1190 alpinam
322 1104 468 1169 celeriter
489 1105 699 1191 perferuntur.
743 1105 874 1169 Addunt
894 1107 955 1190 ipsi
979 1116 1010 1168 et
1032 1105 1120 1168 affin-

161 1200 241 1276 gtmt
262 1189 440 1254 rumoribus
462 1189 563 1273 Galli,
594 1191 680 1277 quod
711 1213 763 1254 res
784 1211 915 1276 poscere
942 1189 1120 1273 videbatur,

162 1275 294 1341 retineri
315 1275 436 1340 urbano
459 1286 545 1339 motu
568 1275 738 1341 Caesarem
761 1298 865 1362 neque
886 1277 921 1338 in
942 1277 1037 1340 tantis
1060 1275 1122 1340 dis-

161 1360 362 1427 sensionibus
385 1360 426 1425 ad
448 1362 621 1425 exercitum
642 1363 753 1426 venire
797 1383 877 1426 osse.
901 1360 971 1424 Hac
992 1360 1122 1446 impulsi

161 1447 343 1528 occasione,
374 1449 428 1594 <pri
449 1447 513 1510 iarn
536 1455 609 1510 ante
632 1469 666 1511 se
695 1383 804 1532 populi
825 1445 959 1511 Romani
987 1447 1121 1595 imperio

162 1531 322 1596 subiectos
345 1531 385 1597 do
400 1542 508 1614 erent,
530 1531 661 1596 liberius
685 1543 778 1618 atque
801 1531 950 1596 audacius
975 1531 1014 1596 de
1059 1529 1120 1596 ello

162 1616 295 1683 consilia
324 1617 406 1682 inire
427 1615 590 1703 incipiunt.
635 1617 767 1682 Indictis
795 1619 878 1681 inter
905 1639 939 1682 se
960 1618 1121 1703 principes

162 1701 289 1768 Galliae
312 1701 453 1767 conciliis
487 1701 686 1768 silvestribus
720 1725 758 1768 ac
785 1704 914 1767 remotis
944 1701 1023 1768 locis
1046 1723 1121 1789 que·

161 1799 274 1853 runtur
307 1787 347 1852 de
375 1787 513 1853 Acconis
546 1798 663 1871 morte;
696 1811 790 1874 posse
823 1787 907 1853 hunc
939 1809 1049 1854 casum
1082 1787 1123 1853 ad

163 1875 173 1937 i
198 1895 250 1938 scs
272 1873 417 1938 recidere
443 1873 675 1956 demonstrant3
705 1875 895 1938 miserantur
924 1895 1123 1938 communem

163 1897 290 2024 dalliae
313 1957 487 2041 fortunam3
511 1959 655 2024 omnibus
677 1957 957 2046 pollicitationibus
978 1979 1017 2021 ac
1030 1980 1123 2043 prae-

162 2045 235 2111 miis
258 2043 447 2128 deposcunt,
498 2046 531 2108 ui
552 2041 629 2112 belli
650 2045 774 2110 initium
800 2044 917 2107 faciant
945 2051 977 2106 et
998 2045 1048 2108 sui
1071 2064 1122 2108 ca·

163 2130 238 2215 pitis
260 2127 403 2214 periculo
426 2127 476 2194 Ga
502 2131 509 2144 ‘
540 2181 541 2184 η
591 2131 624 2192 in
646 2129 824 2194 libertatem
844 2127 1015 2192 vindicent.
1059 2125 1122 2193 Im-

163 2213 274 2300 primis
306 2214 460 2278 reticnem
492 2237 562 2280 esse
593 2213 772 2278 habendam
794 2212 915 2294 dicunt,
961 2214 1123 2301 riusquam

164 2320 275 2363 eorum
298 2297 494 2364 clandestina
515 2297 647 2364 consilia
669 2297 851 2378 efferantur,
882 2309 917 2361 ut
938 2235 1060 2364 gaesar
1081 2299 1122 2366 ab

164 2384 307 2448 exercitu
329 2383 567 2450 intercludatur.
610 2383 649 2447 Id
671 2405 741 2446 esse
768 2381 877 2465 facile,
912 2383 997 2473 quod
1018 2407 1121 2472 neque

165 2468 307 2554 legiones
340 2469 476 2534 audeant
508 2470 639 2533 absente
674 2470 863 2554 imperatore
901 2491 942 2534 ex
981 2469 1123 2535 hibernis

164 2555 291 2640 egredi,
320 2577 425 2640 neque
447 2557 617 2640 imperator
643 2555 711 2618 sine
732 2553 892 2640 praesidio
920 2554 960 2618 ad
981 2553 1122 2640 legiones

163 2642 333 2726 pervenire
353 2641 463 2726 possit.
506 2639 670 2706 Postremo
697 2641 731 2703 in
754 2641 822 2704 acie
844 2651 1006 2726 praestare
1028 2641 1123 2704 inter-

164 2726 227 2807 fici,
251 2747 345 2813 quam
366 2748 430 2789 non
451 2734 591 2789 veterem
612 2723 691 2790 belli
717 2724 850 2810 gloriam
871 2725 1122 2812 libertatemque,

166 2834 263 2899 quam
285 2833 305 2874 a
325 2809 498 2874 maioribus
520 2813 709 2897 acceperint,
732 2833 932 2896 recuperare.

230 2897 260 2960 2.
284 2896 343 2959 His
364 2894 460 2959 rebus
483 2897 607 2981 agitatis
629 2895 815 2982 profitentur
830 2895 986 2960 Carnutes
1003 2916 1038 2959 se
1052 2889 1122 2959 nuli

166 2978 233 3046 lum
247 2977 422 3068 periculum
437 2983 611 3046 communis
627 2980 736 3046 salutis
760 2997 855 3045 causa
875 3001 1023 3048 recusare
1037 2981 1123 3066 prin·

167 3069 317 3154 cipesque
340 3087 381 3130 ex
402 3066 689 3141 omnibusbellum
711 3065 848 3132 facturos
871 3065 1060 3150 pollicentur
1082 3075 1123 3150 et,

165 3154 317 3240 qnoniam
337 3153 371 3215 in
392 3154 573 3237 praesentia
594 3152 756 3218 obsidibus
779 3173 893 3216 cavere
908 3151 992 3215 inter
1011 3173 1045 3215 se
1059 3173 1124 3216 non

167 3239 299 3324 possint,
322 3259 363 3300 ne
384 3259 436 3301 res
459 3239 615 3321 efferatur,
638 3251 673 3302 nt
694 3236 895 3301 iureiurando
919 3257 957 3301 ae
975 3234 1038 3300 fide
1054 3259 1125 3300 san·

166 3325 277 3405 ciatrrr,
298 3331 420 3408 petunt,
444 3323 566 3388 collatis
589 3323 777 3388 militaribus
801 3323 916 3408 signis,
952 3345 1014 3408 quo
1036 3342 1124 3386 more

166 3429 279 3474 eorum
300 3408 489 3492 gravissima
519 3410 709 3474 caerimonia
741 3409 934 3492 continetur,
968 3429 1009 3470 ne
1041 3405 1124 3472 faeta
