2490 3974
167 191 230 257 200
479 193 606 258 BELLI
628 193 818 260 AFRIOAE

172 363 280 428 tiebat.
324 364 432 428 Rudas
467 366 550 430 enim
584 366 743 450 elephanti
774 366 943 432 multorum
976 389 1153 432 annorum

176 448 321 513 doctrina
343 471 466 534 usuque
486 459 612 515 vetusto
634 451 692 513 vix
720 451 824 516 edocti
844 463 950 516 temen
972 454 1150 516 communi

173 534 315 618 periculo
338 537 372 598 in
394 536 494 599 aciem
516 535 754 620 producuntur'

234 620 286 683 28.
309 621 395 683 Dum
418 620 497 683 haec
519 618 561 684 ad
574 620 749 705 Ruspinam
771 621 812 684 ab
834 624 975 707 utrisque
997 623 1147 687 ducibus

171 703 439 786 administrantur,
463 704 500 769 O.
522 705 682 790 Vergilius
711 708 895 791 praetorius,
925 709 979 792 qui
1000 708 1144 794 Thapsi,

169 789 286 874 oppido
322 792 493 871 maritimo,
529 802 692 875 praeerat,
731 814 825 876 quum
869 793 1146 858 animadverteret

167 882 268 939 naves
291 874 430 959 singulas
453 897 523 938 cum
554 877 695 940 exercitu
722 876 868 940 Caesaris
889 878 1025 942 incertas
1049 876 1143 942 loeo·

168 981 241 1022 rum
277 969 372 1046 atque
405 969 581 1024 castrorum
615 983 741 1025 suorum
776 963 895 1046 vagari,
933 965 1143 1027 occasionem

169 1053 281 1108 nactus
312 1067 427 1108 navem
454 1066 546 1130 quam
580 1044 626 1109 ibi
652 1046 764 1110 habuit
796 1049 965 1111 actuariam
995 1070 1065 1111 eom
1093 1047 1143 1112 let

167 1129 324 1193 militibus
348 1138 379 1194 et
401 1131 573 1215 sagittariis
596 1141 629 1193 et
643 1131 763 1195 eisdem
778 1131 911 1216 scaphas
934 1133 973 1196 de
994 1071 1140 1196 navibus

167 1214 311 1300 adiungit
340 1237 378 1278 ac
407 1215 546 1300 singulas
579 1237 677 1279 naves
712 1215 920 1280 Caesarianas
953 1219 1139 1281 consectari

170 1301 282 1384 coepit.
304 1300 347 1363 Et
369 1322 465 1385 quum
493 1299 599 1385 plures
629 1301 757 1367 adortus
786 1312 880 1383 esset,
911 1300 1020 1387 pulsus
1043 1302 1138 1388 fuga-

166 1395 279 1470 tusque
307 1385 382 1448 inde
410 1384 608 1449 discessisset
637 1407 697 1450 nec
725 1396 831 1450 tamen
861 1386 1029 1450 desisteret
1049 1389 1137 1472 peri-

167 1468 278 1550 clitari,
312 1470 392 1534 forte
424 1470 535 1533 incidit
566 1472 599 1533 in
631 1493 756 1553 navem,
790 1473 824 1533 in
851 1493 914 1556 qua
943 1481 1033 1535 erant
1066 1472 1135 1537 duo

95 1625 97 1641 Ι
166 1553 249 1636 Titii,
266 1555 326 1618 His
350 1555 403 1618 ani
418 1555 643 1636 adolescentes,
665 1556 783 1620 tribuni
798 1555 931 1640 legionis
949 1566 982 1638 V,
996 1579 1135 1641 quorum

166 1649 287 1723 patrem
320 1578 440 1704 Saesar
471 1642 505 1703 in
541 1653 685 1704 senatum
721 1641 858 1726 legerat,
903 1651 935 1704 et
971 1663 1043 1706 cum
1079 1642 1135 1705 his

167 1725 255 1788 'litus
283 1725 439 1807 Salienus,
470 1727 613 1789 centurio
642 1725 775 1811 legionis
809 1727 960 1807 eiusdem,
994 1728 1049 1812 qui
1085 1728 1133 1791 M

167 1809 339 1873 Messalam
360 1811 390 1874 le
414 1821 500 1874 atum
518 1810 688 1875 obsederat
708 1811 876 1874 Messanae
892 1811 1136 1877 seditiosissima

165 1897 306 1959 oratione
327 1834 413 1980 apud
435 1917 506 1958 eum
522 1917 607 1977 usus,
629 1897 776 1981 idemque
814 1898 957 1959 ecuniam
981 1904 1012 1960 et
1033 1919 1130 1961 orna·

165 1989 272 2044 menta
298 1980 450 2066 triumphi
480 1980 628 2044 Caesaris
660 1919 827 2044 retinenda
859 1991 891 2044 et
923 1981 1134 2046 custodienda

165 2076 293 2128 curarat
314 2076 347 2130 et
368 2066 409 2130 ob
431 2065 490 2130 has
512 2087 625 2130 causas
652 2065 713 2130 sibi
741 2066 881 2130 timebat.
914 2066 977 2130 Hie
1019 2077 1132 2152 ropter

167 2152 392 2214 conscientiam
407 2160 610 2236 peccatorum
632 2173 760 2215 suorum
774 2153 931 2236 persuasit
946 2090 1132 2216 adolescen-

164 2235 259 2316 tibus,
293 2257 334 2299 ne
366 2247 581 2321 repugnarent
614 2259 683 2300 sese
707 2258 746 2299 ue
781 2233 922 2322 Vergilio
955 2236 1130 2301 traderent.

162 2319 275 2405 Itaque
297 2320 424 2385 deducti
454 2345 473 2384 a
494 2320 638 2408 Vergilio
667 2259 708 2384 ad
736 2321 917 2406 Scipionem
940 2321 1127 2387 custodibus

163 2415 236 2468 sunt
257 2405 365 2470 traditi
386 2415 503 2491 etpost
517 2407 602 2470 diem
617 2408 742 2470 tertium
757 2406 924 2471 interfecti.
948 2406 1011 2485 Qui
1027 2429 1128 2492 quum

163 2484 352 2554 ducerentur
375 2491 416 2554 ad
437 2513 557 2574 necem,
581 2493 698 2576 petisse
721 2490 835 2554 dicitur
857 2493 957 2556 maior
978 2493 1081 2555 Titius
1106 2517 1127 2556 a

166 2576 410 2659 centurionibus,
441 2577 486 2639 uti
508 2599 541 2641 se
571 2577 709 2662 priorem
739 2599 834 2661 quam
854 2575 986 2640 fratrem
1007 2578 1128 2641 interfi-

162 2671 280 2741 cerent,
303 2660 399 2746 idque
421 2661 461 2726 ab
484 2663 530 2726 eis
549 2661 641 2726 facile
656 2663 853 2747 impetrasse,
876 2670 971 2747 atque
992 2663 1038 2724 ita
1053 2684 1127 2725 esse

161 2745 354 2810 interfectos

219 2830 270 2893 29.
293 2831 428 2894 Turmae
444 2833 569 2895 interim
585 2854 601 2895 e
625 2833 734 2914 uitum,
751 2855 832 2918 quae
846 2854 904 2916 pro
918 2830 1003 2896 vallo
1019 2831 1052 2894 in
1067 2842 1130 2897 sta

162 2915 301 2980 tionibus
328 2938 398 2980 esse
422 2915 567 2980 solebant
589 2855 640 2998 [ab
659 2919 802 3004 utrisque
817 2916 971 2997 ducibusl,
988 2917 1129 3001 quotidie

163 3002 291 3064 minutis
309 3001 439 3086 proeliis
461 3004 545 3065 inter
560 3025 594 3065 se
615 3001 698 3086 depu
744 3025 797 3066 are
819 3025 884 3066 non
897 3003 1128 3086 intermittunt;

162 3107 399 3171 nonnumquam
416 3089 510 3151 etiam
530 3086 682 3151 Germani
698 3026 845 3173 &uallique
856 3086 1044 3151 Labieniani
1055 3107 1129 3152 cum

164 3170 312 3236 Caesaris
324 3173 481 3257 equitibus
492 3172 555 3236 fide
564 3173 637 3235 data
648 3175 730 3236 inter
742 3195 775 3236 se
784 3171 1054 3257 colloquebantur.
1066 3171 1128 3237 La·

162 3255 275 3320 bienus
297 3257 424 3321 interim
443 3280 513 3321 cum
532 3267 621 3342 parte
641 3260 796 3342 equitatus
818 3257 944 3342 Leptim
966 3254 1128 3341 oppidum,

164 3345 215 3406 cui
236 3350 384 3427 praeerat
405 3341 545 3407 Saserna
567 3365 640 3406 cum
667 3343 849 3407 cohortibus
872 3351 921 3424 Vl,
944 3364 984 3426 op
1007 3363 1128 3425 ugnare

164 3447 202 3489 ac
220 3429 253 3489 vi
271 3430 444 3512 irrumpere
459 3427 650 3510 conabatur3
669 3428 755 3513 quod
769 3427 809 3491 ab
825 3364 1043 3507 defensoribus
1054 3449 1128 3512 pro·
