2562 3966
168 179 229 244 184
422 176 484 244 DE
505 179 649 245 BELLO
673 179 864 248 GALLIOO

164 359 259 437 etque
280 349 432 416 uxoribus
456 353 543 416 exire
565 360 729 436 eoguntur.
763 352 816 434 Hi,
840 376 937 439 quum
959 355 1001 417 ad
1022 355 1123 418 muni·

163 437 265 500 tiones
280 437 493 502 Romanorum
515 438 738 520 accessissent,
762 437 875 503 flentes
890 437 1036 503 omnibus
1051 461 1123 525 pre·

166 520 255 586 cibus
278 521 424 603 orabant,
448 530 486 585 ut·
504 545 538 586 sc
560 524 593 586 in
615 523 799 586 servitutem
819 532 964 610 receptos
987 523 1058 589 cibo
1076 526 1121 588 iu·

165 615 283 671 varent
328 606 371 671 At
393 606 514 671 Caesar
535 608 696 694 dispositis
717 608 752 672 in
773 607 858 672 vello
881 608 1063 674 custodibus
1075 631 1122 674 re-

164 691 446 840 cipiYBrohibebat.

271 777 426 841 .Interea
461 775 623 842 Commius
649 777 826 864 reliquique
855 778 970 862 duces,
1008 779 1122 865 quibus

163 883 287 927 summa
313 863 437 948 imperii
465 863 622 948 permissa
644 873 725 946 erat,
760 884 832 928 cum
854 864 1000 928 omnibus
1023 865 1123 951 copiis

163 947 204 1011 ad
231 946 373 1012 Alesiam
399 948 588 1033 perveniunt
617 958 648 1012 et
675 947 756 1013 colle
785 950 941 1014 exteriore
969 959 1122 1050 occupato

162 1054 228 1097 non
249 1031 374 1118 longius
396 1032 483 1097 mille
504 1032 652 1118 passibus
680 1032 721 1098 ab
748 1037 864 1099 nostris
896 1034 1121 1100 munitiombus

162 1116 338 1182 considunt.
382 1118 514 1183 Postero
547 1118 599 1183 die
624 1120 764 1205 equitatu
790 1142 833 1184 ex
864 1121 975 1184 castris
1008 1121 1122 1184 educto

162 1224 287 1267 omnem
313 1225 384 1268 eam
412 1203 596 1289 planitiem,
630 1227 725 1291 quam
745 1207 779 1268 in
800 1204 1031 1290 longitudinem
1059 1206 1121 1270 tria

161 1286 250 1352 milia
263 1311 416 1373 passuum
426 1298 534 1375 patere
546 1288 839 1372 demonstravimus,
854 1290 1013 1376 complent
1026 1289 1121 1375 pede-

162 1382 307 1474 stresque
329 1375 437 1460 copias
469 1373 598 1460 paulum
626 1374 667 1438 ab
690 1397 728 1439 ec
750 1373 819 1440 loco
842 1375 965 1440 abditas
987 1377 1020 1438 in
1042 1375 1121 1439 loeis

161 1459 376 1544 superioribus
399 1460 602 1524 constituunt.
635 1459 715 1523 Erat
737 1482 778 1525 ex
800 1460 914 1545 oppido
935 1459 1046 1527 Alesia
1068 1459 1121 1524 de·

161 1552 288 1628 spectus
315 1545 349 1607 in
378 1566 533 1630 campum.
572 1543 771 1609 Concurrunt
796 1545 845 1608 his
873 1545 999 1610 auxiliis
1027 1547 1122 1629 visis3

159 1628 195 1692 fit
216 1628 383 1714 gratulatio
405 1631 489 1693 inter
511 1652 575 1712 eos,
598 1639 694 1715 atque
716 1632 856 1695 omnium
878 1631 975 1695 animi
997 1631 1038 1694 ad
1059 1630 1122 1696 lae·

159 1713 261 1778 titism
282 1716 469 1780 excitantur.
513 1715 624 1801 Itaque
653 1716 814 1801 productis
844 1717 943 1802 copiis
970 1725 1044 1780 ante
1066 1738 1121 1802 op-

159 1798 269 1884 pidum
291 1801 458 1866 considunt
480 1809 512 1864 et
532 1802 711 1886 proximam
732 1800 851 1866 fossam
873 1800 1012 1870 cratibus
1041 1803 1121 1866 inte-

160 1894 239 1969 grmt
254 1894 349 1972 etque
364 1907 480 1972 aggere
496 1885 626 1971 explent
641 1908 739 1972 seque
757 1887 798 1951 ad
814 1888 1011 1974 eruptionem
1026 1895 1122 1973 etque

160 1991 269 2034 omnes
292 1993 384 2035 casus
407 1980 601 2057 comparant.

224 2055 275 2120 80.
300 2054 420 2122 Caesar
448 2058 533 2121 omni
559 2057 702 2122 exercitu
731 2057 772 2121 ad
800 2066 968 2143 utramque
999 2067 1123 2143 pestem

159 2141 368 2206 munitionum
391 2141 552 2227 disposito,
575 2152 618 2223 ut,
643 2144 670 2205 si
691 2163 766 2205 usus
787 2144 910 2226 veniat,
934 2143 1121 2229 suumquis·

159 2247 221 2312 que
250 2225 355 2291 locum
383 2236 491 2291 teneat
513 2237 545 2290 et
570 2229 707 2308 noverit,
738 2229 910 2312 equitatum
937 2250 978 2291 ex
1010 2226 1120 2290 castris

161 2310 254 2376 educi
276 2320 307 2375 et
327 2310 484 2397 proelium
506 2313 657 2377 committi
678 2311 775 2378 iubet.
811 2311 891 2377 Erat
912 2333 953 2376 ex
975 2310 1121 2377 omnibus

159 2398 280 2479 castris,
305 2418 387 2482 quae
410 2419 569 2460 summum
590 2397 729 2486 undique
750 2399 859 2480 iugum
880 2397 1043 2478 tenebant,
1066 2396 1119 2462 de·
1145 2455 1148 2463 ,
1268 2471 1273 2478 Ι

160 2490 296 2566 spectus,
320 2491 416 2568 atque
439 2503 548 2546 omnes
570 2482 685 2546 milites
707 2483 819 2546 intenti
839 2503 965 2567 pugnae
986 2503 1120 2567 proven·

159 2574 227 2630 tum
254 2566 493 2652 exspectabant.
537 2566 624 2632 Galli
655 2569 739 2631 inter
760 2567 882 2652 equites
908 2589 998 2632 raros
1026 2569 1120 2653 sagit

160 2651 259 2716 tarios
293 2651 522 2738 expeditosque
558 2652 638 2716 levis
675 2662 856 2716 armaurrae
888 2652 1120 2735 interiecerant,

161 2737 215 2822 qui
238 2738 303 2800 suis
325 2737 512 2802 cedentibus
527 2737 645 2801 auxilio
662 2746 883 2800 succurrerent
898 2746 929 2800 et
943 2748 1122 2803 nostrorum

161 2822 303 2908 equitum
323 2824 459 2908 impetus
482 2825 685 2887 sustinerent.
728 2820 781 2885 Ab
807 2821 857 2885 his
879 2823 1058 2908 complures
1081 2822 1121 2888 de

158 2908 331 2992 improviso
353 2907 512 2972 vulnerati
533 2906 655 2992 proelio
678 2906 885 2974 excedebant.
917 2907 1022 2987 Quum
1045 2931 1120 2975 suos

158 3013 203 3078 pu
248 3015 268 3056 a
300 2995 481 3080 superiores
509 3014 580 3056 csse
608 2990 693 3057 Galli
721 2993 916 3058 confiderent
943 3003 975 3058 et
995 3003 1120 3059 nostros

158 3015 360 3143 mullitudine
381 3080 485 3164 premi
506 3078 659 3161 viderent,
694 3100 736 3142 ex
756 3078 902 3143 omnibus
924 3080 1066 3166 partibus
1088 3090 1121 3144 et

158 3163 190 3242 ii,
214 3165 269 3249 qui
290 3163 516 3228 munitionibus
540 3164 791 3246 continebantur,
815 3164 910 3248 ethi,
933 3165 987 3252 qui
1009 3165 1051 3230 ad
1066 3187 1120 3229 au·

158 3247 272 3312 xilium
294 3259 522 3332 convenerant,
543 3248 684 3314 'clamore
706 3258 738 3314 et
759 3248 881 3314 ululatu
902 3272 1030 3316 suorum
1054 3251 1120 3314 ani-

159 3349 228 3396 mos
252 3333 493 3399 confirmabant.
538 3332 632 3412 Quod
653 3335 686 3398 in
709 3344 880 3421 conspectu
902 3337 1042 3400 omnium
1066 3357 1120 3401 res

158 3416 329 3497 gerebatur
350 3440 454 3504 neque
476 3429 563 3500 recte
585 3442 623 3484 ac
644 3421 779 3506 turpiter
808 3419 925 3485 factum
947 3421 1044 3487 celari
1064 3443 1119 3508 po·

1270 3181 1275 3236 l
