2534 3970
396 187 844 299 coutu.roar.1a-1e.
1057 237 1093 298 u

143 415 332 487 tentassent,
367 405 449 490 quod
478 405 646 489 HaeduoS,
681 405 765 491 quod
794 405 981 489 Ambarros,
1015 405 1098 493 quod

144 491 337 575 Allobrogas
365 501 553 574 vexassent,
585 493 767 555 memoriam
797 491 953 576 deponere
979 491 1097 576 posse?

145 575 237 654 Quod
259 598 319 640 sua
340 577 555 640 victoriatum
578 576 749 640 insolenter
771 576 979 660 gloriarentur
1002 577 1097 662 quod-

145 683 206 747 que
227 671 291 725 tam
314 660 369 724 diu
384 683 417 724 se
439 664 566 746 impune
585 662 714 724 iniurias
734 661 844 726 tulisse
860 661 1097 744 admirarentur,

145 746 256 812 eodem
277 748 446 832 pertinere.
490 744 668 810 Consuesse
691 747 773 810 enim
796 746 872 811 deos
894 747 1097 828 immortales,

147 854 206 918 quo
222 833 350 916 gravius
365 831 506 894 homines
523 853 563 894 ex
578 833 819 895 commutatione
839 853 944 894 rerum
961 832 1097 913 doleant,

146 939 296 1066 quospro
312 916 432 980 scelere
452 939 560 981 eorum
574 916 685 980 ulcisci
699 915 808 998 velint,
831 915 880 978 his
896 916 1099 980 secundiores

143 1005 227 1068 inter
250 1025 304 1066 um
323 1024 375 1065 res
391 1011 423 1066 et
437 1002 663 1066 diuturniorem
684 1003 901 1088 impunitatem
916 1002 1098 1067 concedere.

143 1087 251 1167 ‚Quum
275 1109 312 1152 ea
331 1089 376 1151 ita
398 1089 468 1170 sint,
490 1096 606 1169 tamen,
630 1087 657 1150 si
679 1085 804 1151 obsides
827 1086 927 1150 abiis
950 1086 1010 1150 sibi
1025 1087 1099 1150 den·

143 1183 205 1255 tur,
228 1175 276 1237 uti
298 1193 345 1255 ea,
368 1195 449 1257 quae
469 1171 692 1258 polliceantur,
714 1173 853 1236 faetttros
874 1171 1046 1257 intellegat,
1068 1182 1100 1236 et

145 1261 170 1322 si
192 1257 335 1322 Haeduis
358 1257 399 1322 de
426 1258 563 1338 iniuriis,
594 1279 672 1342 quas
701 1259 778 1342 ipsis
808 1257 963 1343 sociisque
993 1279 1100 1322 sonum

143 1344 316 1426 intulerint,
337 1345 413 1409 item
435 1346 462 1406 si
476 1342 703 1427 Allobrogibus
719 1339 920 1423 satisfaciant,
944 1363 1014 1406 sese
1030 1364 1101 1405 oum

144 1431 184 1492 iis
219 1451 332 1514 pacem
364 1451 435 1493 esse
466 1428 631 1492 facturum.
683 1427 798 1492 Divico
834 1427 1013 1512 respondit:
1051 1427 1101 1490 Ita

145 1514 310 1579 Helvetios
332 1535 351 1578 a
375 1513 549 1578 maioribus
577 1515 641 1576 suis
668 1513 827 1576 institutos
854 1533 941 1594 esse,
974 1514 1020 1576 uti
1047 1512 1100 1576 ob-

147 1600 230 1664 sides
267 1601 334 1664 acoi
356 1621 409 1664 ere
421 1646 429 1681 ,
466 1621 530 1663 non
566 1598 663 1680 dare,
701 1599 905 1662 consuerint:
951 1599 1018 1661 eius
1055 1599 1101 1660 rei

146 1685 298 1834 populum
368 1705 495 1748 menum
518 1705 587 1747 esee
610 1693 731 1748 testem.
755 1683 826 1746 Hoc
852 1703 1005 1767 responso
1028 1682 1101 1745 dato

167 1771 300 1834 iscessit.

210 1855 259 1919 15.
287 1854 418 1919 Postero
441 1854 492 1918 die
515 1863 620 1917 castra
642 1875 683 1916 ex
705 1873 742 1916 eo
766 1853 833 1916 loco
848 1861 985 1916 movent.
1012 1851 1101 1914 Idem

20 1985 31 1992 -
147 1941 221 2004 facit
237 1939 356 2004 ansar
372 1941 606 2026 equitatumque
622 1960 755 2020 omnem,
779 1936 998 2002 adnumerum
1015 1947 1101 2022 quat-

147 2035 217 2089 tuor
241 2025 378 2107 milium,
412 2047 506 2111 quem
534 2047 575 2088 ex
603 2026 688 2088 omni
714 2023 878 2171 provincia
907 2034 938 2086 et
960 2022 1102 2086 Haeduis

148 2120 180 2173 at
200 2132 241 2175 ue
264 2117 374 2174 eoru'm
396 2111 489 2174 sociis
506 2119 650 2173 coactum
672 2108 713 2173 he

148 2133 284 2277 videant,
309 2217 386 2281 quas
409 2197 442 2258 in
463 2205 570 2280 partes
585 2195 692 2258 hostes
707 2195 767 2256 iter
782 2193 906 2257 faciant.
941 2193 1005 2272 Qui
1019 2194 1103 2277 cupi·

148 2281 218 2344 dius
246 2281 453 2344 novissimum
484 2301 599 2365 agmen
630 2280 764 2342 insecuti
793 2279 896 2344 alieno
926 2277 995 2342 loco
1029 2299 1102 2341 cum

149 2367 289 2452 equitatu
310 2364 529 2429 Helvetiorum
550 2363 705 2449 proelium
720 2365 934 2446 committtmt3
957 2373 989 2426 et
1009 2365 1103 2448 pauci

149 2451 189 2515 de
209 2453 325 2516 nostris
341 2450 464 2514 cadunt.
488 2448 560 2528 Quo
581 2448 700 2534 proelio
717 2449 833 2513 sublati
847 2449 995 2530 Helvetii,
1019 2447 1104 2532 quod

149 2537 327 2622 quingentis
363 2535 521 2620 equitibus
554 2543 672 2598 tentam
704 2534 934 2597 multitudinem
965 2535 1104 2617 equitum

149 2620 359 2706 propulerant,
383 2619 532 2684 audacius
554 2619 726 2683 subsistere
741 2641 975 2704 nonnumquam
998 2628 1029 2681 et
1049 2639 1104 2682 no-

150 2708 280 2770 vissimo
304 2707 430 2790 agmine
452 2703 574 2790 proelio
596 2714 721 2768 nostros
743 2704 900 2767 lacessere
923 2711 1103 2788 coeperunt.

151 2789 269 2856 Caesar
292 2812 365 2854 suos
388 2813 408 2853 a
433 2789 554 2875 proelio
582 2788 763 2854 continebat
791 2811 830 2854 ac
857 2791 934 2852 satis
967 2788 1106 2852 habebat

150 2877 183 2939 in
204 2878 383 2961 praesentia
403 2875 526 2940 hostem
546 2897 583 2938 ra
603 2875 675 2956 inis,
698 2873 952 2959 pabulationibus
974 2872 1104 2958 popula-

150 2960 348 3046 tionibusque
376 2960 554 3046 prohibere.
584 2897 646 3022 lta·
670 2959 738 3022 dies
767 2960 892 3023 circiter
925 2958 1105 3044 quindecim
1132 3029 1133 3034 η

150 3048 209 3109 iter
230 3046 385 3128 fecerunt,
415 3047 461 3108 uti
487 3047 570 3109 inter
591 3045 797 3109 novissimum
826 3044 963 3108 hostium
990 3063 1104 3126 agmen

152 3141 182 3194 et
206 3141 350 3195 nostrum
381 3132 518 3215 primum
544 3151 608 3194 non
641 3129 776 3215 amplius
804 3131 907 3215 quinis
937 3137 991 3191 aut
1019 3127 1103 3190 senis

150 3215 276 3280 milibus
321 3237 448 3279 assuum
468 3217 644 3280 interesset.

216 3301 265 3364 16.
332 3303 424 3364 terim
463 3300 582 3364 uotidie
598 3299 718 3364 Caesar
732 3299 883 3364 Haeduos
904 3299 1104 3378 frumentum,

153 3385 236 3472 quod
258 3395 364 3449 essent
407 3324 511 3449 ubliee
532 3383 674 3471 polliciti,
697 3384 849 3470 flagitare.
882 3383 963 3446 Nam
977 3391 1105 3468 propter

153 3473 288 3555 frigora,
322 3408 406 3555 quod
433 3469 538 3535 Gallia
570 3470 629 3534 sub
656 3468 937 3555 septentrionibus,
971 3478 1005 3530 ut
1032 3474 1104 3528 ante

736 2108 819 2191 ebat,
842 2109 1024 2194 praemittit,
1049 2109 1102 2192 qui
