2562 3966
163 210 226 274 116
420 210 482 273 DE
503 211 647 276 BELLO
671 210 863 277 GALLICO

161 390 327 463 serentur,
360 405 476 467 magna
508 392 597 466 parte
631 384 789 446 exercitus
822 385 924 448 nostri
955 384 1125 448 interfecta

159 466 259 532 multo
281 469 437 534 minorem
465 489 629 552 superesse
660 468 801 532 dicerent
826 478 957 553 partem.
1008 469 1124 556 Neque

159 561 266 620 tamen
301 551 356 615 ulli
389 554 509 616 civitati
536 551 765 618 Germanorum
797 554 983 638 persuaderi
1009 557 1123 640 potuit,

160 647 196 701 ut
216 638 362 702 Rhenum
384 641 540 718 transiret,
565 661 662 724 quum
684 662 718 702 se
733 638 782 704 bis
803 649 950 724 expertos
967 639 1121 722 dicerent,

159 722 313 788 Ariovisti
342 723 426 788 bello
453 732 484 786 et
508 723 737 788 Tencterorum
766 725 917 788 transitu:
950 747 1015 788 non
1048 747 1121 790 esse

160 808 294 893 amplius
320 808 476 873 fortunam
497 817 681 873 tentaturos.
715 809 786 896 Hac
809 832 865 895 spe
891 811 998 895 lapsus
1023 809 1122 875 Indu-

159 895 311 958 tiomarus
325 894 424 958 nihilo
439 896 542 957 minus
558 897 664 978 copias
681 917 804 978 cogere,
828 917 988 977 exercere,
1012 919 1031 958 a
1049 896 1120 959 fini·

159 981 244 1042 timis
267 1002 365 1066 equos
388 1002 509 1063 parare,
538 979 648 1045 exules
672 980 898 1066 damnatosque
924 989 990 1045 tota
1012 979 1121 1046 Gallia

158 1066 282 1148 magnis
310 1067 458 1150 praemiis
485 1064 525 1128 ad
555 1088 589 1129 se
619 1064 746 1130 allicere
769 1067 881 1150 coepit.
925 1065 975 1132 Ac
996 1075 1118 1132 tantam

158 1148 221 1212 sibi
249 1150 312 1213 iam
334 1151 383 1212 his
405 1150 501 1213 rebus
526 1153 559 1213 in
582 1149 688 1214 Callia
715 1153 933 1215 auctoritatem
955 1173 1117 1235 compara-

157 1244 262 1316 verat,
290 1245 324 1298 ut
346 1236 485 1321 undique
512 1236 554 1299 ad
580 1259 653 1301 eum
682 1236 855 1321 legationes
882 1245 1117 1319 concurrerent,

157 1323 402 1406 gratiam'atque
417 1323 585 1385 amicitiam
600 1321 726 1406 publice
740 1323 950 1406 privatimque
985 1329 1116 1386 eterent.

221 1406 273 1469 56.
306 1405 370 1470 Ubi
391 1406 547 1471 intellexit
568 1406 651 1471 ultro
677 1406 718 1470 ad
740 1429 774 1470 se
800 1408 917 1486 veniri,
952 1345 1050 1472 altera
1070 1429 1120 1472 ¹er<

157 1501 247 1577 parte
270 1490 411 1556 Senones
440 1491 659 1577 Carnutesque
685 1493 880 1555 conscientia
900 1492 1048 1556 facinoris
1070 1493 1118 1556 in-

158 1579 276 1660 stigan',
300 1577 400 1641 altera
420 1576 555 1642 Nervios
580 1577 828 1664 Aduatucosque
854 1576 974 1642 bellum
1001 1579 1118 1642 Roma-

156 1665 205 1726 nis
232 1685 354 1747 parare,
382 1685 485 1748 neque
508 1662 568 1728 sibi
594 1662 843 1728 voluntariorum
867 1665 973 1748 copias
997 1664 1118 1747 defore,

157 1751 184 1812 si
214 1771 253 1811 ex
275 1748 391 1811 finibus
414 1751 479 1812 suis
500 1749 649 1834 progredi
672 1750 843 1832 coepisset,
868 1759 1023 1812 armatum
1043 1772 1117 1814 oon·

156 1832 263 1897 cilium
278 1834 396 1897 indicit.
424 1833 495 1898 Hoc
516 1857 604 1899 more
621 1833 784 1899 Gallorum
807 1844 855 1898 est
875 1837 999 1905 initium
1021 1835 1117 1898 belli:

156 1941 218 2005 quo
246 1919 317 2002 lege
340 1921 498 1983 communi
520 1942 628 1983 omnes
650 1919 787 2004 puberes
811 1923 924 1984 armati
946 1923 1125 1988 convenire.

156 2014 359 2084 consuerunt3
387 2006 441 2090 qui
464 2006 564 2068 exiis
586 2006 777 2070 novissimus
800 2007 963 2087 convenit,
986 2007 1019 2067 in
1042 2027 1122 2072 con-¹

155 2091 266 2175 spectu
287 2089 497 2153 multitudinis
528 2089 672 2153 omnibus
695 2089 884 2154 cruciatibus
907 2092 1038 2153 affectus
1060 2111 1115 2152 ne·

54 2203 55 2208 ¹
155 2184 254 2238 catur.
298 2175 337 2238 In
365 2198 402 2240 eo
431 2175 563 2240 concilio
588 2175 838 2258 Cingetorigem,
874 2174 1001 2238 alterius
1027 2175 1114 2258 prin⁴

155 2261 258 2344 cipem
281 2259 434 2343 factionis,
457 2283 610 2344 generum
632 2282 732 2341 suurn,
757 2282 851 2345 quem
873 2281 969 2343 supra
985 2259 1124 2324 demon·

154 2347 324 2409 stravimus
342 2345 487 2410 Caesaris
510 2355 652 2408 secutum
666 2343 762 2406 fidem
785 2343 824 2407 ab
849 2366 886 2408 eo
909 2367 974 2407 non
997 2344 1114 2408 disces

154 2431 249 2512 sisse,
283 2431 406 2495 hostem
438 2429 556 2493 iudicat
587 2428 735 2514 bonaque
765 2431 832 2492 eius
864 2429 1013 2514 publicat.
1052 2429 1115 2494 His

152 2515 250 2580 rebus
273 2515 423 2580 confectis
445 2515 479 2576 in
502 2514 634 2578 concilio
663 2516 846 2600 pronuntiat
871 2517 1056 2579 arcessitum
1079 2537 1122 2582 se.

155 2624 176 2664 a
215 2599 392 2666 Senonibus
429 2608 461 2662 et
498 2597 688 2664 Carnutibus
729 2599 862 2686 aliisque
898 2599 1114 2685 compluribus

154 2684 278 2752 Galliae
305 2684 498 2766 civitatibus;
531 2683 594 2749 huc
618 2687 735 2749 iturum
756 2708 815 2770 per
840 2686 920 2750 fines
942 2686 1116 2751 Remorum

155 2791 326 2857 eorumque
339 2792 432 2854 agros
447 2769 670 2856 populaturum
685 2793 731 2854 ac,
755 2773 937 2858 priusquam
959 2771 993 2834 id
1007 2771 1123 2854 faciat,

155 2865 259 2922 castra
294 2855 431 2920 Labieni
472 2867 735 2941 oppugnaturum.
792 2854 883 2935 Quae
920 2856 989 2922 fieri
1024 2856 1114 2941 velit,

176 2942 263 3006 raeci
285 2942 318 3004 it.
1124 2981 1125 2986 κ

153 2965 174 3028 p
218 2963 284 3090 fflp
296 3026 466 3103 Labienus,
491 3049 587 3112 quum
610 3037 641 3091 et
663 3026 724 3091 loci
746 3035 861 3091 natura
882 3036 914 3090 et
928 3050 1025 3092 manu
1046 3049 1115 3095 mu-

154 3113 317 3176 nitissimis
340 3114 451 3176 castris
474 3134 545 3177 sese
577 3122 715 3196 teneret,
750 3113 790 3176 de
820 3135 877 3179 suo
911 3135 949 3176 ac
977 3112 1115 3196 legionis

153 3195 295 3281 periculo
311 3196 390 3260 nihil
404 3197 550 3281 timebat3
572 3221 612 3265 ne
658 3221 731 3261 uam
753 3200 952 3262 occasionem
967 3199 1014 3261 rei
1029 3198 1117 3266 beno

153 3282 315 3364 gerendae
334 3281 514 3363 dimitteret,
538 3221 705 3368 cogitabat.
738 3283 851 3369 ltaque
874 3282 1114 3368 aCingetorigo

152 3375 248 3448 atque
271 3369 338 3428 eius
360 3369 547 3452 propinquis
577 3369 717 3434 oratione
747 3367 953 3432 Indutiomari
975 3369 1114 3452 cognita,

153 3471 249 3546 quam
271 3450 304 3512 in
320 3451 452 3516 concilio
473 3451 635 3533 habuerat,
658 3456 784 3519 nuntios
800 3455 894 3520 mittit
907 3453 949 3518 ad
963 3453 1124 3517 finitimas.
