2538 3978
430 267 434 278 '
460 263 604 332 CAPUT
627 266 719 330 1-u.
1017 264 1076 327 141

184 438 213 500 1.
235 436 327 500 Bello
343 436 560 501 Alexandrino
576 435 710 502 conflato
726 435 845 506 Caesar
859 435 969 502 Rhodo
985 445 1079 522 atque

118 543 161 586 ex
183 520 277 606 Syria
299 521 474 608 Ciliciaque
505 543 630 586 omnem
658 523 793 587 classem
816 523 962 604 arcessit;
986 520 1080 586 Oreta

119 609 307 691 sagittarios,
342 609 463 693 equites
496 608 536 671 ab
569 630 646 691 rege
682 607 919 671 Nabataeorum
954 606 1080 672 Malcho

120 701 247 774 evocat3
262 701 417 756 tormenta
431 692 571 778 undique
584 694 727 778 conquiri
739 701 769 756 et
784 691 976 756 frumentum
987 695 1078 777 mitti,

119 776 240 840 auxilia
272 776 387 842 adduci
416 777 511 842 iubet.
545 776 677 841 Interim
712 777 903 841 munitiones
940 779 1080 863 quotidie

119 861 270 947 operibus
293 873 458 946 augentur,
482 872 577 948 atque
597 870 707 928 omnes
729 861 837 946 oppidi
858 873 974 948 partes,
999 887 1080 949 quae
1175 939 1178 944 ¹

118 949 223 1010 minus
246 969 316 1013 esse
338 949 449 1012 firmae
470 948 626 1030 videntur,
642 947 853 1014 testudinibus
870 971 908 1012 ac
929 949 1080 1014 musculis

119 1041 327 1117 appetuntur3
351 1056 392 1096 ex
406 1033 557 1096 aedificiis
580 1043 684 1098 autem
702 1056 760 1118 per
781 1032 936 1097 foramina
956 1036 990 1097 in
1010 1058 1080 1120 pro·

116 1117 204 1180 xima
226 1117 370 1184 aedificia
397 1121 511 1182 arietes
541 1120 758 1199 immittuntur,
787 1128 1000 1205 quantumque
1028 1129 1081 1184 aut

116 1203 217 1266 ruinis
239 1203 385 1268 deiioitur
407 1215 461 1268 aut
482 1226 540 1288 per
561 1203 942 1290 vimrecipiturlocqin
959 1215 1081 1270 tantum
1170 1233 1172 1236 ·

118 1289 310 1352 munitiones
332 1291 542 1374 proferuntur.
576 1289 658 1353 Nam
687 1288 833 1353 incendio
855 1289 921 1353 fere
943 1299 1010 1354 tuta
1033 1301 1081 1356 est

117 1371 323 1456 Alexandria,
347 1375 431 1460 quod
453 1376 521 1438 sine
540 1376 774 1460 contignatione
796 1397 834 1438 ac
855 1377 987 1440 materia
1009 1386 1081 1441 sunt

118 1457 265 1521 aedificia
287 1469 318 1522 et
340 1462 505 1524 structuris
534 1482 573 1523 ac
605 1459 778 1524 fornicibus
806 1463 1005 1524 continentur
1036 1472 1082 1525 te-

118 1551 172 1606 cta
193 1566 233 1607 ue
256 1555 328 1607 sunt
349 1545 464 1608 rudere
487 1553 541 1607 aut
568 1545 769 1629 pavimentis.¹
798 1545 917 1608 Caesar
943 1547 1081 1611 maxime

119 1565 277 1710 studebat,
311 1639 354 1710 ut,
393 1651 487 1716 quam
523 1631 779 1714 angustissimam
813 1640 936 1714 partem
973 1633 1012 1715 op
1037 1631 1081 1694 idi

117 1712 210 1798 palus
233 1737 252 1777 a
279 1714 410 1778 meridie
436 1717 602 1779 interiecta
630 1715 794 1795 efficiebat,
823 1714 906 1778 hanc
933 1653 1081 1864 operibus

118 1797 285 1883 vineisque
308 1801 439 1884 agendis
462 1800 502 1864 ab
525 1800 648 1886 reliqua
667 1813 757 1886 parte
779 1800 866 1883 urbis
889 1802 1081 1884 excuderet,

118 1880 199 1944 illud
232 1895 387 1968 spectans,
421 1887 566 1970 primum,
600 1894 656 1966 ut,¹
678 1908 773 1970 quum
806 1887 839 1947 in
869 1885 948 1949 duas
975 1899 1082 1972 partes

120 1977 205 2030 esset
226 1968 314 2032 urbis
337 1969 438 2034 divisa
467 1973 561 2056 acies,
591 1995 654 2034 uno
680 1971 810 2035 consilio
834 1981 928 2056 atque
949 1973 1082 2061 imperio

120 2049 400 2134 administraretur,
413 2056 536 2138 deinde,
552 2067 587 2120 ut
602 2056 817 2122 laborantibus
833 2059 974 2120 succurri
986 2067 1081 2144 atque

121 2157 162 2198 ex
184 2135 284 2202 altera
306 2142 413 2226 oppidi
440 2152 529 2226 parte
559 2141 712 2206 auxilium
733 2143 807 2206 ferri
836 2152 951 2227 posset,
974 2144 1080 2228 impri-

120 2223 181 2284 mis
203 2245 289 2305 vero,
312 2236 346 2289 ut
368 2248 450 2313 aqua
471 2224 651 2314 pabuloque
674 2227 860 2309 abundaret,
884 2250 1016 2313 quarum
1038 2227 1082 2292 al·

119 2308 218 2372 terius
240 2311 288 2374 rei
318 2314 441 2375 coium
471 2313 630 2398 exiguam,
660 2312 790 2376 alterius
812 2312 933 2375 nullam
955 2315 1081 2378 omnino

118 2391 300 2458 facultatem
322 2335 474 2481 habebam
501 2396 586 2484 quod
599 2408 767 2484 utrumque
783 2398 871 2482 large
885 2398 975 2482 palus
991 2421 1082 2484 prae-

118 2476 196 2542 bere
217 2489 350 2564 poterat.

183 2565 213 2627 2.
235 2565 346 2652 Neque
367 2589 445 2632 vero
472 2567 697 2634 Alexandrinis
719 2570 752 2631 in
775 2569 922 2654 gerendis
944 2570 1079 2654 negotiis

120 2653 278 2715 cunctatio
300 2652 366 2716 ulla
388 2664 441 2716 aut
469 2677 558 2718 mora
585 2654 787 2719 inferebatur.
814 2653 895 2718 Nam
917 2655 950 2717 in
973 2675 1083 2718 omnes

143 2743 236 2817 artes,
260 2759 317 2822 per
340 2759 417 2823 quas
438 2739 519 2804 fines
548 2740 687 2827 Aegypti
716 2761 849 2824 regnum
872 2761 912 2802 ue
933 2741 1083 2824 pertinet,

119 2755 243 2902 legatos
265 2825 557 2911 conquisitoresque
585 2824 726 2889 delectus
749 2763 887 2888 habendi
909 2844 1005 2889 causa
1026 2825 1082 2886 mi·

121 2915 237 2988 serant,
267 2927 478 2996 magnumque
507 2933 674 2974 numerum
701 2913 734 2974 in
765 2909 923 2995 oppidum¹
947 2909 1082 2972 telorum

121 2995 216 3074 utque
250 3001 476 3059 tormentorum
509 3006 723 3060 convexerant
757 3007 788 3058 et
820 2993 1083 3061 innumerabilem

122 3072 355 3142 multitudinem
376 3079 583 3144 adduxerant
611 3081 680 3144 Nec
701 3082 804 3144 minus
826 3081 859 3142 in
881 3079 961 3144 urbe
983 3081 1083 3143 maxi·

120 3179 192 3223 mae
214 3183 372 3227 armorum
395 3175 484 3229 erant
498 3167 658 3230 institutae
682 3165 835 3230 officinae.
859 3163 976 3228 Servos
992 3187 1081 3250 prae·

120 3251 209 3308 terea
229 3247 366 3332 puberes
389 3259 605 3334 armaverant3
637 3251 750 3336 quibus
779 3251 899 3314 domini
920 3249 1083 3398 locupleti-

122 3341 193 3392 ores'
214 3334 333 3396 victum
355 3335 571 3421 quotidianum
595 3337 847 3421 stipendiumque
873 3335 991 3419 praebe
1016 3346 1081 3399 ant.

121 3411 193 3478 Hac
213 3417 415 3486 multitudine
435 3417 588 3506 disposita
601 3423 791 3486 munitiones
804 3429 996 3484 semotarum
1009 3441 1081 3505 par-

121 3499 199 3566 tium
220 3503 407 3590 tuebantur3
428 3515 596 3572 veteranas
626 3506 770 3571 cohortes
798 3523 915 3570 vacuas
945 3508 978 3570 in
1001 3504 1080 3569 cele
