<?xml version="1.0" encoding="UTF-8"?>
<!DOCTYPE html PUBLIC "-//W3C//DTD XHTML 1.0 Transitional//EN"
    "http://www.w3.org/TR/xhtml1/DTD/xhtml1-transitional.dtd">
<html xmlns="http://www.w3.org/1999/xhtml" xml:lang="en" lang="en">
 <head>
  <title>
</title>
<meta http-equiv="Content-Type" content="text/html;charset=utf-8" />
  <meta name='ocr-system' content='tesseract 3.04.00' />
  <meta name='ocr-capabilities' content='ocr_page ocr_carea ocr_par ocr_line ocrx_word'/>
</head>
<body>
  <div class='ocr_page' id='page_1' title='image "./ciuliicaesarisc01hirtgoog_0438.png"; bbox 0 0 2538 3978; ppageno 0'>
   <div class='ocr_carea' id='block_1_1' title="bbox 373 241 1088 310">
    <p class='ocr_par' dir='ltr' id='par_1_1' title="bbox 373 241 1088 310">
     <span class='ocr_line' id='line_1_1' title="bbox 373 241 1088 310; baseline 0.004 -3"><span class='ocrx_word' id='word_1_1' title='bbox 373 242 508 308; x_wconf 84' lang='grc' dir='ltr'><strong>ΟΟΜΜ.</strong></span> <span class='ocrx_word' id='word_1_2' title='bbox 529 243 579 307; x_wconf 93' lang='grc' dir='ltr'>ΠΙ</span> <span class='ocrx_word' id='word_1_3' title='bbox 600 242 695 309; x_wconf 78' lang='grc' dir='ltr'><strong>ΟΑΡ.</strong></span> <span class='ocrx_word' id='word_1_4' title='bbox 718 241 854 308; x_wconf 82' lang='grc'><strong>25-28.</strong></span> <span class='ocrx_word' id='word_1_5' title='bbox 1047 243 1088 310; x_wconf 84' lang='grc'>91</span> 
     </span>
    </p>
   </div>
   <div class='ocr_carea' id='block_1_2' title="bbox 128 412 1093 1184">
    <p class='ocr_par' dir='ltr' id='par_1_2' title="bbox 128 412 1093 1184">
     <span class='ocr_line' id='line_1_2' title="bbox 129 412 1090 562; baseline 0 -84"><span class='ocrx_word' id='word_1_6' title='bbox 129 421 227 562; x_wconf 77' lang='lat' dir='ltr'>atque</span> <span class='ocrx_word' id='word_1_7' title='bbox 249 412 347 478; x_wconf 90' lang='lat' dir='ltr'>altero</span> <span class='ocrx_word' id='word_1_8' title='bbox 370 415 421 478; x_wconf 94' lang='lat' dir='ltr'>die</span> <span class='ocrx_word' id='word_1_9' title='bbox 442 413 648 500; x_wconf 62' lang='lat' dir='ltr'>Apolloniam,</span> <span class='ocrx_word' id='word_1_10' title='bbox 671 413 928 500; x_wconf 77' lang='lat' dir='ltr'><strong>[Dyrrhachium]</strong></span> <span class='ocrx_word' id='word_1_11' title='bbox 950 424 1090 500; x_wconf 88' lang='lat' dir='ltr'>praeter-</span> 
     </span>
     <span class='ocr_line' id='line_1_3' title="bbox 128 497 1089 585; baseline -0.002 -21"><span class='ocrx_word' id='word_1_12' title='bbox 128 521 170 564; x_wconf 88' lang='lat' dir='ltr'>ve</span> <span class='ocrx_word' id='word_1_13' title='bbox 194 508 295 563; x_wconf 85' lang='lat' dir='ltr'>untur.</span> <span class='ocrx_word' id='word_1_14' title='bbox 308 497 371 577; x_wconf 81' lang='lat' dir='ltr'>Qui</span> <span class='ocrx_word' id='word_1_15' title='bbox 382 523 479 585; x_wconf 91' lang='lat' dir='ltr'>quum</span> <span class='ocrx_word' id='word_1_16' title='bbox 490 508 595 564; x_wconf 81' lang='lat' dir='ltr'>essent</span> <span class='ocrx_word' id='word_1_17' title='bbox 606 523 648 564; x_wconf 87' lang='lat' dir='ltr'>ex</span> <span class='ocrx_word' id='word_1_18' title='bbox 656 501 828 564; x_wconf 89' lang='lat' dir='ltr'>continenti</span> <span class='ocrx_word' id='word_1_19' title='bbox 835 502 905 583; x_wconf 89' lang='lat' dir='ltr'>visi,</span> <span class='ocrx_word' id='word_1_20' title='bbox 918 499 1089 585; x_wconf 79' lang='lat' dir='ltr'>Coponius,</span> 
     </span>
     <span class='ocr_line' id='line_1_4' title="bbox 129 583 1091 672; baseline -0.001 -23"><span class='ocrx_word' id='word_1_21' title='bbox 129 586 186 672; x_wconf 91' lang='lat' dir='ltr'>qui</span> <span class='ocrx_word' id='word_1_22' title='bbox 216 583 399 668; x_wconf 81' lang='lat' dir='ltr'>Dyrrhachi</span> <span class='ocrx_word' id='word_1_23' title='bbox 427 584 520 650; x_wconf 78' lang='lat' dir='ltr'>classi</span> <span class='ocrx_word' id='word_1_24' title='bbox 555 585 696 650; x_wconf 81' lang='lat' dir='ltr'>Rhodiae</span> <span class='ocrx_word' id='word_1_25' title='bbox 729 594 883 671; x_wconf 79' lang='lat' dir='ltr'>praeerat,</span> <span class='ocrx_word' id='word_1_26' title='bbox 913 607 1012 650; x_wconf 90' lang='lat' dir='ltr'>naves</span> <span class='ocrx_word' id='word_1_27' title='bbox 1049 607 1091 650; x_wconf 84' lang='lat' dir='ltr'>ex</span> 
     </span>
     <span class='ocr_line' id='line_1_5' title="bbox 128 670 1090 756; baseline -0.001 -21"><span class='ocrx_word' id='word_1_28' title='bbox 128 677 224 756; x_wconf 87' lang='lat' dir='ltr'>portu</span> <span class='ocrx_word' id='word_1_29' title='bbox 245 670 359 752; x_wconf 83' lang='lat' dir='ltr'>educit,</span> <span class='ocrx_word' id='word_1_30' title='bbox 383 679 414 735; x_wconf 92' lang='lat' dir='ltr'>et</span> <span class='ocrx_word' id='word_1_31' title='bbox 443 692 538 756; x_wconf 91' lang='lat' dir='ltr'>quum</span> <span class='ocrx_word' id='word_1_32' title='bbox 567 673 630 756; x_wconf 86' lang='lat' dir='ltr'>iam</span> <span class='ocrx_word' id='word_1_33' title='bbox 651 673 767 736; x_wconf 85' lang='lat' dir='ltr'>nostris</span> <span class='ocrx_word' id='word_1_34' title='bbox 789 671 973 736; x_wconf 84' lang='lat' dir='ltr'>remissiore</span> <span class='ocrx_word' id='word_1_35' title='bbox 994 679 1090 735; x_wconf 89' lang='lat' dir='ltr'>vento</span> 
     </span>
     <span class='ocr_line' id='line_1_6' title="bbox 129 756 1090 842; baseline -0.001 -22"><span class='ocrx_word' id='word_1_36' title='bbox 129 756 428 842; x_wconf 85' lang='lat' dir='ltr'>appropinquasset,</span> <span class='ocrx_word' id='word_1_37' title='bbox 465 757 551 821; x_wconf 88' lang='lat' dir='ltr'>idem</span> <span class='ocrx_word' id='word_1_38' title='bbox 583 766 690 822; x_wconf 89' lang='lat' dir='ltr'>auster</span> <span class='ocrx_word' id='word_1_39' title='bbox 721 757 879 820; x_wconf 84' lang='lat' dir='ltr'>increbuit</span> <span class='ocrx_word' id='word_1_40' title='bbox 910 758 1090 842; x_wconf 79' lang='lat' dir='ltr'>nostrisque</span> 
     </span>
     <span class='ocr_line' id='line_1_7' title="bbox 129 841 1091 928; baseline 0.002 -24"><span class='ocrx_word' id='word_1_41' title='bbox 129 841 288 926; x_wconf 90' lang='lat' dir='ltr'>praesidio</span> <span class='ocrx_word' id='word_1_42' title='bbox 303 841 370 905; x_wconf 88' lang='lat' dir='ltr'>fuit.</span> <span class='ocrx_word' id='word_1_43' title='bbox 386 843 497 928; x_wconf 87' lang='lat' dir='ltr'>Neque</span> <span class='ocrx_word' id='word_1_44' title='bbox 510 865 587 907; x_wconf 86' lang='lat' dir='ltr'>vero</span> <span class='ocrx_word' id='word_1_45' title='bbox 603 842 657 906; x_wconf 89' lang='lat' dir='ltr'>ille</span> <span class='ocrx_word' id='word_1_46' title='bbox 673 841 714 906; x_wconf 92' lang='lat' dir='ltr'>ob</span> <span class='ocrx_word' id='word_1_47' title='bbox 734 864 805 905; x_wconf 89' lang='lat' dir='ltr'>eam</span> <span class='ocrx_word' id='word_1_48' title='bbox 827 863 955 906; x_wconf 89' lang='lat' dir='ltr'>causam</span> <span class='ocrx_word' id='word_1_49' title='bbox 977 851 1091 906; x_wconf 89' lang='lat' dir='ltr'>conatu</span> 
     </span>
     <span class='ocr_line' id='line_1_8' title="bbox 130 925 1093 1014; baseline -0.002 -22"><span class='ocrx_word' id='word_1_50' title='bbox 130 925 312 1008; x_wconf 85' lang='lat' dir='ltr'>desistebat,</span> <span class='ocrx_word' id='word_1_51' title='bbox 340 927 397 992; x_wconf 91' lang='lat' dir='ltr'>sed</span> <span class='ocrx_word' id='word_1_52' title='bbox 425 927 534 992; x_wconf 87' lang='lat' dir='ltr'>labore</span> <span class='ocrx_word' id='word_1_53' title='bbox 556 937 588 991; x_wconf 92' lang='lat' dir='ltr'>et</span> <span class='ocrx_word' id='word_1_54' title='bbox 613 929 851 1014; x_wconf 85' lang='lat' dir='ltr'>perseverantia</span> <span class='ocrx_word' id='word_1_55' title='bbox 871 937 1038 991; x_wconf 88' lang='lat' dir='ltr'>nautarum</span> <span class='ocrx_word' id='word_1_56' title='bbox 1060 936 1093 991; x_wconf 89' lang='lat' dir='ltr'>et</span> 
     </span>
     <span class='ocr_line' id='line_1_9' title="bbox 128 1011 1091 1100; baseline 0.001 -25"><span class='ocrx_word' id='word_1_57' title='bbox 128 1013 196 1076; x_wconf 88' lang='lat' dir='ltr'>vim</span> <span class='ocrx_word' id='word_1_58' title='bbox 217 1021 281 1075; x_wconf 92' lang='lat' dir='ltr'>tem</span> <span class='ocrx_word' id='word_1_59' title='bbox 305 1015 414 1076; x_wconf 82' lang='lat' dir='ltr'>estatis</span> <span class='ocrx_word' id='word_1_60' title='bbox 436 1015 579 1098; x_wconf 86' lang='lat' dir='ltr'>superari</span> <span class='ocrx_word' id='word_1_61' title='bbox 606 1036 710 1100; x_wconf 82' lang='lat' dir='ltr'>posse.</span> <span class='ocrx_word' id='word_1_62' title='bbox 733 1011 883 1099; x_wconf 85' lang='lat' dir='ltr'>sperabat</span> <span class='ocrx_word' id='word_1_63' title='bbox 914 1022 1091 1099; x_wconf 79' lang='lat' dir='ltr'>praeterve-</span> 
     </span>
     <span class='ocr_line' id='line_1_10' title="bbox 131 1035 1091 1184; baseline -0.001 -23"><span class='ocrx_word' id='word_1_64' title='bbox 131 1108 262 1184; x_wconf 87' lang='lat' dir='ltr'>ctosque</span> <span class='ocrx_word' id='word_1_65' title='bbox 282 1035 525 1184; x_wconf 71' lang='lat' dir='ltr'>l)yrrhachium</span> <span class='ocrx_word' id='word_1_66' title='bbox 555 1121 673 1184; x_wconf 85' lang='lat' dir='ltr'>magna</span> <span class='ocrx_word' id='word_1_67' title='bbox 700 1101 734 1162; x_wconf 88' lang='lat' dir='ltr'>vi</span> <span class='ocrx_word' id='word_1_68' title='bbox 758 1101 846 1162; x_wconf 91' lang='lat' dir='ltr'>venti</span> <span class='ocrx_word' id='word_1_69' title='bbox 867 1098 965 1163; x_wconf 92' lang='lat' dir='ltr'>nihilo</span> <span class='ocrx_word' id='word_1_70' title='bbox 988 1099 1091 1161; x_wconf 87' lang='lat' dir='ltr'>secius</span> 
     </span>
    </p>
   </div>
   <div class='ocr_carea' id='block_1_3' title="bbox 130 1183 1091 1418">
    <p class='ocr_par' dir='ltr' id='par_1_3' title="bbox 130 1183 1091 1418">
     <span class='ocr_line' id='line_1_11' title="bbox 132 1183 1091 1270; baseline -0.001 -23"><span class='ocrx_word' id='word_1_71' title='bbox 132 1183 332 1270; x_wconf 85' lang='lat' dir='ltr'>sequebatur.</span> <span class='ocrx_word' id='word_1_72' title='bbox 360 1185 468 1248; x_wconf 88' lang='lat' dir='ltr'>Nostri</span> <span class='ocrx_word' id='word_1_73' title='bbox 488 1185 538 1247; x_wconf 94' lang='lat' dir='ltr'>usi</span> <span class='ocrx_word' id='word_1_74' title='bbox 564 1185 709 1250; x_wconf 88' lang='lat' dir='ltr'>fortunae</span> <span class='ocrx_word' id='word_1_75' title='bbox 730 1183 884 1249; x_wconf 89' lang='lat' dir='ltr'>beneficio</span> <span class='ocrx_word' id='word_1_76' title='bbox 907 1197 1014 1247; x_wconf 90' lang='lat' dir='ltr'>tamen</span> <span class='ocrx_word' id='word_1_77' title='bbox 1034 1185 1091 1246; x_wconf 93' lang='lat' dir='ltr'>im-</span> 
     </span>
     <span class='ocr_line' id='line_1_12' title="bbox 130 1269 1091 1418; baseline -0.002 -85"><span class='ocrx_word' id='word_1_78' title='bbox 130 1279 240 1418; x_wconf 51' lang='lat' dir='ltr'>pJetum</span> <span class='ocrx_word' id='word_1_79' title='bbox 268 1269 378 1334; x_wconf 87' lang='lat' dir='ltr'>elassis</span> <span class='ocrx_word' id='word_1_80' title='bbox 414 1269 576 1351; x_wconf 83' lang='lat' dir='ltr'>timebant,</span> <span class='ocrx_word' id='word_1_81' title='bbox 608 1272 635 1332; x_wconf 89' lang='lat' dir='ltr'>si</span> <span class='ocrx_word' id='word_1_82' title='bbox 662 1271 741 1335; x_wconf 89' lang='lat' dir='ltr'>forte</span> <span class='ocrx_word' id='word_1_83' title='bbox 763 1279 877 1334; x_wconf 88' lang='lat' dir='ltr'>ventus</span> <span class='ocrx_word' id='word_1_84' title='bbox 906 1270 1091 1334; x_wconf 82' lang='lat' dir='ltr'>remisisset</span> 
     </span>
    </p>
   </div>
   <div class='ocr_carea' id='block_1_4' title="bbox 131 1353 1097 3582">
    <p class='ocr_par' dir='ltr' id='par_1_4' title="bbox 131 1353 1093 1932">
     <span class='ocr_line' id='line_1_13' title="bbox 163 1353 1092 1442; baseline 0.001 -25"><span class='ocrx_word' id='word_1_85' title='bbox 163 1356 224 1418; x_wconf 87' lang='lat' dir='ltr'>acti</span> <span class='ocrx_word' id='word_1_86' title='bbox 259 1365 401 1441; x_wconf 89' lang='lat' dir='ltr'>portum,</span> <span class='ocrx_word' id='word_1_87' title='bbox 418 1356 489 1440; x_wconf 84' lang='lat' dir='ltr'>¹qui</span> <span class='ocrx_word' id='word_1_88' title='bbox 525 1355 701 1441; x_wconf 88' lang='lat' dir='ltr'>appellatur</span> <span class='ocrx_word' id='word_1_89' title='bbox 735 1354 972 1442; x_wconf 87' lang='lat' dir='ltr'>Nymphaeum,</span> <span class='ocrx_word' id='word_1_90' title='bbox 1008 1353 1092 1418; x_wconf 89' lang='lat' dir='ltr'>ultra</span> 
     </span>
     <span class='ocr_line' id='line_1_14' title="bbox 131 1439 1092 1525; baseline -0.002 -22"><span class='ocrx_word' id='word_1_91' title='bbox 131 1439 258 1506; x_wconf 89' lang='lat' dir='ltr'>Lissum</span> <span class='ocrx_word' id='word_1_92' title='bbox 287 1440 375 1504; x_wconf 88' lang='lat' dir='ltr'>milia</span> <span class='ocrx_word' id='word_1_93' title='bbox 400 1462 551 1525; x_wconf 86' lang='lat' dir='ltr'>passuum</span> <span class='ocrx_word' id='word_1_94' title='bbox 580 1449 615 1503; x_wconf 83' lang='grc' dir='ltr'>ΙΙΙ</span> <span class='ocrx_word' id='word_1_95' title='bbox 644 1453 686 1507; x_wconf 77' lang='lat' dir='ltr'>&#39;eo</span> <span class='ocrx_word' id='word_1_96' title='bbox 718 1464 817 1506; x_wconf 89' lang='lat' dir='ltr'>naves</span> <span class='ocrx_word' id='word_1_97' title='bbox 850 1441 1092 1504; x_wconf 87' lang='lat' dir='ltr'>introduxerunt</span> 
     </span>
     <span class='ocr_line' id='line_1_15' title="bbox 133 1525 1093 1612; baseline -0.002 -22"><span class='ocrx_word' id='word_1_98' title='bbox 133 1525 202 1612; x_wconf 93' lang='lat' dir='ltr'>(qui</span> <span class='ocrx_word' id='word_1_99' title='bbox 222 1535 330 1611; x_wconf 88' lang='lat' dir='ltr'>portus</span> <span class='ocrx_word' id='word_1_100' title='bbox 354 1527 394 1590; x_wconf 90' lang='lat' dir='ltr'>ab</span> <span class='ocrx_word' id='word_1_101' title='bbox 415 1525 524 1590; x_wconf 82' lang='lat' dir='ltr'>Africo</span> <span class='ocrx_word' id='word_1_102' title='bbox 546 1526 721 1612; x_wconf 87' lang='lat' dir='ltr'>tegebatur,</span> <span class='ocrx_word' id='word_1_103' title='bbox 745 1527 785 1590; x_wconf 87' lang='lat' dir='ltr'>ab</span> <span class='ocrx_word' id='word_1_104' title='bbox 808 1537 915 1590; x_wconf 89' lang='lat' dir='ltr'>austro</span> <span class='ocrx_word' id='word_1_105' title='bbox 937 1549 1002 1590; x_wconf 89' lang='lat' dir='ltr'>non</span> <span class='ocrx_word' id='word_1_106' title='bbox 1024 1535 1093 1588; x_wconf 89' lang='lat' dir='ltr'>erat</span> 
     </span>
     <span class='ocr_line' id='line_1_16' title="bbox 131 1609 1092 1697; baseline -0.002 -22"><span class='ocrx_word' id='word_1_107' title='bbox 131 1610 232 1697; x_wconf 88' lang='lat' dir='ltr'>tutus)</span> <span class='ocrx_word' id='word_1_108' title='bbox 255 1611 417 1696; x_wconf 85' lang='lat' dir='ltr'>leviusque</span> <span class='ocrx_word' id='word_1_109' title='bbox 445 1615 640 1696; x_wconf 85' lang='lat' dir='ltr'>tempestatis</span> <span class='ocrx_word' id='word_1_110' title='bbox 668 1615 763 1697; x_wconf 89' lang='lat' dir='ltr'>quam</span> <span class='ocrx_word' id='word_1_111' title='bbox 785 1611 895 1676; x_wconf 87' lang='lat' dir='ltr'>classis</span> <span class='ocrx_word' id='word_1_112' title='bbox 916 1609 1092 1696; x_wconf 84' lang='lat' dir='ltr'>periculum</span> 
     </span>
     <span class='ocr_line' id='line_1_17' title="bbox 133 1696 1091 1782; baseline -0.001 -23"><span class='ocrx_word' id='word_1_113' title='bbox 133 1698 387 1761; x_wconf 79' lang='lat' dir='ltr'>aestimavsrsmt.</span> <span class='ocrx_word' id='word_1_114' title='bbox 425 1696 496 1776; x_wconf 81' lang='lat' dir='ltr'>Quo</span> <span class='ocrx_word' id='word_1_115' title='bbox 517 1697 704 1782; x_wconf 88' lang='lat' dir='ltr'>simulatque</span> <span class='ocrx_word' id='word_1_116' title='bbox 725 1700 889 1762; x_wconf 87' lang='lat' dir='ltr'>introitum</span> <span class='ocrx_word' id='word_1_117' title='bbox 911 1706 968 1775; x_wconf 88' lang='lat' dir='ltr'>est,</span> <span class='ocrx_word' id='word_1_118' title='bbox 991 1698 1091 1759; x_wconf 88' lang='lat' dir='ltr'>incre-</span> 
     </span>
     <span class='ocr_line' id='line_1_18' title="bbox 134 1780 1093 1870; baseline 0 -26"><span class='ocrx_word' id='word_1_119' title='bbox 134 1780 224 1845; x_wconf 90' lang='lat' dir='ltr'>dibili</span> <span class='ocrx_word' id='word_1_120' title='bbox 251 1781 401 1846; x_wconf 86' lang='lat' dir='ltr'>felicitate</span> <span class='ocrx_word' id='word_1_121' title='bbox 429 1791 542 1864; x_wconf 87' lang='lat' dir='ltr'>auster,</span> <span class='ocrx_word' id='word_1_122' title='bbox 573 1785 626 1869; x_wconf 93' lang='lat' dir='ltr'>qui</span> <span class='ocrx_word' id='word_1_123' title='bbox 653 1805 713 1870; x_wconf 90' lang='lat' dir='ltr'>per</span> <span class='ocrx_word' id='word_1_124' title='bbox 733 1781 865 1848; x_wconf 88' lang='lat' dir='ltr'>biduum</span> <span class='ocrx_word' id='word_1_125' title='bbox 894 1781 1036 1864; x_wconf 88' lang='lat' dir='ltr'>flaverat,</span> <span class='ocrx_word' id='word_1_126' title='bbox 1058 1782 1093 1844; x_wconf 93' lang='lat' dir='ltr'>in</span> 
     </span>
     <span class='ocr_line' id='line_1_19' title="bbox 134 1866 459 1932; baseline 0.006 -2"><span class='ocrx_word' id='word_1_127' title='bbox 134 1866 277 1932; x_wconf 84' lang='lat' dir='ltr'>Africum</span> <span class='ocrx_word' id='word_1_128' title='bbox 300 1890 334 1932; x_wconf 88' lang='lat' dir='ltr'>se</span> <span class='ocrx_word' id='word_1_129' title='bbox 356 1870 459 1932; x_wconf 86' lang='lat' dir='ltr'>vertit.</span> 
     </span>
    </p>

    <p class='ocr_par' dir='ltr' id='par_1_5' title="bbox 133 1952 1094 2810">
     <span class='ocr_line' id='line_1_20' title="bbox 198 1952 1093 2020; baseline 0 -4"><span class='ocrx_word' id='word_1_130' title='bbox 198 1953 248 2017; x_wconf 78' lang='lat'>27.</span> <span class='ocrx_word' id='word_1_131' title='bbox 271 1953 334 2017; x_wconf 88' lang='lat' dir='ltr'>Hic</span> <span class='ocrx_word' id='word_1_132' title='bbox 355 1954 490 2018; x_wconf 84' lang='lat' dir='ltr'>subitam</span> <span class='ocrx_word' id='word_1_133' title='bbox 517 1958 793 2020; x_wconf 87' lang='lat' dir='ltr'>commutationem</span> <span class='ocrx_word' id='word_1_134' title='bbox 818 1955 962 2020; x_wconf 77' lang='lat' dir='ltr'>fortrmae</span> <span class='ocrx_word' id='word_1_135' title='bbox 983 1952 1093 2017; x_wconf 86' lang='lat' dir='ltr'>videre</span> 
     </span>
     <span class='ocr_line' id='line_1_21' title="bbox 134 2037 1093 2123; baseline -0.001 -21"><span class='ocrx_word' id='word_1_136' title='bbox 134 2038 232 2102; x_wconf 87' lang='lat' dir='ltr'>licuit.</span> <span class='ocrx_word' id='word_1_137' title='bbox 256 2037 320 2117; x_wconf 79' lang='lat' dir='ltr'>Qui</span> <span class='ocrx_word' id='word_1_138' title='bbox 341 2039 435 2104; x_wconf 93' lang='lat' dir='ltr'>modo</span> <span class='ocrx_word' id='word_1_139' title='bbox 457 2039 519 2104; x_wconf 89' lang='lat' dir='ltr'>sibi</span> <span class='ocrx_word' id='word_1_140' title='bbox 546 2044 723 2122; x_wconf 89' lang='lat' dir='ltr'>timuerant,</span> <span class='ocrx_word' id='word_1_141' title='bbox 746 2041 804 2104; x_wconf 90' lang='lat' dir='ltr'>hos</span> <span class='ocrx_word' id='word_1_142' title='bbox 826 2041 1001 2104; x_wconf 88' lang='lat' dir='ltr'>tutissimus</span> <span class='ocrx_word' id='word_1_143' title='bbox 1022 2060 1093 2123; x_wconf 88' lang='lat' dir='ltr'>por-</span> 
     </span>
     <span class='ocr_line' id='line_1_22' title="bbox 133 2124 1093 2210; baseline -0.001 -22"><span class='ocrx_word' id='word_1_144' title='bbox 133 2135 184 2188; x_wconf 87' lang='lat' dir='ltr'>tus</span> <span class='ocrx_word' id='word_1_145' title='bbox 212 2125 403 2209; x_wconf 88' lang='lat' dir='ltr'>recipiebat;</span> <span class='ocrx_word' id='word_1_146' title='bbox 431 2127 485 2210; x_wconf 94' lang='lat' dir='ltr'>qui</span> <span class='ocrx_word' id='word_1_147' title='bbox 510 2129 625 2190; x_wconf 85' lang='lat' dir='ltr'>nostris</span> <span class='ocrx_word' id='word_1_148' title='bbox 654 2127 789 2191; x_wconf 90' lang='lat' dir='ltr'>navibus</span> <span class='ocrx_word' id='word_1_149' title='bbox 838 2124 992 2190; x_wconf 89' lang='lat' dir='ltr'>ericulum</span> <span class='ocrx_word' id='word_1_150' title='bbox 1012 2126 1093 2187; x_wconf 85' lang='lat' dir='ltr'>intu-</span> 
     </span>
     <span class='ocr_line' id='line_1_23' title="bbox 133 2149 1094 2358; baseline -0.003 -83"><span class='ocrx_word' id='word_1_151' title='bbox 133 2210 253 2292; x_wconf 89' lang='lat' dir='ltr'>lerant,</span> <span class='ocrx_word' id='word_1_152' title='bbox 284 2211 323 2274; x_wconf 90' lang='lat' dir='ltr'>de</span> <span class='ocrx_word' id='word_1_153' title='bbox 353 2233 410 2274; x_wconf 90' lang='lat' dir='ltr'>suo</span> <span class='ocrx_word' id='word_1_154' title='bbox 438 2213 548 2276; x_wconf 88' lang='lat' dir='ltr'>timere</span> <span class='ocrx_word' id='word_1_155' title='bbox 577 2213 780 2304; x_wconf 72' lang='lat' dir='ltr'>qogebautur.</span> <span class='ocrx_word' id='word_1_156' title='bbox 815 2149 925 2298; x_wconf 76' lang='lat' dir='ltr'>ltaque</span> <span class='ocrx_word' id='word_1_157' title='bbox 951 2221 1094 2358; x_wconf 67' lang='lat' dir='ltr'>tempore</span> 
     </span>
     <span class='ocr_line' id='line_1_24' title="bbox 135 2292 1093 2381; baseline 0 -23"><span class='ocrx_word' id='word_1_158' title='bbox 135 2304 325 2360; x_wconf 88' lang='lat' dir='ltr'>commutato</span> <span class='ocrx_word' id='word_1_159' title='bbox 346 2305 517 2381; x_wconf 85' lang='lat' dir='ltr'>tempestas</span> <span class='ocrx_word' id='word_1_160' title='bbox 540 2307 571 2362; x_wconf 91' lang='lat' dir='ltr'>et</span> <span class='ocrx_word' id='word_1_161' title='bbox 591 2308 716 2362; x_wconf 89' lang='lat' dir='ltr'>nostros</span> <span class='ocrx_word' id='word_1_162' title='bbox 736 2292 870 2362; x_wconf 69' lang='lat' dir='ltr'>texitet</span> <span class='ocrx_word' id='word_1_163' title='bbox 891 2318 989 2362; x_wconf 84' lang='lat' dir='ltr'>naves</span> <span class='ocrx_word' id='word_1_164' title='bbox 1040 2294 1093 2358; x_wconf 92' lang='lat' dir='ltr'>ho·</span> 
     </span>
     <span class='ocr_line' id='line_1_25' title="bbox 134 2381 1093 2465; baseline 0 -21"><span class='ocrx_word' id='word_1_165' title='bbox 134 2381 203 2445; x_wconf 88' lang='lat' dir='ltr'>dias</span> <span class='ocrx_word' id='word_1_166' title='bbox 226 2381 346 2463; x_wconf 87' lang='lat' dir='ltr'>afflixit,</span> <span class='ocrx_word' id='word_1_167' title='bbox 362 2383 406 2444; x_wconf 89' lang='lat' dir='ltr'>ita</span> <span class='ocrx_word' id='word_1_168' title='bbox 421 2392 455 2446; x_wconf 92' lang='lat' dir='ltr'>ut</span> <span class='ocrx_word' id='word_1_169' title='bbox 468 2382 510 2445; x_wconf 92' lang='lat' dir='ltr'>ad</span> <span class='ocrx_word' id='word_1_170' title='bbox 524 2405 620 2446; x_wconf 88' lang='lat' dir='ltr'>unam</span> <span class='ocrx_word' id='word_1_171' title='bbox 634 2405 752 2465; x_wconf 88' lang='lat' dir='ltr'>omnes,</span> <span class='ocrx_word' id='word_1_172' title='bbox 770 2391 947 2447; x_wconf 86' lang='lat' dir='ltr'>constratae</span> <span class='ocrx_word' id='word_1_173' title='bbox 962 2403 1093 2445; x_wconf 91' lang='lat' dir='ltr'>numero</span> 
     </span>
     <span class='ocr_line' id='line_1_26' title="bbox 135 2467 1093 2552; baseline 0 -24"><span class='ocrx_word' id='word_1_174' title='bbox 135 2473 208 2549; x_wconf 85' lang='lat' dir='ltr'>XVI,</span> <span class='ocrx_word' id='word_1_175' title='bbox 233 2467 425 2530; x_wconf 87' lang='lat' dir='ltr'>eliderentur</span> <span class='ocrx_word' id='word_1_176' title='bbox 447 2477 478 2531; x_wconf 90' lang='lat' dir='ltr'>et</span> <span class='ocrx_word' id='word_1_177' title='bbox 491 2469 655 2552; x_wconf 86' lang='lat' dir='ltr'>naufragio</span> <span class='ocrx_word' id='word_1_178' title='bbox 670 2470 844 2549; x_wconf 85' lang='lat' dir='ltr'>interirent,</span> <span class='ocrx_word' id='word_1_179' title='bbox 869 2478 900 2531; x_wconf 89' lang='lat' dir='ltr'>et</span> <span class='ocrx_word' id='word_1_180' title='bbox 923 2489 962 2530; x_wconf 83' lang='lat' dir='ltr'>ex</span> <span class='ocrx_word' id='word_1_181' title='bbox 977 2487 1093 2552; x_wconf 78' lang='lat' dir='ltr'>magno</span> 
     </span>
     <span class='ocr_line' id='line_1_27' title="bbox 135 2551 1094 2638; baseline -0.002 -22"><span class='ocrx_word' id='word_1_182' title='bbox 135 2553 290 2637; x_wconf 85' lang='lat' dir='ltr'>remigum</span> <span class='ocrx_word' id='word_1_183' title='bbox 303 2564 634 2638; x_wconf 82' lang='lat' dir='ltr'>propugnatorumque</span> <span class='ocrx_word' id='word_1_184' title='bbox 650 2577 780 2618; x_wconf 89' lang='lat' dir='ltr'>numero</span> <span class='ocrx_word' id='word_1_185' title='bbox 794 2575 869 2638; x_wconf 91' lang='lat' dir='ltr'>pars</span> <span class='ocrx_word' id='word_1_186' title='bbox 892 2553 933 2616; x_wconf 86' lang='lat' dir='ltr'>ad</span> <span class='ocrx_word' id='word_1_187' title='bbox 949 2551 1094 2637; x_wconf 87' lang='lat' dir='ltr'>scopulos</span> 
     </span>
     <span class='ocr_line' id='line_1_28' title="bbox 136 2637 1094 2724; baseline 0 -24"><span class='ocrx_word' id='word_1_188' title='bbox 136 2637 228 2701; x_wconf 85' lang='lat' dir='ltr'>allisa</span> <span class='ocrx_word' id='word_1_189' title='bbox 255 2639 501 2720; x_wconf 88' lang='lat' dir='ltr'>interficeretur,</span> <span class='ocrx_word' id='word_1_190' title='bbox 530 2661 604 2724; x_wconf 87' lang='lat' dir='ltr'>pars</span> <span class='ocrx_word' id='word_1_191' title='bbox 641 2639 681 2702; x_wconf 92' lang='lat' dir='ltr'>ab</span> <span class='ocrx_word' id='word_1_192' title='bbox 712 2641 829 2703; x_wconf 88' lang='lat' dir='ltr'>nostris</span> <span class='ocrx_word' id='word_1_193' title='bbox 859 2638 1094 2719; x_wconf 82' lang='lat' dir='ltr'>detraheretur3</span> 
     </span>
     <span class='ocr_line' id='line_1_29' title="bbox 137 2725 1015 2810; baseline -0.001 -23"><span class='ocrx_word' id='word_1_194' title='bbox 137 2745 214 2810; x_wconf 92' lang='lat' dir='ltr'>quos</span> <span class='ocrx_word' id='word_1_195' title='bbox 238 2746 346 2792; x_wconf 87' lang='lat' dir='ltr'>omnes</span> <span class='ocrx_word' id='word_1_196' title='bbox 370 2733 580 2788; x_wconf 56' lang='lat' dir='ltr'>conservatos*</span> <span class='ocrx_word' id='word_1_197' title='bbox 597 2725 717 2788; x_wconf 84' lang='lat' dir='ltr'>Caesar</span> <span class='ocrx_word' id='word_1_198' title='bbox 739 2726 865 2789; x_wconf 90' lang='lat' dir='ltr'>domum</span> <span class='ocrx_word' id='word_1_199' title='bbox 889 2725 1015 2788; x_wconf 86' lang='lat' dir='ltr'>dimisit</span> 
     </span>
    </p>

    <p class='ocr_par' dir='ltr' id='par_1_6' title="bbox 135 2809 1097 3582">
     <span class='ocr_line' id='line_1_30' title="bbox 199 2809 1095 2875; baseline -0.004 -3"><span class='ocrx_word' id='word_1_200' title='bbox 199 2809 250 2872; x_wconf 86' lang='grc'>28.</span> <span class='ocrx_word' id='word_1_201' title='bbox 273 2809 408 2874; x_wconf 85' lang='lat' dir='ltr'>Nostrae</span> <span class='ocrx_word' id='word_1_202' title='bbox 429 2833 528 2874; x_wconf 84' lang='lat' dir='ltr'>naves</span> <span class='ocrx_word' id='word_1_203' title='bbox 551 2810 632 2875; x_wconf 88' lang='lat' dir='ltr'>duae</span> <span class='ocrx_word' id='word_1_204' title='bbox 647 2811 766 2874; x_wconf 88' lang='lat' dir='ltr'>tardius</span> <span class='ocrx_word' id='word_1_205' title='bbox 789 2833 883 2874; x_wconf 88' lang='lat' dir='ltr'>cursu</span> <span class='ocrx_word' id='word_1_206' title='bbox 906 2809 1047 2873; x_wconf 88' lang='lat' dir='ltr'>confecto</span> <span class='ocrx_word' id='word_1_207' title='bbox 1062 2809 1095 2870; x_wconf 92' lang='lat' dir='ltr'>in</span> 
     </span>
     <span class='ocr_line' id='line_1_31' title="bbox 135 2894 1096 2982; baseline -0.001 -26"><span class='ocrx_word' id='word_1_208' title='bbox 135 2905 259 2959; x_wconf 88' lang='lat' dir='ltr'>nectam</span> <span class='ocrx_word' id='word_1_209' title='bbox 275 2898 444 2977; x_wconf 87' lang='lat' dir='ltr'>coniectae,</span> <span class='ocrx_word' id='word_1_210' title='bbox 468 2919 564 2982; x_wconf 88' lang='lat' dir='ltr'>quum</span> <span class='ocrx_word' id='word_1_211' title='bbox 584 2898 775 2978; x_wconf 81' lang='lat' dir='ltr'>ignorarent,</span> <span class='ocrx_word' id='word_1_212' title='bbox 805 2918 897 2980; x_wconf 90' lang='lat' dir='ltr'>quem</span> <span class='ocrx_word' id='word_1_213' title='bbox 920 2894 1024 2958; x_wconf 89' lang='lat' dir='ltr'>locum</span> <span class='ocrx_word' id='word_1_214' title='bbox 1046 2913 1096 2955; x_wconf 91' lang='lat' dir='ltr'>re·</span> 
     </span>
     <span class='ocr_line' id='line_1_32' title="bbox 135 2977 1095 3066; baseline -0.003 -22"><span class='ocrx_word' id='word_1_215' title='bbox 135 2981 240 3066; x_wconf 87' lang='lat' dir='ltr'>liquae</span> <span class='ocrx_word' id='word_1_216' title='bbox 263 2983 430 3066; x_wconf 83' lang='lat' dir='ltr'>cepissent,</span> <span class='ocrx_word' id='word_1_217' title='bbox 461 2993 570 3046; x_wconf 89' lang='lat' dir='ltr'>contra</span> <span class='ocrx_word' id='word_1_218' title='bbox 597 2977 725 3044; x_wconf 86' lang='lat' dir='ltr'>Lissum</span> <span class='ocrx_word' id='word_1_219' title='bbox 746 2983 780 3044; x_wconf 92' lang='lat' dir='ltr'>in</span> <span class='ocrx_word' id='word_1_220' title='bbox 802 2982 926 3045; x_wconf 87' lang='lat' dir='ltr'>ancoris</span> <span class='ocrx_word' id='word_1_221' title='bbox 949 2978 1095 3042; x_wconf 87' lang='lat' dir='ltr'>constite-</span> 
     </span>
     <span class='ocr_line' id='line_1_33' title="bbox 136 3063 1095 3152; baseline -0.005 -22"><span class='ocrx_word' id='word_1_222' title='bbox 136 3075 217 3130; x_wconf 90' lang='lat' dir='ltr'>runt.</span> <span class='ocrx_word' id='word_1_223' title='bbox 241 3065 308 3128; x_wconf 89' lang='lat' dir='ltr'>Has</span> <span class='ocrx_word' id='word_1_224' title='bbox 331 3067 455 3152; x_wconf 88' lang='lat' dir='ltr'>scaphis</span> <span class='ocrx_word' id='word_1_225' title='bbox 475 3067 711 3152; x_wconf 88' lang='lat' dir='ltr'>minoribusque</span> <span class='ocrx_word' id='word_1_226' title='bbox 725 3069 861 3151; x_wconf 88' lang='lat' dir='ltr'>navigiis</span> <span class='ocrx_word' id='word_1_227' title='bbox 884 3063 1095 3150; x_wconf 91' lang='lat' dir='ltr'>compluribus</span> 
     </span>
     <span class='ocr_line' id='line_1_34' title="bbox 137 3151 1096 3238; baseline -0.003 -23"><span class='ocrx_word' id='word_1_228' title='bbox 137 3151 302 3216; x_wconf 89' lang='lat' dir='ltr'>submissis</span> <span class='ocrx_word' id='word_1_229' title='bbox 325 3152 479 3216; x_wconf 89' lang='lat' dir='ltr'>Otacilius</span> <span class='ocrx_word' id='word_1_230' title='bbox 502 3152 645 3233; x_wconf 79' lang='lat' dir='ltr'>Crassus,</span> <span class='ocrx_word' id='word_1_231' title='bbox 681 3155 734 3238; x_wconf 91' lang='lat' dir='ltr'>qui</span> <span class='ocrx_word' id='word_1_232' title='bbox 755 3153 842 3216; x_wconf 90' lang='lat' dir='ltr'>Lissi</span> <span class='ocrx_word' id='word_1_233' title='bbox 862 3161 1018 3237; x_wconf 87' lang='lat' dir='ltr'>praeerat,</span> <span class='ocrx_word' id='word_1_234' title='bbox 1042 3171 1096 3212; x_wconf 87' lang='lat' dir='ltr'>ex-</span> 
     </span>
     <span class='ocr_line' id='line_1_35' title="bbox 136 3233 1097 3322; baseline -0.001 -23"><span class='ocrx_word' id='word_1_235' title='bbox 136 3259 277 3322; x_wconf 83' lang='lat' dir='ltr'>pugnare</span> <span class='ocrx_word' id='word_1_236' title='bbox 305 3238 454 3322; x_wconf 84' lang='lat' dir='ltr'>parabat3</span> <span class='ocrx_word' id='word_1_237' title='bbox 486 3238 579 3302; x_wconf 89' lang='lat' dir='ltr'>simul</span> <span class='ocrx_word' id='word_1_238' title='bbox 601 3238 641 3301; x_wconf 87' lang='lat' dir='ltr'>de</span> <span class='ocrx_word' id='word_1_239' title='bbox 669 3238 828 3303; x_wconf 88' lang='lat' dir='ltr'>deditione</span> <span class='ocrx_word' id='word_1_240' title='bbox 851 3259 960 3301; x_wconf 86' lang='lat' dir='ltr'>eorum</span> <span class='ocrx_word' id='word_1_241' title='bbox 982 3233 1097 3321; x_wconf 84' lang='lat' dir='ltr'>agebat</span> 
     </span>
     <span class='ocr_line' id='line_1_36' title="bbox 138 3322 1097 3408; baseline 0 -23"><span class='ocrx_word' id='word_1_242' title='bbox 138 3334 169 3385; x_wconf 87' lang='lat' dir='ltr'>et</span> <span class='ocrx_word' id='word_1_243' title='bbox 190 3322 436 3386; x_wconf 88' lang='lat' dir='ltr'>incolumitatem</span> <span class='ocrx_word' id='word_1_244' title='bbox 466 3324 579 3388; x_wconf 89' lang='lat' dir='ltr'>deditis</span> <span class='ocrx_word' id='word_1_245' title='bbox 609 3324 828 3408; x_wconf 88' lang='lat' dir='ltr'>pollicebatur.</span> <span class='ocrx_word' id='word_1_246' title='bbox 851 3323 975 3386; x_wconf 87' lang='lat' dir='ltr'>Harum</span> <span class='ocrx_word' id='word_1_247' title='bbox 997 3322 1097 3385; x_wconf 90' lang='lat' dir='ltr'>altera</span> 
     </span>
     <span class='ocr_line' id='line_1_37' title="bbox 137 3408 1097 3494; baseline 0.001 -25"><span class='ocrx_word' id='word_1_248' title='bbox 137 3409 227 3470; x_wconf 89' lang='lat' dir='ltr'>navis</span> <span class='ocrx_word' id='word_1_249' title='bbox 251 3413 345 3472; x_wconf 84' lang='lat' dir='ltr'>CCXX</span> <span class='ocrx_word' id='word_1_250' title='bbox 375 3433 392 3473; x_wconf 92' lang='lat' dir='ltr'>e</span> <span class='ocrx_word' id='word_1_251' title='bbox 421 3409 545 3494; x_wconf 81' lang='lat' dir='ltr'>legione</span> <span class='ocrx_word' id='word_1_252' title='bbox 572 3412 709 3474; x_wconf 87' lang='lat' dir='ltr'>tironum</span> <span class='ocrx_word' id='word_1_253' title='bbox 732 3408 909 3489; x_wconf 88' lang='lat' dir='ltr'>sustulerat,</span> <span class='ocrx_word' id='word_1_254' title='bbox 933 3408 1034 3472; x_wconf 88' lang='lat' dir='ltr'>altera</span> <span class='ocrx_word' id='word_1_255' title='bbox 1055 3429 1097 3470; x_wconf 83' lang='lat' dir='ltr'>ex</span> 
     </span>
     <span class='ocr_line' id='line_1_38' title="bbox 136 3494 1096 3582; baseline 0.004 -28"><span class='ocrx_word' id='word_1_256' title='bbox 136 3500 289 3557; x_wconf 83' lang='lat' dir='ltr'>veterana</span> <span class='ocrx_word' id='word_1_257' title='bbox 299 3494 393 3579; x_wconf 92' lang='lat' dir='ltr'>paulo</span> <span class='ocrx_word' id='word_1_258' title='bbox 408 3497 512 3560; x_wconf 90' lang='lat' dir='ltr'>minus</span> <span class='ocrx_word' id='word_1_259' title='bbox 529 3501 581 3560; x_wconf 83' lang='lat' dir='ltr'>CC.</span> <span class='ocrx_word' id='word_1_260' title='bbox 596 3495 658 3559; x_wconf 89' lang='lat' dir='ltr'>Hic</span> <span class='ocrx_word' id='word_1_261' title='bbox 674 3497 821 3582; x_wconf 85' lang='lat' dir='ltr'>cognosci</span> <span class='ocrx_word' id='word_1_262' title='bbox 833 3494 929 3578; x_wconf 88' lang='lat' dir='ltr'>licuit,</span> <span class='ocrx_word' id='word_1_263' title='bbox 947 3505 1096 3582; x_wconf 91' lang='lat' dir='ltr'>quantum</span> 
     </span>
    </p>
   </div>
   <div class='ocr_carea' id='block_1_5' title="bbox 0 0 1284 3978">
    <p class='ocr_par' dir='ltr' id='par_1_7' title="bbox 0 0 1284 3978">
     <span class='ocr_line' id='line_1_39' title="bbox 0 0 1284 3978; baseline 0 0"><span class='ocrx_word' id='word_1_264' title='bbox 0 0 1284 3978; x_wconf 95' lang='lat' dir='ltr'> </span> 
     </span>
    </p>
   </div>
  </div>
 </body>
</html>
