2534 3970
376 177 511 248 ΟΟΜΜ.
533 177 582 242 ΠΙ
604 177 695 244 CAR
723 177 854 242 16-20.
1047 181 1090 242 os

136 371 241 414 sarem
263 347 372 416 auxilii
392 349 515 416 ferendi
537 371 632 414 causa
652 349 877 434 proficiscatur.
918 348 1012 428 Quod
1032 347 1088 414 ubi

136 435 280 500 auditum
307 444 368 515 est,
396 433 593 500 conclamant
619 456 727 500 omnes
750 434 948 499 occasionem
968 433 1087 518 negotii

135 519 219 584 bene
248 520 380 605 gerendi
408 520 610 588 amittendam
637 541 702 584 non
734 541 818 584 esse:
852 519 893 583 ad
918 526 1022 582 castra
1047 519 1087 582 iri

136 613 293 690 oportere.
335 605 454 672 Multae
475 627 527 670 res
549 605 671 670 adhoc
694 603 857 670 consilium
880 603 990 668 Gallos
1014 601 1085 668 hor·

135 689 297 755 tabanum:
321 691 519 776 superiorum
542 689 663 754 dierum
686 689 795 754 Sabini
817 690 986 771 cunctatio,
1015 711 1085 775 per·

134 773 229 858 fugae
251 775 458 862 confirmatio,
485 777 592 860 inopia
614 775 811 856 cibariorum,
835 776 885 837 cui
905 775 954 838 rei
974 795 1086 875 parum

135 859 304 943 diligenter
333 859 372 924 ab
398 861 437 924 iis
464 870 532 926 erat
553 862 723 945 provisum,
747 883 819 945 spes
845 859 989 924 Venetici
1007 857 1086 926 belli

134 952 168 1010 et
190 945 273 1030 quod
294 945 362 1010 fere
383 945 520 1010 libenter
540 945 684 1010 homines
705 944 747 1027 id,
791 945 855 1008 uod
875 943 995 1026 volunt,
1018 966 1084 1009 cre·

135 1028 221 1094 dunt
258 1030 318 1094 His
340 1030 436 1100 rebus
458 1031 586 1096 adducti
599 1053 670 1095 non
684 967 999 1114 priusQnidovicem
1012 1028 1084 1102 reli·

134 1135 276 1201 quosque
305 1116 401 1182 duces
431 1138 472 1181 ex
500 1115 634 1182 concilio
663 1115 829 1197 dimittunt,
856 1137 950 1200 quam
972 1112 1011 1178 ab
1034 1114 1083 1180 his

134 1199 174 1264 sit
196 1222 394 1284 concessum,
427 1223 516 1266 mma
541 1203 587 1267 uti
619 1203 744 1286 capiant
767 1209 798 1266 et
824 1199 865 1264 ad
887 1208 989 1262 castra
1010 1221 1083 1264 con-

132 1285 271 1350 tendant.
304 1285 377 1365 Qua
390 1309 426 1350 rc
446 1309 598 1352 concessa
611 1285 693 1350 ¹laeti
714 1295 749 1350 ut
768 1284 931 1370 explorate
951 1285 1084 1355 victoria

133 1371 298 1436 sarmentis
319 1371 526 1458 virgultisque
542 1371 689 1452 collectis,
712 1371 826 1456 quibus
846 1370 947 1434 lossas
969 1369 1082 1436 Roma

131 1477 245 1520 norum
265 1457 452 1542 compleant,
475 1457 516 1522 ed
538 1467 641 1520 castra
662 1467 806 1541 pergunt.

190 1541 239 1604 19.
260 1541 364 1607 Locus
377 1552 445 1606 erat
455 1552 630 1608 castrorum
646 1541 747 1605 editus
763 1549 794 1604 et
805 1543 955 1626 paulatim
966 1539 1006 1604 ab
1018 1562 1081 1606 nno

130 1625 259 1690 acclivis
271 1628 395 1692 circiter
405 1649 517 1713 passus
532 1627 627 1692 mille.
643 1626 837 1711 Hucmagno
849 1648 943 1690 cursu
955 1635 1081 1690 conten·

130 1709 253 1793 derunt,
279 1719 314 1775 ut
354 1735 426 1776 uam
437 1713 599 1778 minimum
615 1713 707 1796 spatii
724 1711 809 1774 adse
826 1710 1019 1796 colligendos
1034 1733 1081 1774 ar·

130 1795 326 1881 mundosque
394 1799 495 1864 manis
516 1796 656 1878 dueum,
683 1797 915 1881 exanimatique
929 1817 1081 1880 pervene-

128 1891 211 1944 runt.
241 1880 377 1950 Sabinus
396 1905 469 1948 suos
488 1881 630 1947 hortatus
653 1881 851 1967 cupientibus
879 1882 1003 1965 signum
1018 1880 1079 1945 dat

129 1963 292 2049 Impeditis
314 1967 457 2032 hostibus
475 1977 604 2054 propter
626 1988 672 2048 es,
696 1989 777 2052 quae
801 1965 960 2049 ferebant,
984 1986 1081 2030 onera

129 2048 232 2116 subito
245 2051 366 2116 duabsu
381 2054 479 2136 portis
491 2055 687 2138 eruptionem
698 2052 767 2116 fieri
778 2051 872 2115 iubet.
888 2051 1020 2116 Factum
1032 2060 1080 2115 est

129 2139 358 2219 opportunitate
376 2137 447 2219 loci,
466 2135 602 2203 hostium
618 2138 783 2202 inscientia
798 2160 835 2200 ac
847 2137 1078 2221 defatigatione,

128 2221 244 2286 virtute
255 2221 388 2286 militurn
399 2233 430 2286 et
442 2225 638 2308 superiorum
650 2245 827 2306 pugnarum
845 2222 1077 2302 exercitatione,

128 2314 225 2370 utne
248 2328 345 2370 unum
370 2307 497 2394 quidem
520 2317 699 2372 nostrorum
728 2309 879 2392 impetum
902 2307 1020 2370 ferrent
1041 2329 1080 2370 ac

129 2391 234 2454 statim
243 2399 335 2478 terga
345 2402 510 2460 verterent.
536 2393 623 2472 Quos
634 2393 800 2477 impeditos
818 2393 948 2478 integris
958 2391 1077 2455 viribus

128 2474 242 2540 milites
275 2478 377 2542 nostri
405 2480 566 2543 consecuti
594 2500 743 2562 magnum
774 2499 939 2542 numerum
969 2499 1077 2542 eorum

127 2561 321 2645 occiderunt,
342 2561 480 2648 reliquos
496 2563 616 2650 equites
628 2562 798 2626 consectati
812 2584 938 2648 paucos,
962 2565 1016 2648 qui
1037 2584 1077 2626 ex

127 2643 201 2730 fuga
226 2655 400 2730 evaserant,
422 2647 626 2734 reliquerunt.
657 2646 710 2712 Sic
731 2670 793 2713 uno
815 2658 955 2733 tempore
982 2658 1013 2712 et
1037 2646 1076 2712 de

125 2729 232 2794 navali
282 2753 367 2816 ngna
391 2731 527 2798 Sabinus
550 2742 581 2798 et
610 2734 649 2800 de
678 2731 788 2796 Sabini
805 2733 938 2798 victoria
958 2731 1076 2796 Caesar

126 2817 242 2880 certior
253 2755 354 2882 lictus
367 2827 424 2900 est,
445 2819 649 2904 civitatesque
660 2839 768 2882 omnes
787 2839 822 2882 se
833 2819 937 2881 statim
955 2817 1075 2888 Titurio

125 2899 320 2968 dediderunt
359 2902 441 2966 Nam
461 2912 497 2966 ut
519 2903 561 2968 ad
577 2902 662 2970 bella
684 2902 883 2988 suscipienda
912 2902 1075 2968 Gallorum

125 2985 229 3050 alacer
252 3009 291 3052 ac
311 2997 472 3072 promptus
487 3000 537 3052 est
557 2989 689 3070 ammus,
710 2989 756 3052 sic
771 2987 874 3052 mollis
889 3011 927 3052 ac
948 2989 1074 3052 minime

123 3073 272 3135 resistens
296 3071 337 3135 ad
355 3073 546 3138 calamitates
561 3073 764 3160 perferendas
786 3095 875 3137 mens
891 3095 999 3138 eorum
1017 3080 1073 3136 est

173 3157 239 3220 20.
260 3154 384 3222 Eodem
404 3158 470 3222 fere
496 3167 637 3244 tempore
659 3157 789 3223 Publius
812 3156 954 3239 Crassus,
978 3179 1074 3244 quum

123 3243 157 3305 in
177 3240 382 3332 Aquitaniam
410 3245 614 3328 pervenisset,
642 3266 723 3344 quae
749 3265 833 3328 pars,
862 3252 897 3306 ut
928 3251 1000 3306 ante
1029 3241 1073 3306 di-

124 3335 208 3390 ctum
223 3335 281 3408 est,
304 3335 337 3389 et
354 3331 519 3414 regionum
533 3328 696 3393 latitudine
711 3337 742 3392 et
756 3326 958 3395 multitudine
975 3327 1073 3393 homi-

124 3433 201 3478 num
230 3433 270 3475 ex
292 3413 384 3476 tertia
410 3423 499 3500 purte
522 3413 644 3480 Galliae
672 3422 720 3478 est
746 3411 955 3494 aestimanda,
978 3435 1073 3500 quum,
