2562 3966
390 237 525 303 OOMM.
548 237 579 302 V
601 237 695 303 OAP.
717 238 853 302 40—44.
1041 237 1102 302 109

205 410 258 474 43.
286 408 427 495 Septimo
460 409 702 494 oppugnationis
734 406 786 472 die
821 412 959 474 maximo
994 419 1100 476 coorto

142 504 238 561 vento
267 495 428 559 ferventes
454 494 540 558 fusili
567 516 608 557 ex
636 493 749 578 argilla
777 493 908 578 glandes
937 495 1042 559 fundis
1070 504 1101 560 et

141 581 316 646 fervefacta
338 579 441 643 iacula
461 580 494 642 in
517 600 618 663 casas,
647 601 728 664 quae
754 601 842 644 more
869 578 994 645 Gallico
1023 590 1100 645 stra·

140 668 256 731 mentis
279 674 369 730 erant
389 674 499 746 tectae,
522 667 627 729 iacere
650 675 829 749 coeperunt
867 665 938 730 Hae
956 665 1101 730 celeriter

140 753 249 837 ignem
282 749 586 836 comprehenderunt
619 760 651 812 et
692 751 780 814 venti
818 751 1034 836 magnitudine
1066 753 1100 815 in

142 859 266 902 omnem
280 834 386 900 locum
405 846 578 900 castrorum
594 834 791 898 distulerunt.
829 835 946 900 Hostes
961 839 1100 902 maximo

142 921 279 987 clamore
307 922 398 984 sicuti
426 929 517 1006 parta
544 921 609 984 iarn
638 929 732 1006 atque
770 920 934 1006 explorata
967 923 1100 986 victoria

141 1017 243 1072 turres
265 1006 501 1092 testudinesque
524 1027 619 1090 agere
634 1015 666 1069 et
683 1005 776 1070 scalis
791 1006 910 1070 vallum
926 1006 1099 1072 ascendere

142 1100 323 1177 coeperrmt.
366 1091 517 1155 Attente
544 1091 679 1154 militum
710 1092 810 1154 virtus
833 1100 927 1178 atque
950 1113 988 1156 ea
1008 1115 1099 1178 prae·

142 1179 243 1243 sentia
264 1177 361 1240 animi
381 1177 447 1257 fuit,
470 1185 513 1259 ut,
538 1199 634 1261 quum
649 1176 787 1261 undique
801 1175 929 1240 flamma
942 1187 1098 1242 torreren-

142 1273 191 1326 tur
212 1263 413 1348 maximaque
434 1261 570 1327 telorum
583 1261 782 1326 multitudine
796 1272 1015 1346 premerentur
1029 1286 1099 1327 sua-

164 1369 204 1412 ue
226 1349 331 1413 omnia
356 1346 581 1433 impedimenta
609 1356 703 1433 atque
733 1369 841 1412 omnes
863 1347 1004 1412 fortunas
1027 1369 1099 1413 con·

141 1371 275 1519 dagrare
302 1432 534 1518 intellegerent,
562 1455 625 1496 non
659 1432 752 1498 modo
781 1433 976 1518 demigrandi
1004 1457 1100 1498 causa

142 1517 181 1582 de
203 1517 287 1583 vello
310 1517 479 1582 decederet
505 1539 614 1599 nemo,
644 1517 701 1581 sed
729 1539 831 1602 paene
860 1539 901 1581 ne
927 1539 979 1582 res
1002 1521 1100 1584 iceret

142 1603 269 1690 quidem
290 1605 473 1689 quisquam,
501 1625 540 1666 ac
568 1612 635 1666 tum
664 1625 772 1668 omnes
795 1605 948 1667 acerrime
983 1606 1097 1668 ortissi-

141 1711 254 1775 meque
291 1697 455 1774 ugnarent.
492 1688 555 1752 Hic
570 1687 638 1752 dies
652 1689 768 1752 nostris
784 1687 878 1773 longe
893 1688 1098 1774 gravissimus

140 1774 214 1856 firit3
237 1711 294 1838 sed
315 1784 421 1838 tamen
442 1775 526 1837 hunc
548 1773 657 1838 habuit
679 1783 835 1855 eventum,
858 1783 893 1836 ut
913 1796 952 1839 co
968 1773 1019 1839 die
1033 1796 1098 1838 ma-

139 1863 245 1924 ximus
270 1881 420 1923 numcrus
447 1859 584 1923 hostium
612 1858 833 1923 vulneraretur
861 1869 957 1946 atque
978 1860 1095 1924 interfi-

141 1954 274 2027 ceretur,
296 1954 332 2009 ut
359 1967 393 2009 se
422 1942 480 2009 sub
502 1947 570 2030 ipso
599 1943 686 2010 vallo
716 1945 970 2093 constipaverant
995 1966 1098 2010 reces-

140 2053 273 2117 sumque
294 2031 402 2116 primis
424 2030 526 2094 ultimi
554 2052 619 2094 non
641 2029 770 2094 dabant.
841 2029 948 2094 aulum
971 2031 1097 2116 quidem

139 2117 322 2180 intermissa
349 2115 476 2179 flamma
503 2123 535 2180 et
562 2115 698 2202 quodam
726 2115 795 2180 loco
824 2117 903 2179 turri
932 2115 1046 2180 adacta
1067 2125 1098 2182 et

139 2203 341 2287 contingente
369 2199 489 2264 vallum
517 2202 630 2266 tertiae
665 2201 801 2266 cohortis
828 2203 1027 2266 centuriones
1057 2223 1098 2267 ex

130 2295 193 2369 co,
227 2309 289 2372 quo
320 2285 460 2368 stabant,
490 2285 558 2352 loco
586 2296 784 2351 recesserunt
822 2307 959 2372 suosque
988 2309 1098 2352 omnes

137 2381 351 2454 removerunt,
373 2374 451 2435 nutu
472 2371 667 2458 vocibusque
692 2371 808 2454 hostes,
832 2373 859 2435 si
880 2372 1010 2438 introire
1031 2371 1096 2436 vel·

138 2457 214 2540 lent,
236 2479 351 2522 vocare
373 2468 564 2543 coeperunt;
595 2479 728 2544 quorum
778 2456 905 2542 rogredi
932 2479 1026 2521 ausus
1050 2467 1098 2522 est

138 2565 242 2608 nemo.
275 2542 356 2606 Tum
379 2565 421 2608 ex
443 2544 527 2607 omni
548 2553 638 2628 parte
653 2479 810 2628 lapidibus
832 2544 981 2608 coniectis
994 2542 1096 2607 detur·

138 2627 214 2710 bati,
236 2629 394 2714 turrisque
417 2649 570 2692 succensa
590 2637 647 2692 est

202 2714 254 2778 44.
276 2712 376 2777 Erant
396 2714 430 2776 in
452 2735 491 2778 ea
516 2713 640 2800 legione
662 2713 824 2780 fortissimi
844 2715 916 2794 viri,
940 2714 1095 2778 centurio-

138 2821 213 2880 nes,
242 2801 296 2885 qui
350 2799 437 2862 rimis
471 2799 633 2864 ordinibus
670 2821 690 2862 a
711 2800 975 2885 propinquarent,
1006 2797 1096 2864 Titus

139 2884 230 2949 Pnlio
265 2892 296 2947 et
323 2820 441 2948 lucius
469 2884 624 2950 Vorenus.
679 2823 724 2948 di
752 2893 921 2970 perpetuas
951 2885 1033 2949 inter
1062 2906 1096 2949 se

140 2968 371 3034 controversias
398 2969 566 3052 habebant,
597 2971 726 3056 quinam
747 2969 969 3051 anteferretur,
999 2970 1096 3034 omni·

138 3057 262 3140 busque
283 3057 373 3118 annis
396 3053 435 3119 de
458 3054 535 3119 locis
558 3055 687 3120 summis
702 3054 912 3120 simultatibus
928 3053 1096 3118 contende·

138 3140 227 3204 bant.
269 3138 322 3202 Ex
343 3138 392 3202 bis
414 3139 514 3222 Pulio,
566 3163 642 3205 uum
670 3142 821 3205 acerrime
843 3140 884 3203 ad
905 3140 1096 3203 munitiones

138 3235 353 3312 pugnaretur,
388 3223 473 3303 Quid
507 3163 653 3309 dubitas,
692 3227 814 3311 inquit,
853 3222 1004 3289 Vorene?
1034 3233 1096 3287 ‘aut

140 3332 234 3459 quem
262 3309 365 3373 locum
391 3320 464 3374 tuac
489 3310 672 3396 probandae
700 3311 826 3375 virtutis
849 3307 995 3395 spectas?
1033 3307 1096 3373 Hic

162 3397 208 3462 ies
230 3395 271 3459 de
284 3395 407 3476 nostris
430 3398 652 3461 controversiis
684 3394 846 3460 iudicabit.
884 3393 975 3457 Haec
1000 3416 1096 3480 quum

139 3481 280 3564 dixisset,
302 3479 443 3565 procedit
471 3491 562 3546 extra
587 3482 777 3546 munitiones
799 3501 924 3567 quaque
945 3498 1019 3564 pars
1041 3479 1094 3542 ho-
