2534 3970
171 173 213 244 28
430 177 492 240 DE
512 177 668 242 BELLO·
680 177 878 242 GAhLlOO·

235 349 286 412 42.
318 347 451 434 Cognito
475 347 621 414 Caesaris
644 347 783 412 adventu
805 346 1129 436 Ariovistuslegatos

171 433 212 498 ad
235 457 307 499 eum
328 436 439 500 mittit:
468 434 553 535 quod
574 433 729 499 anteado
752 431 908 520 colloquio
930 432 1128 519 postulasset,

169 519 204 584 id
224 541 282 605 per
299 541 339 584 se
365 519 436 584 fieri
458 519 570 601 licere,
620 520 755 584 uoniam·
773 519 904 604 propius
933 520 1129 596 accessisset,

171 626 269 691 seque
291 604 325 670 id
346 606 414 670 sine
435 604 576 691 periculo
630 625 817 690 cereposse
830 603 1130 669 ·existimare.÷Non

170 692 291 776 respuit
320 690 531 755 conditionem
554 688 677 755 Caesar
701 690 827 776 iamque
856 711 929 754 eum
951 688 993 753 ad
1015 691 1129 753 sanita·

170 784 235 840 tem
248 777 366 841 reverti
380 775 602 858 arbitrabatur,
627 798 724 861 quum
738 775 780 857 id,
804 775 889 860 quod
904 783 998 838 antea
1010 778 1130 860 petenti

168 859 252 926 dene
276 870 375 943 asset,
403 861 485 925 ultro
506 861 724 947 polliceretur,
753 881 964 945 magnamque
985 861 1018 924 in
1041 881 1130 945 spem

169 884 319 1011 veniebat
347 969 405 1033 pro
432 948 497 1012 suis
527 949 623 1012 tantis
651 969 693 1032 po
714 945 822 1032 ulique
843 945 978 1010 Romani
1003 946 1036 1009 in
1058 967 1131 1010 cum

169 1030 333 1096 beneficiis
356 1033 490 1118 cognitis
513 1034 578 1096 suis
598 1054 656 1117 pos
705 1033 765 1096 atis
788 1031 865 1113 iore,
888 1032 934 1095 uti
955 1032 1131 1116 pertinacia

169 1116 346 1182 desisteret
368 1117 448 1182 Dies
464 1117 619 1204 colloquio
634 1117 736 1181 dictus
753 1125 857 1181 estex
873 1138 910 1181 ec
926 1116 977 1181 die
992 1120 1130 1203 quintus.

168 1201 300 1269 Interim
329 1225 424 1288 saepe
452 1202 535 1268 ultro
565 1204 705 1289 citroque
728 1225 826 1288 quum
852 1201 949 1287 legati
970 1202 1053 1265 inter
1075 1223 1130 1266 eos

169 1290 385 1370 mitterentur,
407 1288 586 1353 Ariovistus
608 1287 788 1374 postulavit,
811 1311 852 1352 ne
875 1309 969 1373 quem
991 1286 1131 1372 peditem

168 1372 212 1437 ad
238 1372 319 1439 collo
342 1375 429 1440 uium
452 1372 571 1439 Caesar
597 1373 782 1439 adduceret:
812 1374 918 1437 vereri
940 1394 989 1455 se,
1011 1394 1052 1436 ne
1073 1394 1132 1457 per

169 1458 301 1523 insidias
317 1482 337 1523 a
374 1481 411 1525 cc
427 1460 724 1524 circumveniretur:
747 1468 879 1545 uterque
895 1480 967 1522 cum
989 1458 1132 1607 equitatu

168 1546 309 1610 veniret:
333 1543 398 1609 alia
410 1547 532 1609 ratione
548 1567 619 1610 sese
633 1567 698 1610 non
713 1567 785 1609 esse
798 1553 976 1608 venturum.
1030 1565 1129 1626 aesar,

168 1630 256 1716 quod
276 1652 380 1780 neque
395 1631 586 1716 colloquium
601 1631 788 1716 interposita
803 1651 900 1693 causa
919 1627 989 1693 tolli
1002 1627 1131 1694 volebat

169 1737 192 1780 n
233 1737 274 1780 ue
297 1738 312 1780 s
345 1724 431 1781 utem
454 1738 543 1780 suam
566 1715 731 1781 Gallorum
760 1716 913 1802 equitatui
935 1715 1130 1780 committere

169 1822 211 1865 au
235 1801 317 1883 ebat,
341 1801 628 1867 commodissimum
651 1823 721 1867 esse
744 1803 852 1866 statuit
874 1799 1019 1865 omnibus
1040 1800 1131 1886 equis

170 1884 273 1951 Gallis
296 1885 619 1972 equitibus.detractis
636 1907 672 1952 eo
695 1884 887 1972 legionarios
903 1885 1018 1951 milites
1033 1883 1130 1971 legio·

168 1972 219 2034 nis
236 1971 385 2055 decimae,
409 1975 569 2058 cuiquam
590 1974 728 2036 maxime
749 1969 935 2054 confidebat,
958 1973 1129 2057 imponere,

169 2064 204 2121 ut
224 2057 416 2143 praesidium
432 2079 526 2144 quam
547 2059 782 2139 amicissimum,
806 2059 834 2120 si
857 2057 932 2143 quid
953 2078 1031 2143 opus
1046 2056 1130 2122 facto

169 2152 270 2224 esset,
303 2141 444 2208 haberet.
489 2141 584 2222 Quod
612 2166 709 2230 quum
737 2143 843 2225 fieret,
876 2164 941 2207 non
969 2141 1131 2207 irridicule

167 2227 298 2314 quidam
327 2250 367 2292 ex
396 2226 547 2293 militibus
577 2228 719 2293 decimae
748 2227 882 2313 legionis
913 2228 1014 2291 dixit:
1047 2227 1129 2313 plus,

168 2334 264 2398 quam
291 2311 449 2400 pollicitus
481 2325 579 2396 esset,
611 2312 782 2378 Caesarem
803 2313 924 2378 facere:
955 2312 1130 2399 pollicitum

167 2419 206 2463 se
232 2400 267 2462 in
299 2398 436 2464 cohortis
469 2401 645 2485 praetoriae
681 2398 751 2464 loco
784 2397 940 2462 decimam
972 2398 1131 2485 legionem

168 2482 349 2549 habiturum
371 2483 413 2548 ad
436 2505 552 2570 equum
572 2483 760 2549 rescribere.

231 2570 283 2634 43.
326 2569 479 2633 Planities
509 2579 577 2634 erat
603 2593 719 2655 magna
741 2580 773 2634 et
793 2571 827 2633 in
849 2591 888 2633 ea
908 2569 1046 2634 tumulus
1069 2580 1129 2634 ter·

166 2675 263 2720 renus
287 2656 362 2719 satis
385 2654 524 2741 grandis.
557 2655 620 2719 Hic
642 2655 729 2720 locus
752 2677 853 2740 aequo
875 2654 943 2719 fere
966 2656 1066 2740 spatio
1088 2653 1127 2718 ab

167 2741 280 2804 castris
307 2739 461 2805 Ariovisti
490 2750 522 2805 et
552 2739 700 2805 Caesaris
733 2739 852 2806 aberat.
897 2740 960 2821 Eo,
994 2749 1028 2803 ut
1061 2749 1129 2804 erat

167 2824 302 2910 dictum,
325 2825 367 2889 ad
389 2825 579 2913 colloquium
599 2836 765 2891 venerunt.
801 2825 977 2910 Legionem
1000 2823 1128 2908 Caesar,

168 2933 264 2996 quam
279 2914 368 3012 equis
384 2910 566 2994 devexerat,
589 2910 737 2996 passibus
758 2912 902 2976 ducentis
917 2910 958 2975 ab
975 2921 1129 2976 1111111-
1252 2905 1253 2956 l

167 2993 198 3061 lo
221 2997 390 3062 constituit.
434 2995 516 3060 Item
543 2998 665 3082 equites
687 2995 842 3062 Ariovisti
863 2997 935 3082 pari
959 2996 1128 3082 intervallo

167 3083 384 3146 constiterunt.
421 3081 617 3165 Ariovistus,
642 3104 683 3146 ex
705 3105 723 3146 e
745 3084 795 3146 uis
817 3091 852 3145 ut
874 3079 954 3146 collo
978 3091 1130 3146 uerentur

167 3175 199 3233 et
227 3177 356 3254 praeter
385 3189 419 3232 se
448 3167 547 3232 denos
577 3176 611 3230 ut
634 3167 675 3230 ad
705 3106 896 3252 cdlloquium
925 3105 1129 3247 adducerent,

167 3252 348 3340 postulavit.
377 3251 443 3317 Ubi
458 3274 495 3317 eo
510 3261 640 3317 ventum
655 3261 711 3336 est,
736 3251 856 3318 Caesar
875 3253 964 3316 initio
980 3253 1129 3318 orationis

167 3359 226 3402 sua
241 3348 432 3425 senatusque
447 3339 480 3401 in
496 3360 568 3402 eum
582 3336 738 3402 beneficia
753 3347 1020 3421 commemorant,
1045 3337 1130 3425 quod

166 3445 226 3489 rex
255 3422 433 3518 appellatus
449 3433 547 3528 ,esset
568 3445 588 3488 a
610 3434 738 3508 senatu,
770 3422 855 3509 quod
884 3424 1013 3506 amicus,
1045 3423 1130 3509 quod
