<?xml version="1.0" encoding="UTF-8"?>
<!DOCTYPE html PUBLIC "-//W3C//DTD XHTML 1.0 Transitional//EN"
    "http://www.w3.org/TR/xhtml1/DTD/xhtml1-transitional.dtd">
<html xmlns="http://www.w3.org/1999/xhtml" xml:lang="en" lang="en">
 <head>
  <title>
</title>
<meta http-equiv="Content-Type" content="text/html;charset=utf-8" />
  <meta name='ocr-system' content='tesseract 3.04.00' />
  <meta name='ocr-capabilities' content='ocr_page ocr_carea ocr_par ocr_line ocrx_word'/>
</head>
<body>
  <div class='ocr_page' id='page_1' title='image "./ciuliicaesarisc01hirtgoog_0318.png"; bbox 0 0 2562 3970; ppageno 0'>
   <div class='ocr_carea' id='block_1_1' title="bbox 483 243 1096 310">
    <p class='ocr_par' dir='ltr' id='par_1_1' title="bbox 483 243 1096 310">
     <span class='ocr_line' id='line_1_1' title="bbox 483 243 1096 310; baseline 0.002 -2"><span class='ocrx_word' id='word_1_1' title='bbox 483 243 739 310; x_wconf 80' lang='lat' dir='ltr'><strong>PRAEFATIO.</strong></span> <span class='ocrx_word' id='word_1_2' title='bbox 970 245 1096 310; x_wconf 83' lang='lat' dir='ltr'>LXXV</span> 
     </span>
    </p>
   </div>
   <div class='ocr_carea' id='block_1_2' title="bbox 87 422 1097 1858">
    <p class='ocr_par' dir='ltr' id='par_1_2' title="bbox 87 422 1096 1437">
     <span class='ocr_line' id='line_1_2' title="bbox 139 422 1096 497; baseline 0.002 -17"><span class='ocrx_word' id='word_1_3' title='bbox 139 422 364 496; x_wconf 73' lang='lat' dir='ltr'><strong><em>applicatisque</em></strong></span> <span class='ocrx_word' id='word_1_4' title='bbox 392 424 506 480; x_wconf 85' lang='lat' dir='ltr'><strong><em>nostris</em></strong></span> <span class='ocrx_word' id='word_1_5' title='bbox 535 423 577 480; x_wconf 89' lang='lat' dir='ltr'><strong><em>ad</em></strong></span> <span class='ocrx_word' id='word_1_6' title='bbox 605 432 716 480; x_wconf 86' lang='lat' dir='ltr'><strong><em>terram</em></strong></span> <span class='ocrx_word' id='word_1_7' title='bbox 747 423 873 482; x_wconf 80' lang='lat' dir='ltr'><strong><em>nauibus</em></strong></span> <span class='ocrx_word' id='word_1_8' title='bbox 903 425 978 497; x_wconf 88' lang='lat' dir='ltr'><strong><em>pari</em></strong></span> <span class='ocrx_word' id='word_1_9' title='bbox 1006 429 1096 496; x_wconf 79' lang='lat' dir='ltr'><strong><em>atque</em></strong></span> 
     </span>
     <span class='ocr_line' id='line_1_3' title="bbox 140 501 1094 567; baseline 0.001 -2"><span class='ocrx_word' id='word_1_10' title='bbox 140 513 231 566; x_wconf 89' lang='lat' dir='ltr'><strong><em>antea</em></strong></span> <span class='ocrx_word' id='word_1_11' title='bbox 251 507 371 565; x_wconf 89' lang='lat' dir='ltr'><strong><em>ratione</em></strong></span> <span class='ocrx_word' id='word_1_12' title='bbox 386 509 550 566; x_wconf 86' lang='lat' dir='ltr'><strong><em>secundnm</em></strong></span> <span class='ocrx_word' id='word_1_13' title='bbox 565 515 673 566; x_wconf 90' lang='lat' dir='ltr'><strong><em>nactus</em></strong></span> <span class='ocrx_word' id='word_1_14' title='bbox 688 516 804 566; x_wconf 86' lang='lat' dir='ltr'><strong><em>uentum</em></strong></span> <span class='ocrx_word' id='word_1_15' title='bbox 820 501 981 567; x_wconf 84' lang='lat' dir='ltr'><strong><em>onerarias</em></strong></span> <span class='ocrx_word' id='word_1_16' title='bbox 1002 505 1094 566; x_wconf 83' lang='lat' dir='ltr'><strong><em>noces</em></strong></span> 
     </span>
     <span class='ocr_line' id='line_1_4' title="bbox 141 585 1095 666; baseline -0.001 -16"><span class='ocrx_word' id='word_1_17' title='bbox 141 591 264 650; x_wconf 73' lang='lat' dir='ltr'><strong><em>circiter</em></strong></span> <span class='ocrx_word' id='word_1_18' title='bbox 274 588 288 620; x_wconf 86' lang='lat'>*</span> <span class='ocrx_word' id='word_1_19' title='bbox 299 591 353 650; x_wconf 83' lang='lat' dir='ltr'><strong><em>XL</em></strong></span> <span class='ocrx_word' id='word_1_20' title='bbox 360 599 569 666; x_wconf 85' lang='lat' dir='ltr'><strong><em>praeparatas</em></strong></span> <span class='ocrx_word' id='word_1_21' title='bbox 585 595 627 651; x_wconf 91' lang='lat' dir='ltr'><strong><em>ad</em></strong></span> <span class='ocrx_word' id='word_1_22' title='bbox 637 595 807 652; x_wconf 77' lang='lat' dir='ltr'><strong><em>incendium</em></strong></span> <span class='ocrx_word' id='word_1_23' title='bbox 820 595 946 653; x_wconf 82' lang='lat' dir='ltr'><strong><em>immisit.</em></strong></span> <span class='ocrx_word' id='word_1_24' title='bbox 977 585 1095 652; x_wconf 82' lang='lat' dir='ltr'>Verbis</span> 
     </span>
     <span class='ocr_line' id='line_1_5' title="bbox 141 671 1096 757; baseline 0.002 -23"><span class='ocrx_word' id='word_1_25' title='bbox 141 677 368 752; x_wconf 78' lang='lat' dir='ltr'><strong><em>applicatisque</em></strong></span> <span class='ocrx_word' id='word_1_26' title='bbox 388 709 430 722; x_wconf 86' lang='lat'><strong><em>-</em></strong></span> <span class='ocrx_word' id='word_1_27' title='bbox 452 679 582 736; x_wconf 76' lang='lat' dir='ltr'><strong><em>nauibus</em></strong></span> <span class='ocrx_word' id='word_1_28' title='bbox 596 673 748 757; x_wconf 80' lang='lat' dir='ltr'><strong><em>magister</em></strong></span> <span class='ocrx_word' id='word_1_29' title='bbox 762 671 818 736; x_wconf 85' lang='lat' dir='ltr'><strong><em>illa</em></strong></span> <span class='ocrx_word' id='word_1_30' title='bbox 826 688 958 754; x_wconf 84' lang='lat' dir='ltr'><strong><em>propter</em></strong></span> <span class='ocrx_word' id='word_1_31' title='bbox 973 681 1096 738; x_wconf 82' lang='lat' dir='ltr'><strong><em>eundern</em></strong></span> 
     </span>
     <span class='ocr_line' id='line_1_6' title="bbox 143 755 1096 842; baseline 0.001 -22"><span class='ocrx_word' id='word_1_32' title='bbox 143 763 275 820; x_wconf 82' lang='lat' dir='ltr'><strong><em>tirnorern</em></strong></span> <span class='ocrx_word' id='word_1_33' title='bbox 304 755 485 842; x_wconf 79' lang='lat' dir='ltr'><strong><em>adscripsis3</em></strong></span> <span class='ocrx_word' id='word_1_34' title='bbox 513 757 599 822; x_wconf 87' lang='lat' dir='ltr'><strong><em>idem</em></strong></span> <span class='ocrx_word' id='word_1_35' title='bbox 622 765 700 838; x_wconf 87' lang='lat' dir='ltr'><strong><em>pari</em></strong></span> <span class='ocrx_word' id='word_1_36' title='bbox 738 771 826 837; x_wconf 84' lang='lat' dir='ltr'><strong><em>atque</em></strong></span> <span class='ocrx_word' id='word_1_37' title='bbox 854 771 944 822; x_wconf 87' lang='lat' dir='ltr'><strong><em>antea</em></strong></span> <span class='ocrx_word' id='word_1_38' title='bbox 976 766 1096 821; x_wconf 86' lang='lat' dir='ltr'><strong><em>ratione</em></strong></span> 
     </span>
     <span class='ocr_line' id='line_1_7' title="bbox 87 840 1095 926; baseline 0 -22"><span class='ocrx_word' id='word_1_39' title='bbox 87 890 89 898; x_wconf 62' lang='grc'>,</span> <span class='ocrx_word' id='word_1_40' title='bbox 142 840 300 926; x_wconf 77' lang='lat' dir='ltr'><strong><em>supplevit</em></strong></span> <span class='ocrx_word' id='word_1_41' title='bbox 322 841 438 906; x_wconf 82' lang='lat' dir='ltr'><strong><em>additis</em></strong></span> <span class='ocrx_word' id='word_1_42' title='bbox 465 853 527 920; x_wconf 87' lang='lat' dir='ltr'><strong><em>epit</em></strong></span> <span class='ocrx_word' id='word_1_43' title='bbox 540 842 592 906; x_wconf 83' lang='lat' dir='ltr'><strong><em>vel</em></strong></span> <span class='ocrx_word' id='word_1_44' title='bbox 609 856 713 920; x_wconf 79' lang='lat' dir='ltr'><strong><em>eperat</em></strong></span> <span class='ocrx_word' id='word_1_45' title='bbox 728 851 852 906; x_wconf 84' lang='lat' dir='ltr'><strong><em>Cassius</em></strong></span> <span class='ocrx_word' id='word_1_46' title='bbox 867 842 991 925; x_wconf 81' lang='lat' dir='ltr'><strong><em>verbis3</em></strong></span> <span class='ocrx_word' id='word_1_47' title='bbox 1014 841 1095 906; x_wconf 84' lang='lat' dir='ltr'><strong><em>alius</em></strong></span> 
     </span>
     <span class='ocr_line' id='line_1_8' title="bbox 141 925 1095 1012; baseline -0.002 -20"><span class='ocrx_word' id='word_1_48' title='bbox 141 925 256 992; x_wconf 82' lang='lat' dir='ltr'><strong><em>deiude</em></strong></span> <span class='ocrx_word' id='word_1_49' title='bbox 279 934 379 990; x_wconf 82' lang='lat' dir='ltr'><strong><em>Cassii</em></strong></span> <span class='ocrx_word' id='word_1_50' title='bbox 399 949 514 992; x_wconf 87' lang='lat' dir='ltr'><strong><em>nomen</em></strong></span> <span class='ocrx_word' id='word_1_51' title='bbox 536 949 608 990; x_wconf 86' lang='lat' dir='ltr'><strong><em>cum</em></strong></span> <span class='ocrx_word' id='word_1_52' title='bbox 638 950 673 991; x_wconf 85' lang='lat' dir='ltr'><strong><em>se</em></strong></span> <span class='ocrx_word' id='word_1_53' title='bbox 695 927 843 992; x_wconf 85' lang='lat' dir='ltr'><strong><em>uentibus</em></strong></span> <span class='ocrx_word' id='word_1_54' title='bbox 865 930 1008 1012; x_wconf 85' lang='lat' dir='ltr'><strong><em>iungens,</em></strong></span> <span class='ocrx_word' id='word_1_55' title='bbox 1032 927 1095 990; x_wconf 81' lang='lat' dir='ltr'><strong><em>sin·</em></strong></span> 
     </span>
     <span class='ocr_line' id='line_1_9' title="bbox 140 951 1091 1096; baseline 0 -22"><span class='ocrx_word' id='word_1_56' title='bbox 140 1011 282 1096; x_wconf 77' lang='lat' dir='ltr'><strong><em>galeram</em></strong></span> <span class='ocrx_word' id='word_1_57' title='bbox 304 1010 394 1076; x_wconf 86' lang='lat' dir='ltr'><strong><em>verbi</em></strong></span> <span class='ocrx_word' id='word_1_58' title='bbox 416 1033 581 1076; x_wconf 87' lang='lat' dir='ltr'><strong><em>numerum</em></strong></span> <span class='ocrx_word' id='word_1_59' title='bbox 603 1013 635 1075; x_wconf 90' lang='lat' dir='ltr'><strong><em>in</em></strong></span> <span class='ocrx_word' id='word_1_60' title='bbox 662 951 817 1096; x_wconf 76' lang='lat' dir='ltr'><strong><em>pluralem</em></strong></span> <span class='ocrx_word' id='word_1_61' title='bbox 844 1027 970 1091; x_wconf 77' lang='lat' dir='ltr'><strong><em>eperunt</em></strong></span> <span class='ocrx_word' id='word_1_62' title='bbox 996 1021 1091 1075; x_wconf 83' lang='lat' dir='ltr'><strong><em>muta-</em></strong></span> 
     </span>
     <span class='ocr_line' id='line_1_10' title="bbox 139 1097 1096 1182; baseline 0 -22"><span class='ocrx_word' id='word_1_63' title='bbox 139 1097 195 1160; x_wconf 86' lang='lat' dir='ltr'><strong><em>vit.</em></strong></span> <span class='ocrx_word' id='word_1_64' title='bbox 210 1133 253 1144; x_wconf 88' lang='lat'><em>-</em></span> <span class='ocrx_word' id='word_1_65' title='bbox 267 1097 355 1160; x_wconf 79' lang='lat' dir='ltr'><strong><em>Infra</em></strong></span> <span class='ocrx_word' id='word_1_66' title='bbox 370 1099 499 1182; x_wconf 82' lang='lat' dir='ltr'><strong><em>scripsi:</em></strong></span> <span class='ocrx_word' id='word_1_67' title='bbox 519 1113 683 1177; x_wconf 79' lang='lat' dir='ltr'><strong><em>praeterea</em></strong></span> <span class='ocrx_word' id='word_1_68' title='bbox 700 1106 778 1162; x_wconf 91' lang='lat' dir='ltr'><strong><em>dnae</em></strong></span> <span class='ocrx_word' id='word_1_69' title='bbox 792 1112 863 1161; x_wconf 74' lang='lat' dir='ltr'><strong><em>sient</em></strong></span> <span class='ocrx_word' id='word_1_70' title='bbox 877 1106 1096 1175; x_wconf 83' lang='lat' dir='ltr'><strong><em>deprensae</em></strong></span> 
     </span>
     <span class='ocr_line' id='line_1_11' title="bbox 141 1181 1096 1268; baseline 0 -22"><span class='ocrx_word' id='word_1_71' title='bbox 141 1191 289 1246; x_wconf 74' lang='lat' dir='ltr'><strong><em>triremes.</em></strong></span> <span class='ocrx_word' id='word_1_72' title='bbox 319 1181 372 1245; x_wconf 79' lang='lat' dir='ltr'><strong><em>&#39;lto</em></strong></span> <span class='ocrx_word' id='word_1_73' title='bbox 392 1183 426 1244; x_wconf 92' lang='lat' dir='ltr'><strong><em>in</em></strong></span> <span class='ocrx_word' id='word_1_74' title='bbox 441 1183 534 1246; x_wconf 88' lang='lat' dir='ltr'><strong><em>Vind.</em></strong></span> <span class='ocrx_word' id='word_1_75' title='bbox 557 1182 752 1268; x_wconf 58' lang='lat' dir='ltr'><strong><em>pr.2legitur;</em></strong></span> <span class='ocrx_word' id='word_1_76' title='bbox 775 1182 872 1268; x_wconf 85' lang='lat' dir='ltr'><strong><em>vulgo</em></strong></span> <span class='ocrx_word' id='word_1_77' title='bbox 888 1189 1096 1261; x_wconf 75' lang='lat' dir='ltr'><strong><em>deprehensae</em></strong></span> 
     </span>
     <span class='ocr_line' id='line_1_12' title="bbox 142 1265 1095 1354; baseline 0 -24"><span class='ocrx_word' id='word_1_78' title='bbox 142 1265 285 1331; x_wconf 82' lang='lat' dir='ltr'><strong><em>scribunt</em></strong></span> <span class='ocrx_word' id='word_1_79' title='bbox 291 1316 300 1349; x_wconf 85' lang='lat'><em>,</em></span> <span class='ocrx_word' id='word_1_80' title='bbox 337 1267 546 1352; x_wconf 86' lang='lat' dir='ltr'><strong><em>Nipperdeius</em></strong></span> <span class='ocrx_word' id='word_1_81' title='bbox 581 1275 743 1346; x_wconf 79' lang='lat' dir='ltr'><strong><em>depressae</em></strong></span> <span class='ocrx_word' id='word_1_82' title='bbox 776 1291 817 1333; x_wconf 86' lang='lat' dir='ltr'><strong><em>ex</em></strong></span> <span class='ocrx_word' id='word_1_83' title='bbox 849 1269 993 1354; x_wconf 79' lang='lat' dir='ltr'><strong><em>margine</em></strong></span> <span class='ocrx_word' id='word_1_84' title='bbox 1027 1267 1095 1332; x_wconf 80' lang='lat' dir='ltr'><strong><em>aad.</em></strong></span> 
     </span>
     <span class='ocr_line' id='line_1_13' title="bbox 131 1351 423 1437; baseline -0.003 -22"><span class='ocrx_word' id='word_1_85' title='bbox 131 1351 272 1416; x_wconf 60' lang='lat' dir='ltr'><strong><em>&#39;Vascos</em></strong></span> <span class='ocrx_word' id='word_1_86' title='bbox 295 1355 423 1437; x_wconf 80' lang='lat' dir='ltr'><strong><em>recepit.</em></strong></span> 
     </span>
    </p>

    <p class='ocr_par' dir='ltr' id='par_1_3' title="bbox 141 1436 1096 1692">
     <span class='ocr_line' id='line_1_14' title="bbox 204 1436 1096 1516; baseline 0.002 -16"><span class='ocrx_word' id='word_1_87' title='bbox 204 1436 241 1500; x_wconf 83' lang='lat' dir='ltr'><strong><em>O.</em></strong></span> <span class='ocrx_word' id='word_1_88' title='bbox 271 1437 332 1500; x_wconf 89' lang='grc'><strong><em>104</em></strong></span> <span class='ocrx_word' id='word_1_89' title='bbox 359 1438 476 1501; x_wconf 87' lang='lat' dir='ltr'><strong><em>retinui</em></strong></span> <span class='ocrx_word' id='word_1_90' title='bbox 505 1438 558 1502; x_wconf 89' lang='lat' dir='ltr'><strong><em>vul</em></strong></span> <span class='ocrx_word' id='word_1_91' title='bbox 577 1448 666 1502; x_wconf 81' lang='lat' dir='ltr'><strong><em>utam</em></strong></span> <span class='ocrx_word' id='word_1_92' title='bbox 689 1437 855 1502; x_wconf 83' lang='lat' dir='ltr'><strong><em>lectionem</em></strong></span> <span class='ocrx_word' id='word_1_93' title='bbox 886 1449 914 1502; x_wconf 92' lang='lat' dir='ltr'><strong><em>in</em></strong></span> <span class='ocrx_word' id='word_1_94' title='bbox 944 1459 1096 1516; x_wconf 81' lang='lat' dir='ltr'><strong><em>procura·</em></strong></span> 
     </span>
     <span class='ocr_line' id='line_1_15' title="bbox 141 1463 1096 1608; baseline 0 -22"><span class='ocrx_word' id='word_1_95' title='bbox 141 1531 243 1596; x_wconf 83' lang='lat' dir='ltr'><strong><em>tione,·</em></strong></span> <span class='ocrx_word' id='word_1_96' title='bbox 272 1523 317 1584; x_wconf 83' lang='lat' dir='ltr'><strong><em>ite</em></strong></span> <span class='ocrx_word' id='word_1_97' title='bbox 352 1524 444 1586; x_wconf 84' lang='lat' dir='ltr'><strong><em>etiam</em></strong></span> <span class='ocrx_word' id='word_1_98' title='bbox 479 1524 512 1586; x_wconf 90' lang='lat' dir='ltr'><strong><em>in</em></strong></span> <span class='ocrx_word' id='word_1_99' title='bbox 541 1463 621 1586; x_wconf 56' lang='lat' dir='ltr'><strong><em>lilro</em></strong></span> <span class='ocrx_word' id='word_1_100' title='bbox 648 1524 742 1586; x_wconf 91' lang='lat' dir='ltr'><strong><em>Vind.</em></strong></span> <span class='ocrx_word' id='word_1_101' title='bbox 777 1525 925 1608; x_wconf 79' lang='lat' dir='ltr'><strong><em>scriptum</em></strong></span> <span class='ocrx_word' id='word_1_102' title='bbox 963 1533 1020 1586; x_wconf 87' lang='lat' dir='ltr'><strong><em>est.</em></strong></span> <span class='ocrx_word' id='word_1_103' title='bbox 1056 1523 1096 1586; x_wconf 89' lang='lat' dir='ltr'><strong><em>N.</em></strong></span> 
     </span>
     <span class='ocr_line' id='line_1_16' title="bbox 144 1608 878 1692; baseline -0.003 -20"><span class='ocrx_word' id='word_1_104' title='bbox 144 1617 177 1672; x_wconf 87' lang='lat' dir='ltr'><strong><em>in</em></strong></span> <span class='ocrx_word' id='word_1_105' title='bbox 200 1615 359 1672; x_wconf 83' lang='lat' dir='ltr'><strong><em>curatione</em></strong></span> <span class='ocrx_word' id='word_1_106' title='bbox 383 1608 544 1672; x_wconf 86' lang='lat' dir='ltr'><strong><em>extribus</em></strong></span> <span class='ocrx_word' id='word_1_107' title='bbox 567 1608 728 1672; x_wconf 75' lang='lat' dir='ltr'><strong><em>codicibus</em></strong></span> <span class='ocrx_word' id='word_1_108' title='bbox 750 1612 878 1692; x_wconf 84' lang='lat' dir='ltr'><strong><em>recepit.</em></strong></span> 
     </span>
    </p>

    <p class='ocr_par' dir='ltr' id='par_1_4' title="bbox 143 1691 1097 1858">
     <span class='ocr_line' id='line_1_17' title="bbox 206 1691 1095 1760; baseline 0.002 -4"><span class='ocrx_word' id='word_1_109' title='bbox 206 1691 274 1756; x_wconf 82' lang='lat' dir='ltr'><strong><em>Sub</em></strong></span> <span class='ocrx_word' id='word_1_110' title='bbox 304 1693 399 1756; x_wconf 83' lang='lat' dir='ltr'><strong><em>finem</em></strong></span> <span class='ocrx_word' id='word_1_111' title='bbox 433 1715 459 1756; x_wconf 86' lang='lat' dir='ltr'><strong><em>c.</em></strong></span> <span class='ocrx_word' id='word_1_112' title='bbox 490 1694 551 1757; x_wconf 76' lang='lat'><strong><em>105</em></strong></span> <span class='ocrx_word' id='word_1_113' title='bbox 580 1694 613 1756; x_wconf 89' lang='lat' dir='ltr'><strong><em>in</em></strong></span> <span class='ocrx_word' id='word_1_114' title='bbox 641 1693 731 1757; x_wconf 90' lang='lat' dir='ltr'><strong><em>libris</em></strong></span> <span class='ocrx_word' id='word_1_115' title='bbox 760 1693 838 1758; x_wconf 83' lang='lat' dir='ltr'><strong><em>haee</em></strong></span> <span class='ocrx_word' id='word_1_116' title='bbox 861 1704 998 1758; x_wconf 83' lang='lat' dir='ltr'><strong><em>exstant:</em></strong></span> <span class='ocrx_word' id='word_1_117' title='bbox 1022 1701 1095 1760; x_wconf 87' lang='lat' dir='ltr'><strong><em>Itan</em></strong></span> 
     </span>
     <span class='ocr_line' id='line_1_18' title="bbox 143 1784 1097 1858; baseline -0.002 -14"><span class='ocrx_word' id='word_1_118' title='bbox 143 1784 297 1844; x_wconf 78' lang='lat' dir='ltr'><strong><em>Trallibus</em></strong></span> <span class='ocrx_word' id='word_1_119' title='bbox 326 1786 357 1842; x_wconf 89' lang='lat' dir='ltr'><strong><em>in</em></strong></span> <span class='ocrx_word' id='word_1_120' title='bbox 386 1785 491 1856; x_wconf 87' lang='lat' dir='ltr'><strong><em>tempto</em></strong></span> <span class='ocrx_word' id='word_1_121' title='bbox 528 1785 694 1858; x_wconf 75' lang='lat' dir='ltr'><strong><em>Victoriae,</em></strong></span> <span class='ocrx_word' id='word_1_122' title='bbox 723 1785 777 1842; x_wconf 79' lang='lat' dir='ltr'><strong><em>uiti</em></strong></span> <span class='ocrx_word' id='word_1_123' title='bbox 799 1785 940 1844; x_wconf 82' lang='lat' dir='ltr'><strong><em>Caesaris</em></strong></span> <span class='ocrx_word' id='word_1_124' title='bbox 967 1794 1097 1844; x_wconf 79' lang='lat' dir='ltr'><strong><em>stainans</em></strong></span> 
     </span>
    </p>
   </div>
   <div class='ocr_carea' id='block_1_3' title="bbox 59 1871 1097 1941">
    <p class='ocr_par' dir='ltr' id='par_1_5' title="bbox 59 1871 1097 1941">
     <span class='ocr_line' id='line_1_19' title="bbox 59 1871 1097 1941; baseline -0.002 -12"><span class='ocrx_word' id='word_1_125' title='bbox 59 1901 62 1905; x_wconf 73' lang='lat'><em>,</em></span> <span class='ocrx_word' id='word_1_126' title='bbox 142 1875 413 1940; x_wconf 83' lang='lat' dir='ltr'><strong><em>consecraverant,</em></strong></span> <span class='ocrx_word' id='word_1_127' title='bbox 435 1871 536 1941; x_wconf 84' lang='lat' dir='ltr'><strong><em>patrna</em></strong></span> <span class='ocrx_word' id='word_1_128' title='bbox 555 1885 614 1941; x_wconf 89' lang='lat' dir='ltr'><strong><em>per</em></strong></span> <span class='ocrx_word' id='word_1_129' title='bbox 641 1887 693 1930; x_wconf 91' lang='lat' dir='ltr'><strong><em>eos</em></strong></span> <span class='ocrx_word' id='word_1_130' title='bbox 723 1871 788 1928; x_wconf 87' lang='lat' dir='ltr'><strong><em>dies</em></strong></span> <span class='ocrx_word' id='word_1_131' title='bbox 816 1873 828 1928; x_wconf 92' lang='lat' dir='ltr'><strong><em>i</em></strong></span> <span class='ocrx_word' id='word_1_132' title='bbox 835 1887 854 1928; x_wconf 87' lang='lat' dir='ltr'><strong><em>n</em></strong></span> <span class='ocrx_word' id='word_1_133' title='bbox 884 1878 983 1930; x_wconf 86' lang='lat' dir='ltr'><strong><em>tecto</em></strong></span> <span class='ocrx_word' id='word_1_134' title='bbox 1018 1873 1097 1930; x_wconf 86' lang='lat' dir='ltr'><strong><em>inter</em></strong></span> 
     </span>
    </p>
   </div>
   <div class='ocr_carea' id='block_1_4' title="bbox 112 1955 1098 2964">
    <p class='ocr_par' dir='ltr' id='par_1_6' title="bbox 112 1955 1098 2964">
     <span class='ocr_line' id='line_1_20' title="bbox 143 1955 1096 2027; baseline 0.001 -14"><span class='ocrx_word' id='word_1_135' title='bbox 143 1959 321 2026; x_wconf 86' lang='lat' dir='ltr'><strong><em>ooapmenta</em></strong></span> <span class='ocrx_word' id='word_1_136' title='bbox 351 1955 484 2026; x_wconf 82' lang='lat' dir='ltr'><strong><em>lapidum</em></strong></span> <span class='ocrx_word' id='word_1_137' title='bbox 515 1971 554 2012; x_wconf 82' lang='lat' dir='ltr'><strong><em>en</em></strong></span> <span class='ocrx_word' id='word_1_138' title='bbox 576 1957 747 2027; x_wconf 86' lang='lat' dir='ltr'><strong><em>pavimento</em></strong></span> <span class='ocrx_word' id='word_1_139' title='bbox 775 1957 927 2014; x_wconf 79' lang='lat' dir='ltr'><strong><em>exstitisse</em></strong></span> <span class='ocrx_word' id='word_1_140' title='bbox 956 1958 1096 2016; x_wconf 85' lang='lat' dir='ltr'><strong><em>ostende—</em></strong></span> 
     </span>
     <span class='ocr_line' id='line_1_21' title="bbox 143 2033 1096 2120; baseline -0.001 -21"><span class='ocrx_word' id='word_1_141' title='bbox 143 2039 242 2099; x_wconf 81' lang='lat' dir='ltr'><strong><em>batur.</em></strong></span> <span class='ocrx_word' id='word_1_142' title='bbox 279 2033 369 2111; x_wconf 77' lang='lat' dir='ltr'><strong><em>Quae</em></strong></span> <span class='ocrx_word' id='word_1_143' title='bbox 391 2033 695 2120; x_wconf 83' lang='lat' dir='ltr'><strong><em>ve1·baquemquem</em></strong></span> <span class='ocrx_word' id='word_1_144' title='bbox 711 2035 856 2098; x_wconf 68' lang='lat' dir='ltr'><strong><em>Hirtiano</em></strong></span> <span class='ocrx_word' id='word_1_145' title='bbox 872 2035 941 2101; x_wconf 84' lang='lat' dir='ltr'><strong><em>loco</em></strong></span> <span class='ocrx_word' id='word_1_146' title='bbox 955 2035 986 2100; x_wconf 89' lang='lat' dir='ltr'><strong><em>b.</em></strong></span> <span class='ocrx_word' id='word_1_147' title='bbox 1003 2035 1096 2100; x_wconf 81' lang='lat' dir='ltr'><strong><em>Alex.</em></strong></span> 
     </span>
     <span class='ocr_line' id='line_1_22' title="bbox 141 2118 1097 2204; baseline 0.002 -22"><span class='ocrx_word' id='word_1_148' title='bbox 141 2141 168 2182; x_wconf 86' lang='lat' dir='ltr'><strong><em>c.</em></strong></span> <span class='ocrx_word' id='word_1_149' title='bbox 200 2119 217 2182; x_wconf 89' lang='lat'>1</span> <span class='ocrx_word' id='word_1_150' title='bbox 247 2118 373 2184; x_wconf 84' lang='lat' dir='ltr'><strong><em>defendi</em></strong></span> <span class='ocrx_word' id='word_1_151' title='bbox 397 2118 514 2200; x_wconf 81' lang='lat' dir='ltr'><strong><em>solent,</em></strong></span> <span class='ocrx_word' id='word_1_152' title='bbox 546 2141 607 2204; x_wconf 89' lang='lat' dir='ltr'><strong><em>quo</em></strong></span> <span class='ocrx_word' id='word_1_153' title='bbox 630 2129 713 2184; x_wconf 80' lang='lat' dir='ltr'><strong><em>testu</em></strong></span> <span class='ocrx_word' id='word_1_154' title='bbox 735 2119 948 2184; x_wconf 80' lang='lat' dir='ltr'><strong><em>Alexandriae</em></strong></span> <span class='ocrx_word' id='word_1_155' title='bbox 971 2119 1097 2202; x_wconf 83' lang='lat' dir='ltr'><strong><em>‚rudere</em></strong></span> 
     </span>
     <span class='ocr_line' id='line_1_23' title="bbox 141 2203 1096 2290; baseline 0 -22"><span class='ocrx_word' id='word_1_156' title='bbox 141 2214 195 2268; x_wconf 80' lang='lat' dir='ltr'><strong><em>aut</em></strong></span> <span class='ocrx_word' id='word_1_157' title='bbox 223 2205 410 2288; x_wconf 84' lang='lat' dir='ltr'><strong><em>pavimentis</em></strong></span> <span class='ocrx_word' id='word_1_158' title='bbox 440 2203 546 2268; x_wconf 86' lang='lat' dir='ltr'><strong><em>fuisse‘</em></strong></span> <span class='ocrx_word' id='word_1_159' title='bbox 568 2203 725 2286; x_wconf 83' lang='lat' dir='ltr'><strong><em>doeemur,</em></strong></span> <span class='ocrx_word' id='word_1_160' title='bbox 749 2217 852 2268; x_wconf 83' lang='lat' dir='ltr'><strong><em>tamen</em></strong></span> <span class='ocrx_word' id='word_1_161' title='bbox 891 2214 1010 2290; x_wconf 83' lang='lat' dir='ltr'><strong><em>ugnant</em></strong></span> <span class='ocrx_word' id='word_1_162' title='bbox 1025 2227 1096 2270; x_wconf 85' lang='lat' dir='ltr'><strong><em>curn</em></strong></span> 
     </span>
     <span class='ocr_line' id='line_1_24' title="bbox 140 2229 1096 2374; baseline 0.001 -22"><span class='ocrx_word' id='word_1_163' title='bbox 140 2290 190 2370; x_wconf 88' lang='lat' dir='ltr'><strong><em>iis,</em></strong></span> <span class='ocrx_word' id='word_1_164' title='bbox 211 2311 291 2374; x_wconf 81' lang='lat' dir='ltr'><strong><em>quae</em></strong></span> <span class='ocrx_word' id='word_1_165' title='bbox 314 2289 459 2353; x_wconf 83' lang='lat' dir='ltr'><strong><em>Valerius</em></strong></span> <span class='ocrx_word' id='word_1_166' title='bbox 473 2289 630 2354; x_wconf 77' lang='lat' dir='ltr'><strong><em>Maximus</em></strong></span> <span class='ocrx_word' id='word_1_167' title='bbox 644 2290 669 2370; x_wconf 83' lang='grc' dir='ltr'><strong><em>Ι,</em></strong></span> <span class='ocrx_word' id='word_1_168' title='bbox 686 2290 715 2372; x_wconf 85' lang='lat'><strong><em>6,</em></strong></span> <span class='ocrx_word' id='word_1_169' title='bbox 736 2291 773 2352; x_wconf 79' lang='lat'><strong><em>12</em></strong></span> <span class='ocrx_word' id='word_1_170' title='bbox 789 2301 819 2354; x_wconf 85' lang='lat' dir='ltr'><strong><em>et</em></strong></span> <span class='ocrx_word' id='word_1_171' title='bbox 839 2229 1026 2354; x_wconf 71' lang='lat' dir='ltr'><strong><em>Pllitarchus</em></strong></span> <span class='ocrx_word' id='word_1_172' title='bbox 1041 2293 1096 2354; x_wconf 86' lang='lat' dir='ltr'><strong><em>vit.</em></strong></span> 
     </span>
     <span class='ocr_line' id='line_1_25' title="bbox 142 2373 1097 2459; baseline -0.001 -20"><span class='ocrx_word' id='word_1_173' title='bbox 142 2373 238 2440; x_wconf 75' lang='lat' dir='ltr'><strong><em>Caes.</em></strong></span> <span class='ocrx_word' id='word_1_174' title='bbox 262 2375 302 2437; x_wconf 77' lang='lat'><strong><em>47</em></strong></span> <span class='ocrx_word' id='word_1_175' title='bbox 325 2385 465 2456; x_wconf 81' lang='lat' dir='ltr'><strong><em>narrant,</em></strong></span> <span class='ocrx_word' id='word_1_176' title='bbox 489 2375 625 2459; x_wconf 80' lang='lat' dir='ltr'><strong><em>palmam</em></strong></span> <span class='ocrx_word' id='word_1_177' title='bbox 646 2375 705 2438; x_wconf 87' lang='lat' dir='ltr'><strong><em>sub</em></strong></span> <span class='ocrx_word' id='word_1_178' title='bbox 727 2385 830 2440; x_wconf 75' lang='lat' dir='ltr'><strong><em>status</em></strong></span> <span class='ocrx_word' id='word_1_179' title='bbox 853 2375 1000 2440; x_wconf 81' lang='lat' dir='ltr'><strong><em>Caesaris</em></strong></span> <span class='ocrx_word' id='word_1_180' title='bbox 1024 2397 1097 2440; x_wconf 84' lang='lat' dir='ltr'><strong><em>ena-</em></strong></span> 
     </span>
     <span class='ocr_line' id='line_1_26' title="bbox 112 2459 1097 2544; baseline 0.001 -20"><span class='ocrx_word' id='word_1_181' title='bbox 112 2483 114 2488; x_wconf 79' lang='grc'><strong>’</strong></span> <span class='ocrx_word' id='word_1_182' title='bbox 142 2467 209 2524; x_wconf 81' lang='lat' dir='ltr'><strong><em>tom</em></strong></span> <span class='ocrx_word' id='word_1_183' title='bbox 240 2481 318 2524; x_wconf 84' lang='lat' dir='ltr'><strong><em>esse.</em></strong></span> <span class='ocrx_word' id='word_1_184' title='bbox 365 2459 564 2544; x_wconf 80' lang='lat' dir='ltr'><strong><em>Quapropter</em></strong></span> <span class='ocrx_word' id='word_1_185' title='bbox 592 2460 801 2544; x_wconf 85' lang='lat' dir='ltr'><strong><em>Nipperdeius</em></strong></span> <span class='ocrx_word' id='word_1_186' title='bbox 830 2460 930 2524; x_wconf 84' lang='lat' dir='ltr'><strong><em>verba</em></strong></span> <span class='ocrx_word' id='word_1_187' title='bbox 958 2467 989 2524; x_wconf 90' lang='lat' dir='ltr'><strong><em>in</em></strong></span> <span class='ocrx_word' id='word_1_188' title='bbox 1022 2467 1097 2525; x_wconf 88' lang='lat' dir='ltr'><strong><em>tecto</em></strong></span> 
     </span>
     <span class='ocr_line' id='line_1_27' title="bbox 141 2545 1096 2631; baseline 0 -21"><span class='ocrx_word' id='word_1_189' title='bbox 141 2545 249 2630; x_wconf 81' lang='lat' dir='ltr'><strong><em>spuria</em></strong></span> <span class='ocrx_word' id='word_1_190' title='bbox 278 2567 350 2608; x_wconf 85' lang='lat' dir='ltr'><strong><em>esse</em></strong></span> <span class='ocrx_word' id='word_1_191' title='bbox 376 2545 528 2608; x_wconf 77' lang='lat' dir='ltr'><strong><em>iudicavit</em></strong></span> <span class='ocrx_word' id='word_1_192' title='bbox 558 2557 590 2609; x_wconf 86' lang='lat' dir='ltr'><strong><em>et</em></strong></span> <span class='ocrx_word' id='word_1_193' title='bbox 621 2546 747 2630; x_wconf 83' lang='lat' dir='ltr'><strong><em>quidem</em></strong></span> <span class='ocrx_word' id='word_1_194' title='bbox 778 2547 851 2609; x_wconf 85' lang='lat' dir='ltr'><strong><em>fieta</em></strong></span> <span class='ocrx_word' id='word_1_195' title='bbox 873 2546 1096 2631; x_wconf 72' lang='lat' dir='ltr'><strong><em>submagistris,</em></strong></span> 
     </span>
     <span class='ocr_line' id='line_1_28' title="bbox 141 2629 1097 2716; baseline 0.001 -22"><span class='ocrx_word' id='word_1_196' title='bbox 141 2631 196 2716; x_wconf 84' lang='lat' dir='ltr'><strong><em>qui</em></strong></span> <span class='ocrx_word' id='word_1_197' title='bbox 209 2629 299 2692; x_wconf 87' lang='lat' dir='ltr'><strong><em>illurn</em></strong></span> <span class='ocrx_word' id='word_1_198' title='bbox 316 2630 495 2692; x_wconf 77' lang='lat' dir='ltr'><strong><em>Hirtianum</em></strong></span> <span class='ocrx_word' id='word_1_199' title='bbox 513 2630 620 2702; x_wconf 83' lang='lat' dir='ltr'><strong><em>locum¹</em></strong></span> <span class='ocrx_word' id='word_1_200' title='bbox 632 2641 705 2694; x_wconf 81' lang='lat' dir='ltr'><strong><em>ante</em></strong></span> <span class='ocrx_word' id='word_1_201' title='bbox 721 2631 828 2696; x_wconf 89' lang='lat' dir='ltr'><strong><em>oeulos</em></strong></span> <span class='ocrx_word' id='word_1_202' title='bbox 845 2631 983 2694; x_wconf 83' lang='lat' dir='ltr'><strong><em>haberet.</em></strong></span> <span class='ocrx_word' id='word_1_203' title='bbox 1008 2631 1097 2711; x_wconf 80' lang='lat' dir='ltr'><strong><em>Quae</em></strong></span> 
     </span>
     <span class='ocr_line' id='line_1_29' title="bbox 140 2715 1097 2800; baseline -0.002 -18"><span class='ocrx_word' id='word_1_204' title='bbox 140 2715 309 2800; x_wconf 77' lang='lat' dir='ltr'><strong><em>explicatio</em></strong></span> <span class='ocrx_word' id='word_1_205' title='bbox 338 2737 433 2799; x_wconf 91' lang='lat' dir='ltr'><strong><em>quum</em></strong></span> <span class='ocrx_word' id='word_1_206' title='bbox 461 2717 554 2778; x_wconf 84' lang='lat' dir='ltr'><strong><em>nimis</em></strong></span> <span class='ocrx_word' id='word_1_207' title='bbox 584 2715 754 2780; x_wconf 78' lang='lat' dir='ltr'><strong><em>artificiosa</em></strong></span> <span class='ocrx_word' id='word_1_208' title='bbox 784 2717 949 2798; x_wconf 83' lang='lat' dir='ltr'><strong><em>videatur,</em></strong></span> <span class='ocrx_word' id='word_1_209' title='bbox 984 2725 1097 2781; x_wconf 84' lang='lat' dir='ltr'><strong><em>intacta</em></strong></span> 
     </span>
     <span class='ocr_line' id='line_1_30' title="bbox 146 2808 1097 2886; baseline 0.004 -24"><span class='ocrx_word' id='word_1_210' title='bbox 146 2821 203 2886; x_wconf 87' lang='lat' dir='ltr'><strong><em>pro</em></strong></span> <span class='ocrx_word' id='word_1_211' title='bbox 230 2809 260 2864; x_wconf 88' lang='lat' dir='ltr'><strong><em>in</em></strong></span> <span class='ocrx_word' id='word_1_212' title='bbox 285 2814 360 2866; x_wconf 86' lang='lat' dir='ltr'><strong><em>tecto</em></strong></span> <span class='ocrx_word' id='word_1_213' title='bbox 385 2808 496 2877; x_wconf 80' lang='lat' dir='ltr'><strong><em>(palma</em></strong></span> <span class='ocrx_word' id='word_1_214' title='bbox 516 2822 573 2877; x_wconf 86' lang='lat' dir='ltr'><strong><em>per</em></strong></span> <span class='ocrx_word' id='word_1_215' title='bbox 595 2823 648 2866; x_wconf 81' lang='lat' dir='ltr'><strong><em>eos</em></strong></span> <span class='ocrx_word' id='word_1_216' title='bbox 670 2808 735 2866; x_wconf 83' lang='lat' dir='ltr'><strong><em>dies</em></strong></span> <span class='ocrx_word' id='word_1_217' title='bbox 757 2810 770 2864; x_wconf 89' lang='lat' dir='ltr'><strong><em>i</em></strong></span> <span class='ocrx_word' id='word_1_218' title='bbox 776 2815 911 2866; x_wconf 88' lang='lat' dir='ltr'><strong><em>ntaeta</em></strong></span> <span class='ocrx_word' id='word_1_219' title='bbox 941 2810 1019 2865; x_wconf 86' lang='lat' dir='ltr'><strong><em>inter</em></strong></span> <span class='ocrx_word' id='word_1_220' title='bbox 1044 2823 1097 2866; x_wconf 88' lang='lat' dir='ltr'><strong><em>eo-</em></strong></span> 
     </span>
     <span class='ocr_line' id='line_1_31' title="bbox 147 2892 1098 2964; baseline 0 -16"><span class='ocrx_word' id='word_1_221' title='bbox 147 2899 285 2963; x_wconf 82' lang='lat' dir='ltr'><strong><em>upnsenta</em></strong></span> <span class='ocrx_word' id='word_1_222' title='bbox 313 2893 446 2962; x_wconf 86' lang='lat' dir='ltr'><strong><em>tapidum</em></strong></span> <span class='ocrx_word' id='word_1_223' title='bbox 475 2909 514 2948; x_wconf 83' lang='lat' dir='ltr'><strong><em>en</em></strong></span> <span class='ocrx_word' id='word_1_224' title='bbox 539 2897 710 2964; x_wconf 83' lang='lat' dir='ltr'><strong><em>pavimento</em></strong></span> <span class='ocrx_word' id='word_1_225' title='bbox 741 2897 894 2951; x_wconf 77' lang='lat' dir='ltr'><strong><em>exstitisse</em></strong></span> <span class='ocrx_word' id='word_1_226' title='bbox 923 2892 1098 2952; x_wconf 74' lang='lat' dir='ltr'><strong><em>ostendedir-</em></strong></span> 
     </span>
    </p>
   </div>
   <div class='ocr_carea' id='block_1_5' title="bbox 134 2969 1099 3562">
    <p class='ocr_par' dir='ltr' id='par_1_7' title="bbox 134 2969 1099 3222">
     <span class='ocr_line' id='line_1_32' title="bbox 135 2969 1099 3057; baseline -0.001 -23"><span class='ocrx_word' id='word_1_227' title='bbox 135 2983 208 3050; x_wconf 53' lang='lat' dir='ltr'><strong><em>ztnr)</em></strong></span> <span class='ocrx_word' id='word_1_228' title='bbox 230 2970 390 3036; x_wconf 22' lang='lat' dir='ltr'><strong><em>vseribere*</em></strong></span> <span class='ocrx_word' id='word_1_229' title='bbox 409 2969 515 3033; x_wconf 77' lang='lat' dir='ltr'><strong><em>malui.</em></strong></span> <span class='ocrx_word' id='word_1_230' title='bbox 559 2972 597 3034; x_wconf 89' lang='lat' dir='ltr'><strong><em>In</em></strong></span> <span class='ocrx_word' id='word_1_231' title='bbox 626 2973 687 3038; x_wconf 83' lang='lat' dir='ltr'><strong><em>hac</em></strong></span> <span class='ocrx_word' id='word_1_232' title='bbox 712 2974 909 3057; x_wconf 85' lang='lat' dir='ltr'><strong><em>potissimum</em></strong></span> <span class='ocrx_word' id='word_1_233' title='bbox 938 2995 989 3052; x_wconf 89' lang='lat' dir='ltr'><strong><em>re,</em></strong></span> <span class='ocrx_word' id='word_1_234' title='bbox 1012 2970 1099 3056; x_wconf 51' lang='lat' dir='ltr'><strong><em>¹quod</em></strong></span> 
     </span>
     <span class='ocr_line' id='line_1_33' title="bbox 134 3055 1099 3142; baseline -0.002 -22"><span class='ocrx_word' id='word_1_235' title='bbox 134 3069 332 3141; x_wconf 59' lang='lat' dir='ltr'><strong><em>*coagmenta</em></strong></span> <span class='ocrx_word' id='word_1_236' title='bbox 353 3055 492 3140; x_wconf 79' lang='lat' dir='ltr'><strong><em>lapidum</em></strong></span> <span class='ocrx_word' id='word_1_237' title='bbox 515 3065 627 3120; x_wconf 76' lang='lat' dir='ltr'><strong><em>intacia</em></strong></span> <span class='ocrx_word' id='word_1_238' title='bbox 651 3068 754 3132; x_wconf 75' lang='lat' dir='ltr'><strong><em>erunt,</em></strong></span> <span class='ocrx_word' id='word_1_239' title='bbox 782 3061 846 3122; x_wconf 85' lang='lat' dir='ltr'><strong><em>vim</em></strong></span> <span class='ocrx_word' id='word_1_240' title='bbox 872 3056 1006 3142; x_wconf 84' lang='lat' dir='ltr'><strong><em>prodigii</em></strong></span> <span class='ocrx_word' id='word_1_241' title='bbox 1028 3076 1099 3119; x_wconf 85' lang='lat' dir='ltr'><strong><em>esse</em></strong></span> 
     </span>
     <span class='ocr_line' id='line_1_34' title="bbox 141 3141 928 3222; baseline -0.004 -14"><span class='ocrx_word' id='word_1_242' title='bbox 141 3141 340 3222; x_wconf 77' lang='lat' dir='ltr'><strong><em>cernendam,</em></strong></span> <span class='ocrx_word' id='word_1_243' title='bbox 363 3163 427 3204; x_wconf 91' lang='lat' dir='ltr'><strong><em>non</em></strong></span> <span class='ocrx_word' id='word_1_244' title='bbox 449 3165 541 3206; x_wconf 84' lang='lat' dir='ltr'><strong><em>nemo</em></strong></span> <span class='ocrx_word' id='word_1_245' title='bbox 564 3145 665 3206; x_wconf 86' lang='lat' dir='ltr'><strong><em>sentit.</em></strong></span> <span class='ocrx_word' id='word_1_246' title='bbox 926 3183 928 3186; x_wconf 94' lang='lat'>-</span> 
     </span>
    </p>

    <p class='ocr_par' dir='ltr' id='par_1_8' title="bbox 143 3225 1099 3478">
     <span class='ocr_line' id='line_1_35' title="bbox 209 3225 1099 3311; baseline -0.006 -19"><span class='ocrx_word' id='word_1_247' title='bbox 209 3225 245 3292; x_wconf 81' lang='lat' dir='ltr'><strong><em>O.</em></strong></span> <span class='ocrx_word' id='word_1_248' title='bbox 277 3227 338 3290; x_wconf 80' lang='lat'><strong><em>112</em></strong></span> <span class='ocrx_word' id='word_1_249' title='bbox 376 3237 448 3290; x_wconf 86' lang='lat' dir='ltr'><strong><em>ante</em></strong></span> <span class='ocrx_word' id='word_1_250' title='bbox 477 3227 705 3311; x_wconf 86' lang='lat' dir='ltr'><strong><em>Nipperdeium</em></strong></span> <span class='ocrx_word' id='word_1_251' title='bbox 739 3228 817 3292; x_wconf 83' lang='lat' dir='ltr'><strong><em>haec</em></strong></span> <span class='ocrx_word' id='word_1_252' title='bbox 850 3227 1040 3291; x_wconf 79' lang='lat' dir='ltr'><strong><em>edebantur:</em></strong></span> <span class='ocrx_word' id='word_1_253' title='bbox 1061 3231 1099 3288; x_wconf 94' lang='lat' dir='ltr'><strong><em>In</em></strong></span> 
     </span>
     <span class='ocr_line' id='line_1_36' title="bbox 146 3317 1099 3394; baseline -0.004 -18"><span class='ocrx_word' id='word_1_254' title='bbox 146 3319 204 3378; x_wconf 77' lang='lat' dir='ltr'><strong><em>trac</em></strong></span> <span class='ocrx_word' id='word_1_255' title='bbox 226 3326 297 3376; x_wconf 90' lang='lat' dir='ltr'><strong><em>sunt</em></strong></span> <span class='ocrx_word' id='word_1_256' title='bbox 318 3320 420 3376; x_wconf 72' lang='lat' dir='ltr'><strong><em>insilia</em></strong></span> <span class='ocrx_word' id='word_1_257' title='bbox 442 3319 595 3376; x_wconf 83' lang='lat' dir='ltr'><strong><em>domicilia</em></strong></span> <span class='ocrx_word' id='word_1_258' title='bbox 610 3321 827 3394; x_wconf 79' lang='lat' dir='ltr'><strong><em>Aeppptiornrn</em></strong></span> <span class='ocrx_word' id='word_1_259' title='bbox 850 3327 878 3376; x_wconf 85' lang='lat' dir='ltr'><strong><em>et</em></strong></span> <span class='ocrx_word' id='word_1_260' title='bbox 891 3320 976 3376; x_wconf 88' lang='lat' dir='ltr'><strong><em>nicus</em></strong></span> <span class='ocrx_word' id='word_1_261' title='bbox 991 3317 1099 3388; x_wconf 84' lang='lat' dir='ltr'><strong><em>oppidi</em></strong></span> 
     </span>
     <span class='ocr_line' id='line_1_37' title="bbox 143 3403 1098 3478; baseline -0.004 -16"><span class='ocrx_word' id='word_1_262' title='bbox 143 3405 366 3476; x_wconf 66' lang='lat' dir='ltr'><strong><em>paenitudine,</em></strong></span> <span class='ocrx_word' id='word_1_263' title='bbox 399 3419 569 3477; x_wconf 73' lang='lat' dir='ltr'><strong><em>quaeque</em></strong></span> <span class='ocrx_word' id='word_1_264' title='bbox 601 3405 741 3478; x_wconf 77' lang='lat' dir='ltr'><strong><em>diique</em></strong></span> <span class='ocrx_word' id='word_1_265' title='bbox 774 3419 866 3462; x_wconf 83' lang='lat' dir='ltr'><strong><em>naues</em></strong></span> <span class='ocrx_word' id='word_1_266' title='bbox 896 3403 1098 3474; x_wconf 86' lang='lat' dir='ltr'><strong><em>inprudentia</em></strong></span> 
     </span>
    </p>

    <p class='ocr_par' dir='ltr' id='par_1_9' title="bbox 149 3488 1099 3562">
     <span class='ocr_line' id='line_1_38' title="bbox 149 3488 1099 3562; baseline -0.002 -16"><span class='ocrx_word' id='word_1_267' title='bbox 149 3494 205 3546; x_wconf 89' lang='lat' dir='ltr'><strong><em>aut</em></strong></span> <span class='ocrx_word' id='word_1_268' title='bbox 216 3495 386 3562; x_wconf 81' lang='lat' dir='ltr'><strong><em>tempestate</em></strong></span> <span class='ocrx_word' id='word_1_269' title='bbox 398 3490 522 3561; x_wconf 81' lang='lat' dir='ltr'><strong><em>pantiun</em></strong></span> <span class='ocrx_word' id='word_1_270' title='bbox 537 3505 592 3548; x_wconf 88' lang='lat' dir='ltr'><strong><em>suo</em></strong></span> <span class='ocrx_word' id='word_1_271' title='bbox 609 3506 701 3549; x_wconf 79' lang='lat' dir='ltr'><strong><em>enirsu</em></strong></span> <span class='ocrx_word' id='word_1_272' title='bbox 717 3492 920 3558; x_wconf 85' lang='lat' dir='ltr'><strong><em>decesserunt,</em></strong></span> <span class='ocrx_word' id='word_1_273' title='bbox 943 3488 1099 3546; x_wconf 74' lang='lat' dir='ltr'><strong><em>posature</em></strong></span> 
     </span>
    </p>
   </div>
   <div class='ocr_carea' id='block_1_6' title="bbox 0 0 1287 3970">
    <p class='ocr_par' dir='ltr' id='par_1_10' title="bbox 0 0 1287 3970">
     <span class='ocr_line' id='line_1_39' title="bbox 0 0 1287 3970; baseline 0 0"><span class='ocrx_word' id='word_1_274' title='bbox 0 0 1287 3970; x_wconf 95' lang='lat' dir='ltr'><strong><em> </em></strong></span> 
     </span>
    </p>
   </div>
  </div>
 </body>
</html>
