2562 3966
179 183 241 248 182
436 181 496 245 DE
517 181 661 246 BELLO
685 178 876 245 GALLICO

179 353 409 420 cassivellauno
438 353 604 435 Arverno,
635 351 822 416 consobrino
852 350 1135 436 Vercingetorigis,

179 461 303 540 smpma
329 441 375 502 im
415 441 455 522 rii
484 439 627 502 traditur.
671 437 730 500 His
753 436 869 500 delecti
891 458 933 498 ex
955 435 1135 500 civitatibus

178 534 252 589 attrr
263 461 416 617 deditii?
425 547 556 612 quorum
572 523 703 596 oonsilio
716 521 837 587 bellum
852 521 1135 596 adm‘mistraretur.

178 609 298 675 Omnes
321 610 442 675 alacres
476 619 507 674 et
522 611 667 677 'fiduoiae
695 609 782 695 pleni
810 607 851 672 ad
871 606 1014 672 Alesiam
1042 605 1135 693 profi·

179 697 349 778 eiseuntur,
373 703 478 783 neque
501 706 569 782 erat
591 697 730 759 omnium
752 695 935 781 quisquam,
952 694 1023 780 ‘qui
1046 715 1081 756 as
1123 729 1136 742 ·

179 790 263 846 etum
284 781 378 847 modo
403 791 509 846 tantae
536 781 742 845 multitudinis
766 779 915 844 sustineri
936 800 1031 863 posse
1054 716 1135 844 arlri

178 875 323 951 traretur,
345 869 532 954 praesertim
547 869 677 952 ancipiti
697 865 827 952 proelio,
846 865 948 950 'quum
959 885 1005 928 ‘ex
1020 863 1135 950 oppido

178 974 234 1016 eru
256 953 342 1016 tione
364 961 579 1038 pugnaretur,
608 953 682 1016 foris
696 962 811 1016 tantae
841 951 950 1036 copiae
978 952 1135 1035 equitatus

176 975 398 1124 peditatusque
420 1045 758 1102 cernerenturfhsm
797 1033 944 1185 fimat

182 1167 185 1174 ,
243 1123 293 1187 77.
315 1122 360 1187 At
387 1125 426 1204 ii,
450 1124 504 1208 qni
532 1123 661 1188 Alesiae
694 1110 881 1188 obsidebant
925 1170 934 1204 ,
964 1121 1136 1207 praeterita

178 1207 239 1290 die,
263 1231 325 1304 qua
347 1208 465 1273 auxilia
488 1231 614 1274 suorum
636 1215 914 1294 exspectaverant,
949 1215 1134 1291 consumpto

179 1297 264 1360 omni
295 1295 451 1360 frumento
479 1296 586 1376 inscii,
622 1295 698 1381 quid
726 1297 760 1358 in
787 1292 930 1357 Haeduis
961 1299 1132 1378 gereretur,

178 1379 311 1445 coneilio
334 1388 442 1445 coacto
466 1379 505 1442 de
529 1382 616 1444 exitu
639 1403 767 1458 suarum
795 1378 990 1444 fortunarum
1012 1376 1133 1442 consul·

177 1464 296 1528 tabant
332 1461 390 1530 'Ao
405 1461 507 1530 'variis
531 1465 621 1530 dietis
645 1466 819 1545 sententiis,
844 1483 976 1549 quarum
990 1483 1065 1547 pars
1081 1461 1133 1525 de-

178 1549 338 1633 ditionem,
361 1573 449 1636 pars,
473 1551 548 1614 dum
572 1553 656 1615 vires
691 1557 906 1636 suppeterent,
938 1549 1134 1634 eruptionem

178 1635 338 1720 censebat,
360 1659 424 1700 non
445 1637 676 1722 praetereunda
694 1638 793 1700 oratio
806 1634 987 1721 'Critognati
1007 1633 1134 1698 videtin

176 1731 326 1828 proppqp,¹
335 1723 407 1830 &lus
438 1723 643 1828 singularem,
654 1722 869 1827 etssefariam
906 1719 1134 1784 crudelitatem.

177 1808 235 1872 llio
257 1811 379 1871 sum‘mo
399 1809 432 1870 in
446 1808 601 1872 Arvernis
623 1804 711 1873 ortus
727 1807 796 1873 loeo
812 1819 844 1873 et
857 1828 992 1892 magnae
1009 1805 1134 1879 habitus
1159 1873 1162 1880 ι
1189 1845 1235 1890 Δ,

179 1895 390 1974 auctoritatis,
401 1893 504 1974 Nihil,
527 1895 638 1980 inquit,
662 1894 701 1958 de
725 1916 834 1972 eorum
857 1893 1014 1972 sententia
1035 1881 1142 1962 diettt
1226 1907 1228 1914 ’

177 1999 230 2040 rus
254 2001 333 2060 sum,
356 1983 411 2062 qui
432 1980 647 2064 turpissimam
669 1983 853 2044 servitutem
886 1978 1053 2044 deditionis
1080 2000 1134 2041 no·

177 2065 262 2126 mine
292 2063 466 2147 apellant,
503 2087 607 2151 neque
640 2065 697 2130 hos
714 2065 888 2130 'habendos
922 2066 1038 2128 civium
1064 2061 1133 2125 loeo

176 2169 281 2234 neque
308 2085 353 2210 ad
379 2149 544 2213 eonsilium
574 2149 770 2216 adhibendos
797 2172 920 2218 censeo.
977 2148 1057 2212 Cum
1069 2146 1133 2247 ,his
1156 2191 1173 2234 ,

176 2232 254 2298 mihi
275 2255 327 2296 res
343 2236 392 2315 sit,
416 2236 470 2320 qui
485 2237 680 2322 eruptionem
694 2236 846 2323 probant3
862 2257 994 2320 quorum
1011 2234 1046 2295 in
1061 2215 1146 2296 eon-'l
1159 2208 1203 2264 *ζ

177 2317 247 2381 silio
281 2321 420 2383 omnium
448 2330 591 2385 vestrum
626 2345 784 2387 consensu
810 2321 962 2407 pristinae
993 2317 1133 2384 residere

176 2405 302 2468 virtutis
331 2407 483 2469 memoria
504 2407 638 2470 videtur.
683 2407 790 2470 Animi
818 2417 866 2470 est
894 2407 956 2468 ista
990 2402 1132 2481 mollitia,

176 2511 241 2553 non
263 2491 379 2572 virtus,
402 2491 564 2576 paulisper
584 2494 636 2555 ino
660 2495 723 2555 iam
745 2491 828 2556 ferre
850 2512 914 2555 non
935 2511 1039 2575 posse.
1070 2487 1134 2567 Qui

155 2595 213 2656 ,se
235 2573 317 2638 ultro
343 2578 437 2639 morti
459 2577 604 2657 offerant,
628 2516 751 2640 [duilius
781 2578 1000 2662 reperiuntur,
1039 2597 1134 2661 quam

178 2662 235 2747 qui·
255 2660 397 2725 dolorem
417 2663 573 2746 patienter
593 2663 715 2736 ferant,
749 2662 855 2748 Atque
879 2671 937 2746 eg'o
959 2661 1042 2724 hane
1064 2682 1133 2724 sen-

175 2748 307 2810 tentiam
329 2744 496 2834 probarem
516 2745 650 2832 (tantum
673 2748 759 2834 apud
779 2770 830 2811 me
853 2747 990 2844 digqitas
1003 2745 1132 2838 potest),

177 2833 206 2896 si
226 2831 347 2896 nullam
368 2841 591 2918 praeterquam
613 2837 697 2898 vitae
719 2844 846 2898 nostrae
879 2835 1034 2896 taetram
1062 2833 1134 2896 fieri

175 2916 336 2983 viderem:
365 2915 423 2980 sed
448 2918 481 2983 in
504 2918 634 2984 consilio
664 2919 817 3005 capiendo
847 2915 977 2983 omnem
996 2915 1134 2982 Galliam

175 3003 396 3089 respiciamus,
421 3025 514 3088 quam
542 3004 584 3068 ad
610 3015 752 3071 nostrum
781 3004 935 3074 auxilium
964 3003 1134 3072 concitavi·

175 3110 255 3152 mus.
302 3086 388 3166 Quid
408 3087 570 3154 hominum
591 3090 719 3154 milibus
742 3098 840 3152 LXXX
860 3112 925 3155 uno
948 3089 1018 3154 loeo
1036 3089 1133 3152 inter-

175 3174 267 3238 fectis
289 3173 474 3259 propinquis
497 3178 804 3262 consanguineisque
823 3176 939 3240 nostris
956 3175 1051 3238 animi
1066 3173 1134 3237 fore

176 3259 383 3340 existimatis,
418 3261 445 3322 si
472 3282 574 3346 paene
597 3263 631 3326 in
661 3263 738 3347 ipsis
776 3260 983 3326 cadaveribus
1032 3257 1133 3323 roelio

176 3342 340 3408 decertare
369 3345 545 3443 cogentur?
573 3347 679 3411 Nolite
708 3348 768 3412 hos
795 3358 950 3413 vestroe
997 3346 1050 3409 'io
1080 3365 1135 3408 ex-

176 3427 328 3513 spoliare,
351 3450 406 3514 qur
427 3442 553 3496 vestrae
576 3433 684 3500 salutis
718 3455 814 3498 eausa
836 3455 927 3498 suum
958 3428 1134 3518 perieulum
