2532 3968
210 191 257 258 1v
559 189 814 254 PRAEFATIO.

211 383 286 428 num
310 362 494 443 secundum,
518 360 683 425 deterioris
705 359 789 424 illius
804 359 947 423 codicum
967 355 1104 420 familiae
1127 365 1158 420 et

212 455 316 512 aetate
331 455 362 510 et
375 445 545 512 verborum
559 467 693 509 censura
713 442 1023 529 praestantissimum.
1046 439 1158 588 Itaque

213 554 309 618 quum
334 531 484 613 viderem,
513 530 653 594 codicem
674 529 952 593 vindobonensem
973 526 1068 610 longe
1089 548 1157 610 pu·

212 617 300 682 rimis
322 615 399 680 locis
415 614 525 679 eadem
547 614 689 695 suadere,
712 635 792 700 quae
813 611 1022 698 Nipperdeius
1046 632 1086 674 ex
1099 610 1158 673 Pa·

212 702 310 765 risino
337 701 535 785 potissimum
569 695 651 764 libro
678 699 815 782 recepit,
848 711 912 762 non
941 694 1084 760 dubitavi
1111 693 1158 759 illi

212 784 295 850 libro
329 786 425 848 etiam
452 787 519 848 tum
547 781 665 869 aliquid
698 783 889 847 auctoritatis
916 781 1072 861 tribuere,
1102 779 1158 844 ubi

213 869 397 955 discrepans
428 891 447 932 a
472 869 613 932 Parisino
641 877 694 932 aut
715 890 778 939 una
799 888 871 931 cum
900 865 969 929 aliis
996 864 1087 928 libris
1114 863 1158 928 le·

213 955 310 1018 etioni
331 954 478 1037 vulgatae
492 953 623 1033 faveret,
646 961 700 1016 aut
721 952 805 1016 solus
825 974 864 1016 ea
878 949 1052 1036 praeberet,
1076 971 1156 1036 quae

213 1061 256 1102 ex
276 1038 338 1103 loci
359 1040 481 1103 ratione
531 1037 659 1102 ostulan'
685 1036 875 1101 viderentur.
914 1034 987 1099 Alio
1014 1033 1084 1099 loco
1106 1055 1157 1098 co-

212 1124 331 1208 piosius
359 1123 398 1187 de
420 1123 479 1186 hoc
501 1060 738 1186 ilindobonensi
758 1121 838 1185 libro
860 1143 952 1208 agam
978 1119 1157 1203 discrepan-

213 1211 337 1292 tiasque
358 1208 433 1272 inde
453 1206 493 1270 ab
516 1216 626 1270 octavo
647 1205 725 1270 belli
740 1205 854 1270 Gallici
873 1204 1095 1270 commentario
1117 1202 1158 1268 ad

212 1291 397 1377 Nipperdeii
419 1291 585 1356 editionem
608 1313 758 1356 excussas
779 1292 813 1353 in
828 1291 964 1353 medinm
985 1289 1156 1373 proferam:

213 1377 266 1442 hic
285 1378 349 1440 iam
371 1378 446 1440 satis
468 1376 585 1440 habere
606 1375 706 1440 debeo
728 1375 867 1438 breviter
889 1396 1054 1453 enarrare,
1077 1394 1158 1458 quae

213 1461 306 1536 aliter
317 1462 530 1526 constituerim
542 1470 635 1546 atque
646 1461 679 1523 in
689 1459 873 1545 Nipperdeii
891 1459 1025 1523 editione
1036 1458 1157 1522 minore

214 1555 344 1610 exarata
359 1555 439 1609 sunt
471 1545 581 1611 Restat
595 1553 630 1609 ut
643 1567 787 1609 moneam
799 1567 849 1608 me
864 1546 897 1606 in
914 1563 1031 1630 genere
1055 1541 1156 1606 ortho-

211 1631 364 1716 graphiae
386 1633 490 1694 tritam
513 1628 671 1694 scribendi
688 1631 843 1694 rationem
856 1629 1032 1707 retinuisse,
1054 1648 1157 1774 neque

212 1717 247 1778 in
269 1715 420 1797 editione,
444 1737 538 1800 quam
558 1715 770 1779 honestissimi
796 1713 916 1779 librarii
936 1724 1047 1798 rogatu
1068 1735 1103 1776 sc
1126 1733 1156 1775 o·
1250 1769 1251 1792 ,

212 1799 315 1868 larum
335 1802 503 1885 praecipue
518 1799 680 1864 commodo
694 1798 917 1863 instituendam
932 1798 1064 1882 suscepi,
1086 1818 1156 1860 ver·
1250 1807 1251 1810 ’

211 1883 326 1949 borum
339 1885 553 1970 perspicuitati
568 1885 693 1948 officere
708 1882 846 1948 voluisse
867 1882 1025 1949 induendo
1044 1905 1082 1945 ea
1096 1881 1157 1945 fer-

213 1970 324 2054 rugine
339 1969 393 2032 illa
407 1969 515 2050 nobili,
538 1991 617 2054 quae
631 1990 715 2031 nunc
730 1967 902 2032 adamatur.
935 1966 1018 2030 Satis
1034 1964 1157 2030 habebo

208 2053 380 2118 dummodo
410 2053 473 2117 alia
499 2075 539 2117 ex
567 2062 657 2137 parte
678 2053 758 2116 haec
787 2053 880 2116 editio
910 2049 1156 2115 accuratioribus

210 2137 325 2204 studiis
348 2137 484 2223 aliquem
505 2138 639 2201 fructum
662 2137 804 2201 attulisse
819 2137 970 2202 videatur.

611 2256 763 2264 --

210 2357 212 2368 .
278 2297 643 2370 BELLGALL.L'.1.
667 2307 736 2369 c.2
771 2305 981 2392 Nipperdeius
1004 2327 1045 2368 ex
1066 2301 1156 2366 libris

95 2447 97 2454 ,
211 2413 286 2463 mss.
303 2392 420 2456 edidit:
443 2397 499 2455 His
521 2398 613 2455 retas
630 2399 734 2468 fiebat,
756 2403 790 2456 ut
809 2405 837 2454 et
856 2397 954 2456 minas
983 2397 1041 2454 late
1061 2409 1156 2465 vuca-

208 2489 327 2560 rentur,
351 2487 380 2539 et
398 2484 495 2540 minus
508 2481 603 2554 facile
614 2484 750 2553 finitimis
766 2483 870 2540 bellum
885 2481 1000 2554 inferre
1012 2483 1156 2554 posseat;

213 2582 284 2638 qao
306 2582 352 2624 ex
367 2573 482 2639 porte
503 2568 637 2625 homines
655 2568 785 2626 bellandi
802 2567 907 2641 capidi
926 2580 1034 2638 macno
1050 2565 1157 2624 dolore

209 2650 432 2722 afficiebantur.
444 2644 685 2710 Insolentiorem
700 2645 845 2710 vocabuli
853 2653 956 2726 partis
967 2665 1059 2708 usum
1072 2642 1110 2706 N.
1122 2644 1158 2707 in

212 2727 285 2792 edit.
308 2731 380 2792 mai.
403 2752 433 2813 p.
456 2730 498 2792 50
520 2753 557 2814 sq
579 2779 587 2794 .
611 2731 764 2816 exemplis
785 2730 921 2816 probare
943 2729 1074 2812 studuit3
1100 2728 1157 2794 sed

212 2814 335 2876 etiams1
358 2753 665 2879 concedimuslatius
679 2825 787 2901 patere
802 2817 867 2880 vim
886 2813 970 2882 illius
992 2816 1089 2897 vocis,
1112 2816 1156 2878 ita

211 2907 246 2961 ut
267 2920 501 2983 nonnumquam
523 2923 574 2979 ‚ex
592 2900 697 2986 aliqua
717 2903 818 2985 parte‘
838 2900 1027 2985 respondeat
1047 2909 1156 2963 nostro

211 2984 255 3065 ,in
278 2984 365 3050 einer
393 2983 585 3068 Beziehung,
613 2985 645 3048 in
675 2986 763 3050 einer
784 2985 952 3066 Hinsicht‘
972 2983 1089 3070 ubique
1110 2993 1156 3047 ta-

211 3091 285 3132 men
306 3069 347 3133 ad
369 3068 555 3134 divisionem
577 3069 734 3156 quandam
754 3072 882 3156 respicit
904 3079 935 3134 et
956 3069 1083 3155 quidem
1104 3091 1154 3131 ra·
1250 3091 1251 3096 ¹

210 3155 339 3236 tionum,
368 3154 481 3239 quibus
508 3177 559 3218 res
588 3155 742 3241 quasdam
770 3156 905 3242 spectari
931 3163 986 3219 aut
1013 3155 1078 3218 vim
1100 3153 1155 3217 ali-

211 3260 306 3322 quam
328 3261 476 3302 exeroere
497 3249 608 3324 potest
651 3239 689 3302 In
711 3242 771 3304 hoc
792 3249 896 3304 autem
918 3239 1064 3304 Caesaris
1086 3238 1155 3303 loco

210 3331 331 3386 tannim
358 3323 457 3406 abest,
486 3333 521 3388 ut
546 3324 701 3389 vocabulo
726 3339 817 3406 parte
845 3325 884 3389 de
906 3325 1040 3388 diversis
1062 3325 1155 3388 ratio-

210 3405 304 3468 nibus
326 3431 389 3470 una
410 3409 564 3495 quaedam
587 3409 780 3493 exhibeatur,
804 3432 845 3474 ex
866 3432 928 3497 qua
948 3410 1056 3473 finium
1078 3407 1155 3473 Hel-
