2532 3968
67 317 69 328 ,
186 261 248 324 aa
291 260 352 323 nu
368 260 404 322 a.
422 259 546 324 cunc.
565 261 699 326 ocum.
715 259 794 324 vm
809 219 902 325 cnr.
918 235 969 323 54.
981 259 1033 324 55.
1123 329 1127 338 ,

186 432 280 496 dedit.
315 431 434 496 Caesar
448 440 563 513 tamen,
587 455 684 519 quum
698 431 738 496 de
759 430 920 515 uoluntate
935 427 1063 494 mininie
1086 421 1168 494 dul·

184 516 271 580 bium
295 526 378 580 esset
392 516 644 582 adversariorum
659 539 794 599 suorum,
818 517 968 602 Pompeio
984 515 1141 600 legionem

153 635 156 642 ·
185 603 305 666 remisit
335 612 367 690 et
395 624 451 666 suo
481 603 607 666 nomine
638 602 952 688 quintamdecimam,
984 609 1078 750 guam
1107 603 1142 663 in

186 686 291 752 Gallia
313 689 458 751 citeriore
487 685 655 768 habuerat,
689 711 729 751 ex
760 693 1032 754 senatusconsuto
1054 686 1143 751 iubet

185 773 278 836 tradi.
323 771 360 836 In
387 773 453 836 eius
479 771 585 836 locum
612 773 892 837 tertiamdecimam
920 770 1078 859 legionem
1108 771 1163 834 in'
1257 797 1258 804 ¹

186 857 313 920 ltaliam
340 859 447 938 mittit,
498 880 557 921 uae
584 857 744 943 praesidia
774 867 929 940 tueretur,
957 881 1000 946 ex
1021 855 1142 943 'quibus
1257 927 1258 942 ἶ

185 942 350 1027 praesidiis
378 881 611 1028 quintddecima
633 942 857 1008 deducebatur.
895 943 967 1028 Ipse
990 942 1143 1006 exercitui
1257 947 1258 992 i

186 1027 346 1092 distribuit
377 1027 526 1093 hiberna:
561 1027 597 1093 O.
626 1027 820 1094 Trebonium
840 1050 926 1104 cum
965 1026 1142 1114 legionibus

186 1121 332 1199 quattuor
354 1115 387 1177 in
401 1113 460 1176 Bel
483 1116 512 1178 io
536 1113 677 1195 collocat,
702 1113 737 1178 0.
760 1111 894 1178 Fabium
920 1125 991 1176 cum'
1011 1113 1142 1186 totidem
1161 1127 1163 1131 ·

187 1201 219 1260 in
242 1196 393 1263 Haeduos
408 1137 543 1263 dedgucit.
574 1197 628 1262 Sic
642 1201 727 1268 enim
742 1199 941 1263 existimabat
955 1199 1142 1286 tutissimam

185 1283 251 1347 fore
279 1281 431 1365 Galliam,
466 1285 494 1346 si
526 1282 662 1369 Belgae,
698 1307 831 1370 quorum
866 1285 1006 1348 maxima
1036 1284 1141 1362 virtus,

186 1367 320 1448 Haedui,
345 1391 478 1454 quorum
500 1373 669 1438 auctoritas
692 1391 815 1434 summa
836 1378 928 1450 esset,
952 1366 1143 1433 exercitibus

187 1455 429 1517 continerentur.
453 1453 525 1540 Ipse
547 1455 580 1519 in
604 1453 726 1518 Italiam
748 1451 907 1540 profectus
926 1463 987 1534 est.

252 1537 303 1601 55.
328 1539 399 1619 Quo
444 1561 520 1604 uum
547 1542 702 1621 venisset,
731 1541 892 1626 cognoscit
919 1542 978 1624 per
1000 1537 1036 1602 0.
1059 1537 1142 1602 Mar-

190 1623 305 1687 cellum
328 1562 489 1690 consulem
504 1624 645 1710 legiones
668 1625 746 1690 duas
769 1625 809 1689 ab
832 1646 867 1689 se
881 1619 1039 1704 remissas,
1083 1643 1143 1684 uae

188 1731 230 1771 ex
259 1710 530 1774 senatusconsulto
561 1709 716 1774 deberent
749 1709 799 1797 ad,
816 1709 997 1788 Parthicum
1013 1647 1145 1796 ,bellum

189 1792 278 1875 duci,
309 1793 367 1858 On.
391 1795 541 1881 Pompeio
564 1795 697 1859 traditas
721 1805 752 1859 at
774 1817 815 1860 ue
836 1798 870 1859 in
892 1795 984 1859 Italia
1005 1796 1144 1858 retentas

189 1901 270 1945 5555.
314 1879 386 1944 Hoc
407 1882 489 1945 facto
506 1882 694 1968 quamquam
709 1819 788 1945 nulli
810 1890 879 1964 crat
893 1879 1033 1961 dubium,
1057 1877 1144 1964 quid·

189 1987 262 2027 nam
278 1974 389 2030 contra
404 1965 575 2030 Caesarem
589 1976 761 2052 pararetur,
783 1975 889 2040 tamen
898 1957 1026 2046 Caesiii
1041 1965 1146 2029 omnia

191 2048 341 2134 patienda
364 2072 433 2116 esse
456 2054 580 2133 maurit,
612 2051 715 2138 quoad
737 2050 798 2115 sibi
828 2073 900 2135 spes
923 2051 1028 2136 aliqua
1049 2047 1144 2110 relin-

190 2137 434 2288 dbbrteetddtidle.
445 2137 538 2285 gotiu
572 2136 769 2223 disceptandi
793 2159 886 2222 quam
901 2134 976 2198 belli
1000 2131 1144 2220 gerundi.
