2534 3970
172 196 211 258 14
425 194 486 256 DE
507 191 650 256 BELLO
674 189 864 256 GALLICO

170 365 310 445 fecisset,
334 363 417 449 quod
439 385 458 426 a
478 363 664 446 magistratu
685 361 889 426 Haeduorum
911 369 1121 442 accusaretur,

171 452 245 513 satis
262 471 332 514 esse
348 470 462 514 causae
478 446 698 528 arbitrabatur,
722 469 818 532 quare
841 450 874 509 in
897 468 969 509 eum
985 455 1039 510 aut
1053 447 1123 530 ipse

171 534 445 615 animadverteret,
469 541 523 596 aut
545 534 705 595 civitatem
721 531 974 596 animadvertere
989 530 1121 594 iuberet.

171 619 230 683 His
246 619 390 682 omnibus
412 617 507 682 rebus
523 640 621 681 unum
643 639 677 682 re
700 615 848 701 ugnabat,
873 615 958 701 quod
972 615 1123 679 Divitiaci

170 705 273 768 fratris
289 726 445 768 summum
465 704 499 765 in
514 702 664 788 populum
678 640 854 765 itomanum
870 700 1016 782 studium,
1040 723 1121 764 sum·

170 811 254 854 mam
281 790 314 852 in
336 811 371 852 se
399 787 607 870 voluntatem,
639 788 797 872 egregiam
823 785 934 867 fidem,
963 787 1122 867 iustitiam,

170 867 411 974 'temperantiam
440 881 646 958 cognoverat:
679 895 767 952 nam,
802 893 843 934 ne
872 872 939 936 eius
969 871 1123 956 supplicio

170 959 321 1023 Divitiaci
336 961 474 1022 animum
489 957 670 1038 offenderet,
692 956 871 1020 verebatur.
900 955 1011 1042 Itaque
1026 957 1122 1040 priua,

171 1066 265 1129 quam
288 1042 457 1130 quidquam
479 1051 660 1124 conaretur,
683 1041 877 1105 Divitiacum
898 1041 938 1104 ad
960 1062 995 1104 se
1016 1042 1124 1105 vocari

169 1129 258 1193 iubet
290 1138 321 1192 et
377 1128 546 1192 uotidianis
577 1125 802 1212 interpretibus
835 1127 962 1190 remotis
995 1148 1053 1211 per
1086 1124 1123 1189 0.

169 1213 332 1288 Valerium
353 1152 540 1294 drocillum,
573 1213 749 1298 principem
776 1211 899 1276 Galliae
932 1213 1122 1296 provinciae,

170 1299 357 1362 familiarem
373 1320 474 1380 suum,
498 1298 549 1362 cui
571 1319 726 1360 summam
749 1299 888 1361 omniurn
902 1318 1007 1360 rerum
1028 1295 1124 1358 fidem

169 1384 323 1465 habebat,
353 1405 425 1448 cum
454 1405 492 1449 eo
519 1381 722 1468 colloquitur:
753 1381 846 1445 simul
875 1381 1123 1462 commonefacit,

170 1491 250 1554 quae
283 1470 352 1554 ipso
384 1477 552 1554 praesente
583 1469 618 1531 in
647 1467 780 1530 concilio
804 1465 966 1531 Gallorum
995 1466 1036 1529 de
1057 1464 1124 1529 Du-

169 1556 314 1638 mnorige
336 1554 399 1618 sint
420 1553 512 1636 dicta,
536 1561 568 1616 et
583 1552 728 1633 ostendit,
753 1573 834 1638 quae
850 1553 1017 1635 separatim
1041 1551 1125 1636 quis-

170 1661 230 1724 que
253 1639 293 1706 de
316 1660 353 1704 eo
376 1638 461 1723 apud
483 1660 518 1704 se
540 1638 665 1702 dixerit.
698 1636 781 1701 Petit
803 1645 896 1722 atque
919 1637 1068 1718 hortatur,
1090 1644 1127 1699 ut

169 1725 237 1788 sine
260 1725 327 1789 eius
350 1724 522 1804 offensione
545 1723 642 1787 animi
663 1721 715 1786 vel
736 1723 805 1807 ipse
828 1721 868 1785 de
890 1744 928 1786 eo
958 1741 1054 1785 causa
1075 1741 1125 1784 co·

168 1810 257 1894 gnita
280 1816 404 1890 statuat,
427 1807 480 1873 vel
501 1809 662 1873 civitatem
684 1807 822 1872 atemere
843 1805 959 1871 iubeat.

232 1895 284 1960 20.
324 1893 503 1958 Divitiacus
542 1892 648 1957 multis
682 1914 753 1956 cum
786 1892 922 1958 lacrimis
956 1889 1125 1955 Gaesarem

170 1978 354 2066 complexus
377 1977 548 2044 obsecrare
570 1979 685 2078 coepit,
707 1999 749 2041 ne
772 1977 848 2063 quid
862 1977 991 2062 gravius
1012 1978 1045 2038 in
1067 1977 1127 2040 fra·
1248 1991 1254 1998 ’

169 2073 251 2129 trem
280 2073 446 2128 statueret:
474 2062 564 2128 Scire
593 2085 628 2127 se
649 2061 705 2128 rlla
727 2084 797 2126 esse
819 2085 907 2144 vera,
934 2083 995 2126 nec
1020 2083 1127 2147 quem·

170 2171 264 2235 quam
286 2172 327 2214 ex
349 2171 387 2216 ec
409 2147 480 2234 plus
503 2170 598 2234 quam
621 2170 655 2212 se
677 2147 793 2213 doloris
815 2169 937 2232 capere,
959 2156 1128 2232 propterea

170 2235 269 2320 quod,
303 2257 400 2320 quum
426 2234 495 2318 ipse
524 2235 628 2318 gratia
658 2233 828 2320 plurimum
858 2232 942 2297 domi
971 2242 1066 2318 atque
1094 2232 1128 2294 in

168 2319 293 2405 ¹reliqua
315 2317 429 2399 Gallia,
453 2317 507 2384 ille
534 2319 698 2383 minimum
722 2327 853 2467 propter
881 2316 1128 2382 adolescentiam

168 2413 289 2489 posset,
325 2427 384 2490 per
411 2425 445 2466 se
475 2406 644 2488 crevisset3
669 2405 722 2490 qui
745 2425 783 2467 us
803 2403 924 2488 opibus
954 2425 992 2467 ac
1019 2402 1128 2466 nervis

168 2511 233 2555 non
260 2489 361 2554 solum
389 2489 431 2552 ad
456 2489 660 2554 minuendam
687 2490 837 2574 gratiam,
872 2488 929 2552 sed
955 2509 1057 2573 paene
1087 2485 1129 2549 ad

168 2575 342 2722 prerniciem
374 2595 463 2638 suam
495 2583 645 2638 uteretur.
696 2573 775 2638 Sese
812 2583 918 2637 tamen
951 2582 983 2637 et
1021 2593 1128 2636 amore

199 2667 308 2723 aterno
331 2667 362 2725 et
384 2660 618 2724 existimatione
639 2659 729 2745 vulgi
751 2659 953 2723 commoveri.
985 2655 1079 2737 Quod
1101 2656 1129 2720 si

170 2743 246 2830 quid
268 2745 298 2810 ei
319 2768 338 2810 a
358 2742 496 2808 Caesare
518 2746 646 2828 gravius
662 2744 838 2826 accidisset,
861 2765 958 2830 quum
972 2743 1041 2827 ipse
1056 2763 1129 2805 eum

169 2828 274 2894 locum
296 2831 452 2894 amicitiae
475 2829 560 2915 apud
582 2851 655 2893 eum
676 2838 807 2912 teneret,
837 2830 996 2892 neminem
1022 2827 1128 2891 existi-

168 2923 326 2979 matmum
347 2936 411 2979 non
434 2937 491 2978 sua
512 2914 674 2979 voluntate
696 2914 830 2996 factum,
854 2935 916 3000 qua
938 2935 979 2980 ex
997 2934 1033 2976 re
1048 2913 1129 2976 sutu-

168 3021 254 3082 rum,
287 3003 334 3065 uti
365 3002 459 3065 totius
494 2998 618 3063 Galliae
651 2993 748 3063 animi
781 3022 801 3063 a
833 3021 867 3063 se
900 3005 1128 3062 averterentur.

169 3083 259 3150 Haec
281 3108 378 3172 quum
422 3083 545 3148 luribus
567 3083 778 3170 verbisflflens
801 3107 820 3149 a
843 3082 981 3148 Caesare
995 3089 1128 3168 peteret,

171 3168 290 3234 Caesar
304 3171 372 3236 eius
411 3179 534 3236 extram
548 3169 691 3254 prendit;
715 3168 895 3234 consolatus
910 3177 1010 3254 rogat,
1032 3167 1130 3231 finem

170 3255 282 3320 orandi
296 3255 407 3338 faciat,
430 3256 510 3318 tanti
525 3255 592 3318 eius
604 3253 688 3340 apud
699 3275 734 3318 se
745 3255 878 3340 gratiam
888 3276 961 3319 esse
982 3251 1128 3333 ostendit,

169 3341 215 3404 uti
244 3351 276 3406 et
303 3339 499 3426 reipublicae
527 3339 674 3404 iniuriam
701 3348 733 3404 et
761 3361 853 3404 suum
886 3338 1027 3403 dolorem
1060 3337 1128 3402 eius

170 3426 326 3492 voluntati
347 3448 386 3490 ac
406 3423 555 3510 precibus
577 3425 743 3490 condonet.
776 3424 1008 3507 Dumnorigem
1030 3421 1072 3488 ad
1094 3441 1129 3486 se
