2538 3978
211 1112 455 1229 BELLUM
484 1113 966 1228 numantinum.

378 1423 792 1475 ARGUMENTUM.

106 1543 148 1610 [A.
166 1543 199 1596 U.
218 1543 246 1594 G.
259 1546 315 1594 706.
327 1543 395 1610 iol]
416 1543 490 1604 Quae
509 1543 542 1592 ad
560 1543 758 1608 expugnandam
766 1542 950 1593 Alexandriam
962 1541 1067 1606 Caesar,

141 1611 176 1662 ad
202 1612 389 1662 defendendam
420 1611 543 1678 Aegyptii
575 1611 731 1676 paraverint,
762 1617 923 1675 exponuntur
950 1628 970 1661 c.
992 1613 1066 1660 1-3.

140 1679 253 1732 Arsinoe
269 1681 404 1730 interemto
423 1680 527 1729 Achilla
545 1681 669 1729 exercitui
688 1680 862 1745 Ganymedem
879 1677 995 1744 praeficit
1007 1695 1028 1729 o.
1042 1681 1066 1730 4.

140 1747 193 1797 Hic
204 1748 341 1798 Caesarem
351 1765 420 1814 aqua
433 1749 621 1798 interclusurus
639 1750 703 1798 rotis
717 1756 743 1798 et
753 1749 878 1798 machinis
887 1764 1006 1813 magnam
1015 1749 1068 1797 vim

140 1832 225 1881 aquae
239 1833 271 1866 ex
281 1819 345 1866 mari
355 1819 474 1882 exprimit
483 1823 508 1866 et
517 1818 543 1866 in
552 1823 652 1882 partem
667 1817 740 1867 urbis
750 1817 783 1866 ab
794 1817 906 1866 Caesare
916 1821 1068 1880 occupatam

139 1887 172 1934 ad
189 1886 402 1950 corrumpendam
420 1885 521 1935 dulcem
539 1893 675 1951 puteorum
693 1902 786 1950 aquam
804 1886 928 1945 immittit;
956 1891 982 1934 at
1001 1884 1066 1933 Cae·

139 1968 183 2004 sar
200 1953 330 2004 fodiendis
348 1956 375 2003 in
393 1955 469 2006 litore
487 1955 573 2020 puteis
586 1953 726 2005 calamitati
743 1954 860 2004 medetur
870 1969 892 2004 o.
903 1955 977 2004 5-9.
995 1952 1065 2002 Rho-

139 2020 240 2070 diorum
257 2023 407 2072 fortitudine
433 2024 522 2087 reique
548 2023 650 2072 navalis
675 2024 834 2088 experientia
852 2023 948 2073 Caesar
965 2021 1065 2086 proelio

138 2089 227 2138 navali
245 2092 329 2140 victor
348 2091 451 2141 excedit
469 2108 490 2141 c.
512 2094 553 2145 10.
573 2094 613 2140 11.
640 2092 727 2142 Maior
753 2093 845 2142 classis
864 2091 897 2141 ab
916 2088 1066 2154 Ganymede

138 2165 301 2222 comparatur
319 2175 340 2209 o.
361 2162 401 2210 12.
422 2161 467 2221 133
494 2161 586 2210 iterum
612 2161 725 2210 vincitur
752 2161 914 2210 Rhodiorum
940 2159 1065 2223 imprimis

138 2226 233 2275 virtute
252 2243 273 2277 o.
294 2231 402 2279 14—17.
422 2229 510 2278 Minus
528 2245 653 2294 prospere
671 2245 713 2279 res
732 2231 811 2279 cessit
830 2229 936 2279 Caesari
953 2227 1066 2277 Pharum

137 2294 248 2344 insulam
275 2312 416 2362 aggresso;
444 2298 502 2362 ipse
528 2303 619 2348 natatu
644 2298 789 2362 periculum
812 2298 895 2348 evasit
913 2312 934 2346 o.
955 2297 1063 2346 18-21.

139 2361 197 2424 Quo
216 2363 368 2415 detrimento
388 2382 466 2430 quum
482 2366 605 2416 Romanis
618 2367 718 2416 animus
731 2382 783 2416 non
795 2367 984 2431 infringeretur,
1003 2363 1064 2413 Ale·

137 2433 257 2481 xandrini
274 2434 308 2483 ad
335 2434 474 2484 Caesarem
501 2435 533 2484 de
560 2450 623 2499 rege
650 2434 800 2485 dimittendo
827 2435 929 2500 legatos
955 2435 1064 2494 mittunt,

139 2499 297 2564 simulantes,
315 2519 346 2553 eo
365 2507 469 2568 recepto
488 2519 563 2553 omne
580 2503 790 2568 impedimentum
802 2503 931 2554 sublatum
942 2503 982 2563 iri,
1001 2517 1065 2565 quo·

137 2569 221 2619 minus
255 2570 361 2622 Caesari
394 2587 422 2622 se
450 2571 575 2622 dederent
601 2587 622 2622 o.
651 2574 692 2622 22.
719 2574 760 2622 23.
797 2573 897 2632 Quibus
929 2570 1064 2636 promissis

138 2637 238 2689 &amsi
254 2638 331 2689 fidem
350 2639 448 2690 Caesar
465 2655 518 2690 non
534 2641 649 2702 haberet,
668 2657 806 2706 regemque
819 2641 952 2690 dimissum
963 2639 1063 2688 hostem

137 2703 252 2756 futurum
269 2723 327 2758 esse
344 2709 517 2772 praevideret,
540 2716 705 2760 tamencum
724 2709 834 2772 dimittit,
853 2709 952 2758 bellum
972 2712 1062 2756 contra

137 2787 224 2840 regem
241 2775 375 2828 honestius
393 2779 542 2828 existimans
561 2795 638 2842 quam
656 2784 746 2828 contra
763 2794 937 2828 convenarum
954 2792 985 2825 ac
997 2774 1064 2839 fugi·

135 2843 249 2892 tivorum
266 2861 369 2896 manum
387 2861 408 2898 o.
426 2848 468 2896 24.
504 2846 696 2897 Alexandrinos
721 2845 907 2905 commeatibus
925 2844 1062 2894 insidiatos

137 2915 287 2976 aggressus,
314 2914 502 2978 quadriremem
518 2915 648 2966 Rhodiam
665 2916 758 2966 amittit
776 2933 797 2966 c.
817 2917 858 2968 25.
885 2915 941 2964 Iam
963 2911 1063 2962 Mithri·

137 2977 210 3030 dates
220 2981 394 3046 Pergamenus
407 2983 524 3035 collectis
533 2986 560 3032 in
571 2983 647 3048 Syria
656 2983 800 3050 Ciliciaque
809 2983 913 3034 auxiliis
923 2981 958 3032 ad
968 2981 1063 3031 Caesa·

137 3061 189 3096 rem
209 3051 347 3111 contendit,
366 3052 499 3102 Pelusium
518 3068 550 3102 ex
565 3053 659 3102 itinere
676 3054 776 3118 recipit,
805 3052 997 3102 Alexandrinos
1014 3050 1064 3098 iter

137 3113 323 3183 intercepturos
341 3119 415 3185 fugat
433 3135 453 3170 o.
468 3123 508 3170 26.
523 3122 564 3170 27.
583 3119 743 3172 Coniunctus
754 3137 812 3172 oum
821 3137 852 3171 eo
866 3121 964 3170 Caesar
977 3123 1063 3170 castra

138 3186 206 3249 ragis
225 3187 257 3236 ad
276 3187 363 3238 Nilum
380 3189 468 3253 posita
486 3194 626 3255 expugnat,
645 3218 676 3226 -·
695 3206 741 3239 rex
758 3191 815 3255 ipsc
833 3189 936 3255 fugiens
958 3187 1064 3238 flumine

137 3255 260 3318 mergitur
277 3271 298 3308 c.
317 3258 427 3309 28-31.
455 3258 552 3308 Caesar
570 3259 654 3308 victor
670 3257 856 3310 Alexandriam
878 3259 1022 3324 ingreditur
1039 3273 1062 3309 o.

138 3321 177 3382 32,
196 3322 350 3388 Cleopatrae
368 3342 400 3375 ex
418 3326 562 3376 Ptolemaei
578 3331 731 3377 testamento
758 3343 866 3392 regnum
883 3327 962 3376 tradit
979 3342 1000 3376 o.
1020 3328 1062 3377 33.

139 3387 240 3440 Interea
257 3393 387 3444 Domitius
406 3394 530 3445 Calvinus
549 3411 640 3458 parum
656 3395 766 3445 feliciter
783 3396 881 3446 bellum
901 3395 1064 3446 administra·

138 3458 181 3507 bat
197 3460 224 3508 in
242 3460 325 3510 Ponto
345 3467 435 3512 contra
451 3463 620 3524 Pharnacem,
647 3465 692 3528 qui
717 3463 866 3514 Armeniam
891 3465 1017 3514 minorem
1036 3469 1062 3514 et

137 3525 335 3593 Cappadociam,
362 3531 482 3581 Deiotari
509 3537 534 3582 et
560 3531 746 3582 Ariobarzanis
769 3548 859 3596 regna,
886 3537 1063 3597 occupaverat
