2562 3966
403 223 539 290 OOMM.
561 224 592 288 V
614 224 707 291 CAP.
729 224 866 288 ‹ta-48.
1053 226 1109 288 111

221 397 273 462 46.
297 396 417 463 Caesar
445 417 520 460 acce
543 396 583 459 tis
613 395 725 460 litteris
747 397 826 460 hora
847 397 971 463 circiter
991 404 1028 460 xl
1051 396 1115 460 diei

156 485 263 548 statim
284 485 428 546 nuntium
449 482 483 544 in
503 418 691 546 Bbllovaoos
714 481 756 546 ad
775 481 819 546 M.
843 480 994 546 Crassum
1016 503 1115 568 quae·

98 634 101 640 ,
156 578 277 634 ctorem
303 569 412 644 mittit,
446 568 534 630 cuius
562 565 695 630 hiberna
724 566 856 633 aberant
885 566 924 632 ab
958 589 996 632 eo
1028 565 1116 630 milia

156 675 309 740 passuum
330 660 425 725 XXV;
447 651 535 716 iubet
556 651 662 716 media
678 663 770 716 nocte
785 651 943 737 legionem
958 652 1116 737 proticisci

157 739 367 824 celeriterque
388 737 429 800 ad
458 759 492 802 se
514 738 633 801 venire.
684 737 761 800 Exit
786 759 859 800 cum
884 740 994 802 nuntio
1024 735 1116 808 Cras·

157 847 223 887 sus.
267 823 412 887 Alterum
434 823 476 886 ad
502 822 619 887 Gaium
639 821 775 886 Fabium
796 821 934 907 legatum
957 824 1058 902 mittit,
1081 831 1117 886 ut

158 911 192 972 in
213 908 412 972 Atrebatium
432 909 512 972 fines
542 907 697 991 legionem
721 907 866 990 adducat,
889 931 952 992 qua
974 907 1035 972 sibi
1055 908 1116 972 iter

158 994 337 1058 faciendum
367 993 496 1057 sciebat
551 992 669 1057 Scribit
697 992 848 1074 Labieno,
872 995 900 1056 si
920 991 1116 1079 reipublicae

158 1080 324 1143 commodo
351 1079 456 1144 facere
507 1088 600 1160 osset,
631 1101 701 1142 oum
728 1077 853 1161 legione
877 1078 918 1143 ad
939 1079 1018 1142 lines
1039 1077 1117 1142 Ner-

158 1167 282 1230 viorum
309 1167 426 1229 veniat
523 1163 639 1249 liquam
669 1172 793 1250 partem
827 1165 1014 1245 exercitus„
1053 1162 1118 1228 uod

158 1251 254 1336 paulo
288 1250 399 1314 aberat
418 1288 422 1294 ι
441 1249 586 1334 longius,
622 1271 686 1314 non
725 1258 814 1333 putat
856 1271 974 1334 exspec
1051 1271 1117 1330 am3

159 1338 282 1484 cqppites
311 1336 435 1400 circiter
458 1334 702 1421 quadringentos
725 1355 765 1398 ex
793 1336 944 1419 proximis
978 1334 1118 1401 hibernis

160 1443 198 1486 co
223 1423 233 1483 i
258 1423 289 1484 't

224 1445 275 1569 ᾖ.
306 1506 396 1569 Hora
430 1506 554 1570 circiter
585 1505 676 1569 tertia
711 1505 751 1569 ab
785 1504 1041 1571 antecursoribus
1079 1503 1118 1569 de

160 1588 270 1656 Crassi
291 1591 430 1654 adventu
452 1593 567 1654 certior
593 1590 693 1654 factus
722 1613 759 1656 eo
787 1589 838 1654 die
861 1590 947 1654 milia
968 1612 1119 1676 passuum

160 1685 214 1739 XX
234 1676 386 1762 procedit.
432 1674 583 1740 Crassum
605 1674 849 1740 Samarobrivae
863 1675 1008 1760 praeficit
1021 1675 1118 1760 legio·

161 1785 233 1827 nem
256 1784 296 1826 ue
325 1761 485 1843 attribuit,
519 1760 603 1847 quod
629 1760 675 1824 ibi
695 1762 739 1824 im
762 1761 921 1825 edimcnta
948 1762 1118 1840 exercitus,

161 1785 288 1912 obsiles
326 1849 502 1928 civitatum,
540 1845 661 1910 litteras
695 1783 840 1931 publicas
867 1847 1121 1932 frumentumque

162 1955 264 2014 omne,
309 1932 373 1996 uod
399 1953 436 1995 eo
463 1931 646 1996 tolerandae
673 1931 786 1995 hiemis
813 1953 910 1995 causa
939 1931 1119 2012 devexerat,

161 2018 304 2103 relinque
328 2028 369 2081 at.
418 2017 552 2098 Fabius,
589 2027 624 2081 ut
650 2017 842 2102 imperatum
871 2026 955 2099 erat,
984 2039 1049 2082 non
1076 2019 1122 2080 ita

161 2103 294 2167 multum
315 2113 454 2168 moratus
476 2105 509 2165 in
531 2105 643 2168 itinere
659 2124 731 2166 cum
746 2100 871 2188 legione
886 2104 1032 2168 occurrit.
1061 2103 1121 2166 La-

162 2189 275 2253 bienus
301 2190 431 2253 interitu
457 2186 567 2252 Sabini
594 2197 625 2251 et
658 2187 755 2252 caede
784 2188 959 2252 cohortium
987 2191 1121 2273 cognita,

163 2295 260 2361 quum
282 2295 390 2339 omnes
413 2273 455 2336 ad
484 2295 556 2338 eum
584 2273 796 2339 Treverorum
818 2277 928 2358 copiae
950 2275 1120 2352 venissent,

163 2361 290 2440 veritus,
322 2361 350 2423 si
379 2381 420 2422 ex
447 2358 587 2424 hibernis
613 2359 708 2444 iirgae
736 2357 870 2423 similem
896 2359 1122 2444 profectionem

150 2445 300 2526 iecisset,
323 2454 358 2506 ut
383 2443 520 2508 hostium
542 2447 694 2530 impetum
716 2446 871 2508 sustinere
893 2453 1010 2528 posset,
1033 2465 1122 2530 prae·

165 2532 274 2595 sertim
307 2551 386 2616 quos
414 2532 535 2594 recenti
563 2531 695 2595 victoria
724 2530 829 2595 efferri
858 2531 969 2612 sciret,
1003 2528 1123 2594 litteras

164 2615 298 2680 Caesari
317 2617 465 2697 remittit,
494 2625 611 2702 quanto
641 2637 713 2678 cum
739 2615 880 2701 periculo
902 2614 1059 2700 legionem
1082 2637 1123 2679 ex

165 2701 303 2766 bibernis
326 2701 499 2766 eductmus
520 2711 613 2783 esset,
635 2722 704 2764 rem
726 2711 849 2785 gestam
870 2702 904 2764 in
921 2699 1124 2766 Eburonibus

188 2784 342 2868 erscribit,
366 2784 458 2850 docet
480 2808 589 2852 omnes
611 2788 767 2872 equitatus
782 2785 1002 2872 peditatusque
1017 2786 1124 2872 copias
1207 2824 1211 2832 ·

165 2809 378 3019 l'revetqicrum
399 2873 461 2934 tria
481 2871 570 2936 milia
591 2893 742 2957 passuum
764 2871 859 2957 longe
875 2871 915 2934 ab
932 2872 996 2936 suis
1012 2876 1125 2936 castris

166 2978 261 3020 conse
296 2977 356 3018 sse.

228 3041 281 3105 48.
311 3040 432 3104 Caesar
460 3041 591 3107 consilio
618 3043 686 3109 eius
718 3041 951 3127 probatu-etsi
978 3043 1125 3127 opinione

166 3129 261 3191 trium
289 3124 449 3211 legionum
477 3126 618 3193 deiectus
648 3125 690 3190 ad
725 3127 803 3192 duas
836 3126 989 3208 redierat,
1019 3139 1126 3190 tamen

168 3235 265 3277 unum
287 3212 462 3276 communis
484 3211 595 3276 salutis
617 3211 771 3278 auxilium
792 3214 825 3276 in
847 3212 1009 3275 celeritate
1031 3233 1126 3296 pone·

168 3298 231 3362 bat.
282 3295 378 3360 Venit
407 3301 530 3382 magnis
558 3297 723 3363 itineribus
751 3298 785 3360 in
812 3297 999 3362 Nerviorum
1036 3297 1126 3361 lines.

170 3382 218 3446 lbi
241 3403 282 3446 ex
304 3381 435 3466 captivis
458 3386 628 3470 cognoscit,
652 3405 733 3471 quae
758 3381 843 3469 apud
865 3380 1051 3446 Ciceronem
1074 3404 1126 3466 ge

171 3475 290 3548 renum,
313 3478 491 3554 quantoque
512 3470 545 3533 in
567 3469 708 3556 periculo
730 3467 782 3533 r'cs
804 3469 854 3532 sit
899 3466 981 3530 Turn
1003 3467 1126 3531 emilam
