<?xml version="1.0" encoding="UTF-8"?>
<!DOCTYPE html PUBLIC "-//W3C//DTD XHTML 1.0 Transitional//EN"
    "http://www.w3.org/TR/xhtml1/DTD/xhtml1-transitional.dtd">
<html xmlns="http://www.w3.org/1999/xhtml" xml:lang="en" lang="en">
 <head>
  <title>
</title>
<meta http-equiv="Content-Type" content="text/html;charset=utf-8" />
  <meta name='ocr-system' content='tesseract 3.04.00' />
  <meta name='ocr-capabilities' content='ocr_page ocr_carea ocr_par ocr_line ocrx_word'/>
</head>
<body>
  <div class='ocr_page' id='page_1' title='image "./ciuliicaesarisc01hirtgoog_0206.png"; bbox 0 0 2532 3968; ppageno 0'>
   <div class='ocr_carea' id='block_1_1' title="bbox 371 183 1092 252">
    <p class='ocr_par' dir='ltr' id='par_1_1' title="bbox 371 183 1092 252">
     <span class='ocr_line' id='line_1_1' title="bbox 371 183 1092 252; baseline -0.008 0"><span class='ocrx_word' id='word_1_1' title='bbox 371 187 505 252; x_wconf 77' lang='lat' dir='ltr'>OOMM</span> <span class='ocrx_word' id='word_1_2' title='bbox 527 187 589 252; x_wconf 87' lang='lat' dir='ltr'><strong>VH</strong></span> <span class='ocrx_word' id='word_1_3' title='bbox 613 185 705 252; x_wconf 81' lang='lat' dir='ltr'><strong>OAP.</strong></span> <span class='ocrx_word' id='word_1_4' title='bbox 729 184 863 248; x_wconf 77' lang='lat'>82-87.</span> <span class='ocrx_word' id='word_1_5' title='bbox 1007 244 1008 248; x_wconf 75' lang='grc'>,</span> <span class='ocrx_word' id='word_1_6' title='bbox 1037 183 1092 248; x_wconf 77' lang='lat'><strong>187</strong></span> 
     </span>
    </p>
   </div>
   <div class='ocr_carea' id='block_1_2' title="bbox 67 355 1133 3512">
    <p class='ocr_par' dir='ltr' id='par_1_2' title="bbox 137 355 1095 502">
     <span class='ocr_line' id='line_1_2' title="bbox 137 355 1095 502; baseline -0.004 -80"><span class='ocrx_word' id='word_1_7' title='bbox 137 355 272 422; x_wconf 87' lang='lat' dir='ltr'><strong>Multum</strong></span> <span class='ocrx_word' id='word_1_8' title='bbox 295 357 337 421; x_wconf 84' lang='lat' dir='ltr'><strong>ad</strong></span> <span class='ocrx_word' id='word_1_9' title='bbox 358 358 522 424; x_wconf 89' lang='lat' dir='ltr'><strong>terrendos</strong></span> <span class='ocrx_word' id='word_1_10' title='bbox 543 366 668 421; x_wconf 88' lang='lat' dir='ltr'><strong>nostros</strong></span> <span class='ocrx_word' id='word_1_11' title='bbox 690 355 776 422; x_wconf 84' lang='lat' dir='ltr'><strong>valet</strong></span> <span class='ocrx_word' id='word_1_12' title='bbox 798 356 925 437; x_wconf 88' lang='lat' dir='ltr'><strong>clamor,</strong></span> <span class='ocrx_word' id='word_1_13' title='bbox 949 355 1003 442; x_wconf 90' lang='lat' dir='ltr'><strong>qui</strong></span> <span class='ocrx_word' id='word_1_14' title='bbox 1024 363 1095 502; x_wconf 83' lang='lat' dir='ltr'><strong>post</strong></span> 
     </span>
    </p>

    <p class='ocr_par' dir='ltr' id='par_1_3' title="bbox 67 441 1095 1979">
     <span class='ocr_line' id='line_1_3' title="bbox 138 441 1094 529; baseline -0.003 -23"><span class='ocrx_word' id='word_1_15' title='bbox 138 452 263 527; x_wconf 89' lang='lat' dir='ltr'><strong>tergum</strong></span> <span class='ocrx_word' id='word_1_16' title='bbox 290 443 504 527; x_wconf 77' lang='lat' dir='ltr'><strong>pugnantibus</strong></span> <span class='ocrx_word' id='word_1_17' title='bbox 528 443 658 525; x_wconf 82' lang='lat' dir='ltr'><strong>exstitit,</strong></span> <span class='ocrx_word' id='word_1_18' title='bbox 693 444 777 529; x_wconf 94' lang='lat' dir='ltr'><strong>quod</strong></span> <span class='ocrx_word' id='word_1_19' title='bbox 804 463 895 506; x_wconf 88' lang='lat' dir='ltr'><strong>suum</strong></span> <span class='ocrx_word' id='word_1_20' title='bbox 919 441 1028 526; x_wconf 88' lang='lat' dir='ltr'><strong>pericu</strong></span> <span class='ocrx_word' id='word_1_21' title='bbox 1041 463 1094 504; x_wconf 91' lang='lat' dir='ltr'><strong>um</strong></span> 
     </span>
     <span class='ocr_line' id='line_1_4' title="bbox 137 525 1094 611; baseline -0.002 -19"><span class='ocrx_word' id='word_1_22' title='bbox 137 529 171 592; x_wconf 93' lang='lat' dir='ltr'><strong>in</strong></span> <span class='ocrx_word' id='word_1_23' title='bbox 200 527 305 592; x_wconf 87' lang='lat' dir='ltr'><strong>aliena</strong></span> <span class='ocrx_word' id='word_1_24' title='bbox 332 526 441 592; x_wconf 86' lang='lat' dir='ltr'><strong>vident</strong></span> <span class='ocrx_word' id='word_1_25' title='bbox 471 527 571 592; x_wconf 90' lang='lat' dir='ltr'><strong>salute</strong></span> <span class='ocrx_word' id='word_1_26' title='bbox 597 537 757 592; x_wconf 79' lang='lat' dir='ltr'><strong>constare:</strong></span> <span class='ocrx_word' id='word_1_27' title='bbox 791 528 895 592; x_wconf 89' lang='lat' dir='ltr'><strong>omnia</strong></span> <span class='ocrx_word' id='word_1_28' title='bbox 916 527 1002 590; x_wconf 92' lang='lat' dir='ltr'><strong>enim</strong></span> <span class='ocrx_word' id='word_1_29' title='bbox 1028 525 1094 611; x_wconf 89' lang='lat' dir='ltr'><strong>ple-</strong></span> 
     </span>
     <span class='ocr_line' id='line_1_5' title="bbox 137 612 1094 762; baseline -0.001 -86"><span class='ocrx_word' id='word_1_30' title='bbox 137 634 279 762; x_wconf 57' lang='lat' dir='ltr'><strong>rumqug,</strong></span> <span class='ocrx_word' id='word_1_31' title='bbox 303 635 383 699; x_wconf 88' lang='lat' dir='ltr'><strong>quae</strong></span> <span class='ocrx_word' id='word_1_32' title='bbox 405 613 528 696; x_wconf 89' lang='lat' dir='ltr'><strong>absunt,</strong></span> <span class='ocrx_word' id='word_1_33' title='bbox 551 613 767 679; x_wconf 85' lang='lat' dir='ltr'><strong>vehementius</strong></span> <span class='ocrx_word' id='word_1_34' title='bbox 789 612 958 677; x_wconf 90' lang='lat' dir='ltr'><strong>hominum</strong></span> <span class='ocrx_word' id='word_1_35' title='bbox 972 617 1094 676; x_wconf 84' lang='lat' dir='ltr'><strong>mentes</strong></span> 
     </span>
     <span class='ocr_line' id='line_1_6' title="bbox 161 706 761 765; baseline 0.005 -3"><span class='ocrx_word' id='word_1_36' title='bbox 161 706 246 762; x_wconf 86' lang='lat' dir='ltr'><strong>ertur</strong></span> <span class='ocrx_word' id='word_1_37' title='bbox 269 708 332 762; x_wconf 87' lang='lat' dir='ltr'><strong>ant.</strong></span> <span class='ocrx_word' id='word_1_38' title='bbox 760 756 761 765; x_wconf 69' lang='grc'>,</span> 
     </span>
     <span class='ocr_line' id='line_1_7' title="bbox 138 719 1093 868; baseline 0.002 -22"><span class='ocrx_word' id='word_1_39' title='bbox 138 719 158 783; x_wconf 77' lang='lat' dir='ltr'>p</span> <span class='ocrx_word' id='word_1_40' title='bbox 202 781 256 846; x_wconf 77' lang='lat'><strong>85:</strong></span> <span class='ocrx_word' id='word_1_41' title='bbox 277 783 396 848; x_wconf 81' lang='lat' dir='ltr'><strong>Caesar</strong></span> <span class='ocrx_word' id='word_1_42' title='bbox 417 784 565 849; x_wconf 90' lang='lat' dir='ltr'><strong>idoneum</strong></span> <span class='ocrx_word' id='word_1_43' title='bbox 587 784 691 851; x_wconf 87' lang='lat' dir='ltr'><strong>locum</strong></span> <span class='ocrx_word' id='word_1_44' title='bbox 712 793 838 864; x_wconf 89' lang='lat' dir='ltr'><strong>nactus,</strong></span> <span class='ocrx_word' id='word_1_45' title='bbox 870 782 946 868; x_wconf 86' lang='lat' dir='ltr'><strong>quid</strong></span> <span class='ocrx_word' id='word_1_46' title='bbox 969 803 1093 868; x_wconf 87' lang='lat' dir='ltr'><strong>quaque</strong></span> 
     </span>
     <span class='ocr_line' id='line_1_8' title="bbox 138 867 1093 954; baseline 0.002 -23"><span class='ocrx_word' id='word_1_47' title='bbox 138 877 291 953; x_wconf 88' lang='lat' dir='ltr'><strong>exparte</strong></span> <span class='ocrx_word' id='word_1_48' title='bbox 314 878 458 954; x_wconf 79' lang='lat' dir='ltr'>geratur,</span> <span class='ocrx_word' id='word_1_49' title='bbox 483 872 659 954; x_wconf 72' lang='lat' dir='ltr'><strong>cognoscit,</strong></span> <span class='ocrx_word' id='word_1_50' title='bbox 689 867 906 933; x_wconf 81' lang='lat' dir='ltr'><strong>laborantibus</strong></span> <span class='ocrx_word' id='word_1_51' title='bbox 929 867 1093 933; x_wconf 78' lang='lat' dir='ltr'><strong>submittit.</strong></span> 
     </span>
     <span class='ocr_line' id='line_1_9' title="bbox 137 951 1093 1038; baseline -0.002 -21"><span class='ocrx_word' id='word_1_52' title='bbox 137 951 288 1038; x_wconf 85' lang='lat' dir='ltr'><strong>Utrisque</strong></span> <span class='ocrx_word' id='word_1_53' title='bbox 307 954 348 1018; x_wconf 88' lang='lat' dir='ltr'><strong>ad</strong></span> <span class='ocrx_word' id='word_1_54' title='bbox 363 957 501 1018; x_wconf 87' lang='lat' dir='ltr'><strong>animum</strong></span> <span class='ocrx_word' id='word_1_55' title='bbox 518 955 654 1019; x_wconf 89' lang='lat' dir='ltr'><strong>occurrit</strong></span> <span class='ocrx_word' id='word_1_56' title='bbox 667 977 765 1018; x_wconf 88' lang='lat' dir='ltr'><strong>unum</strong></span> <span class='ocrx_word' id='word_1_57' title='bbox 781 976 850 1018; x_wconf 90' lang='lat' dir='ltr'><strong>esse</strong></span> <span class='ocrx_word' id='word_1_58' title='bbox 864 953 945 1017; x_wconf 92' lang='lat' dir='ltr'><strong>illud</strong></span> <span class='ocrx_word' id='word_1_59' title='bbox 958 962 1093 1038; x_wconf 89' lang='lat' dir='ltr'><strong>tempus,</strong></span> 
     </span>
     <span class='ocr_line' id='line_1_10' title="bbox 67 1035 1095 1124; baseline 0.001 -23"><span class='ocrx_word' id='word_1_60' title='bbox 67 1035 83 1059; x_wconf 68' lang='lat'>⁵</span> <span class='ocrx_word' id='word_1_61' title='bbox 138 1060 199 1124; x_wconf 87' lang='lat' dir='ltr'><strong>quo</strong></span> <span class='ocrx_word' id='word_1_62' title='bbox 222 1041 359 1104; x_wconf 83' lang='lat' dir='ltr'><strong>maxime</strong></span> <span class='ocrx_word' id='word_1_63' title='bbox 382 1039 529 1104; x_wconf 86' lang='lat' dir='ltr'><strong>contendi</strong></span> <span class='ocrx_word' id='word_1_64' title='bbox 551 1041 732 1104; x_wconf 85' lang='lat' dir='ltr'><strong>conveniat:</strong></span> <span class='ocrx_word' id='word_1_65' title='bbox 762 1038 860 1122; x_wconf 80' lang='lat' dir='ltr'><strong>Galli,</strong></span> <span class='ocrx_word' id='word_1_66' title='bbox 889 1039 951 1102; x_wconf 89' lang='lat' dir='ltr'><strong>nisi</strong></span> <span class='ocrx_word' id='word_1_67' title='bbox 977 1039 1095 1123; x_wconf 72' lang='lat' dir='ltr'><strong>perire·</strong></span> 
     </span>
     <span class='ocr_line' id='line_1_11' title="bbox 137 1124 1093 1209; baseline 0 -23"><span class='ocrx_word' id='word_1_68' title='bbox 137 1124 241 1209; x_wconf 89' lang='lat' dir='ltr'><strong>gerint</strong></span> <span class='ocrx_word' id='word_1_69' title='bbox 251 1126 450 1208; x_wconf 79' lang='lat' dir='ltr'><strong>munitiones,</strong></span> <span class='ocrx_word' id='word_1_70' title='bbox 474 1125 513 1189; x_wconf 92' lang='lat' dir='ltr'><strong>de</strong></span> <span class='ocrx_word' id='word_1_71' title='bbox 529 1127 615 1190; x_wconf 87' lang='lat' dir='ltr'><strong>omni</strong></span> <span class='ocrx_word' id='word_1_72' title='bbox 630 1125 732 1188; x_wconf 88' lang='lat' dir='ltr'><strong>salute</strong></span> <span class='ocrx_word' id='word_1_73' title='bbox 744 1125 927 1209; x_wconf 79' lang='lat' dir='ltr'><strong>desperant3</strong></span> <span class='ocrx_word' id='word_1_74' title='bbox 949 1124 1093 1202; x_wconf 85' lang='lat' dir='ltr'><strong>Romani,</strong></span> 
     </span>
     <span class='ocr_line' id='line_1_12' title="bbox 138 1209 1094 1298; baseline 0 -26"><span class='ocrx_word' id='word_1_75' title='bbox 138 1209 166 1272; x_wconf 90' lang='lat' dir='ltr'><strong>si</strong></span> <span class='ocrx_word' id='word_1_76' title='bbox 179 1223 247 1272; x_wconf 87' lang='lat' dir='ltr'><strong>rem</strong></span> <span class='ocrx_word' id='word_1_77' title='bbox 261 1209 462 1294; x_wconf 80' lang='lat' dir='ltr'><strong>obtinuerint,</strong></span> <span class='ocrx_word' id='word_1_78' title='bbox 482 1210 579 1275; x_wconf 88' lang='lat' dir='ltr'><strong>finem</strong></span> <span class='ocrx_word' id='word_1_79' title='bbox 594 1210 737 1275; x_wconf 88' lang='lat' dir='ltr'><strong>laborum</strong></span> <span class='ocrx_word' id='word_1_80' title='bbox 750 1211 888 1274; x_wconf 91' lang='lat' dir='ltr'><strong>omnium</strong></span> <span class='ocrx_word' id='word_1_81' title='bbox 900 1217 1094 1298; x_wconf 83' lang='lat' dir='ltr'><strong>exspectant.</strong></span> 
     </span>
     <span class='ocr_line' id='line_1_13' title="bbox 137 1293 1095 1381; baseline 0.004 -25"><span class='ocrx_word' id='word_1_82' title='bbox 137 1293 276 1358; x_wconf 86' lang='lat' dir='ltr'><strong>Maxime</strong></span> <span class='ocrx_word' id='word_1_83' title='bbox 291 1295 332 1358; x_wconf 87' lang='lat' dir='ltr'><strong>ad</strong></span> <span class='ocrx_word' id='word_1_84' title='bbox 347 1299 525 1381; x_wconf 80' lang='lat' dir='ltr'><strong>superiores</strong></span> <span class='ocrx_word' id='word_1_85' title='bbox 540 1297 729 1372; x_wconf 84' lang='lat' dir='ltr'><strong>munitiones</strong></span> <span class='ocrx_word' id='word_1_86' title='bbox 747 1295 916 1377; x_wconf 87' lang='lat' dir='ltr'><strong>laboratur,</strong></span> <span class='ocrx_word' id='word_1_87' title='bbox 940 1318 1001 1380; x_wconf 92' lang='lat' dir='ltr'><strong>quo</strong></span> <span class='ocrx_word' id='word_1_88' title='bbox 1016 1293 1095 1360; x_wconf 86' lang='lat' dir='ltr'><strong>Ver·</strong></span> 
     </span>
     <span class='ocr_line' id='line_1_14' title="bbox 138 1379 1095 1466; baseline 0.001 -23"><span class='ocrx_word' id='word_1_89' title='bbox 138 1379 401 1444; x_wconf 85' lang='lat' dir='ltr'><strong>cassivellaunum</strong></span> <span class='ocrx_word' id='word_1_90' title='bbox 412 1383 542 1445; x_wconf 86' lang='lat' dir='ltr'><strong>missum</strong></span> <span class='ocrx_word' id='word_1_91' title='bbox 555 1382 848 1447; x_wconf 86' lang='lat' dir='ltr'><strong>demonstravimus.</strong></span> <span class='ocrx_word' id='word_1_92' title='bbox 871 1381 1018 1466; x_wconf 77' lang='lat' dir='ltr'><strong>iniquum</strong></span> <span class='ocrx_word' id='word_1_93' title='bbox 1033 1380 1095 1446; x_wconf 90' lang='lat' dir='ltr'><strong>loci</strong></span> 
     </span>
     <span class='ocr_line' id='line_1_15' title="bbox 137 1464 1094 1552; baseline 0.004 -26"><span class='ocrx_word' id='word_1_94' title='bbox 137 1464 179 1526; x_wconf 86' lang='lat' dir='ltr'><strong>ad</strong></span> <span class='ocrx_word' id='word_1_95' title='bbox 200 1465 414 1530; x_wconf 79' lang='lat' dir='ltr'><strong>declivitatem</strong></span> <span class='ocrx_word' id='word_1_96' title='bbox 427 1467 587 1552; x_wconf 86' lang='lat' dir='ltr'><strong>fastigium</strong></span> <span class='ocrx_word' id='word_1_97' title='bbox 609 1489 759 1552; x_wconf 88' lang='lat' dir='ltr'><strong>magnum</strong></span> <span class='ocrx_word' id='word_1_98' title='bbox 781 1467 877 1530; x_wconf 87' lang='lat' dir='ltr'><strong>habet</strong></span> <span class='ocrx_word' id='word_1_99' title='bbox 891 1474 1094 1534; x_wconf 84' lang='lat' dir='ltr'><strong>momentum.</strong></span> 
     </span>
     <span class='ocr_line' id='line_1_16' title="bbox 136 1547 1094 1634; baseline 0.005 -23"><span class='ocrx_word' id='word_1_100' title='bbox 136 1547 203 1612; x_wconf 89' lang='lat' dir='ltr'><strong>Alii</strong></span> <span class='ocrx_word' id='word_1_101' title='bbox 224 1549 289 1613; x_wconf 91' lang='lat' dir='ltr'><strong>tela</strong></span> <span class='ocrx_word' id='word_1_102' title='bbox 310 1553 488 1632; x_wconf 87' lang='lat' dir='ltr'><strong>coniiciunt,</strong></span> <span class='ocrx_word' id='word_1_103' title='bbox 513 1551 567 1615; x_wconf 88' lang='lat' dir='ltr'><strong>alii</strong></span> <span class='ocrx_word' id='word_1_104' title='bbox 588 1551 746 1618; x_wconf 87' lang='lat' dir='ltr'><strong>testudine</strong></span> <span class='ocrx_word' id='word_1_105' title='bbox 768 1553 851 1616; x_wconf 86' lang='lat' dir='ltr'><strong>facta</strong></span> <span class='ocrx_word' id='word_1_106' title='bbox 870 1551 1019 1634; x_wconf 70' lang='lat' dir='ltr'><strong>subeunt,</strong></span> <span class='ocrx_word' id='word_1_107' title='bbox 1042 1551 1094 1616; x_wconf 90' lang='lat' dir='ltr'><strong>de·</strong></span> 
     </span>
     <span class='ocr_line' id='line_1_17' title="bbox 136 1633 1093 1722; baseline 0.003 -26"><span class='ocrx_word' id='word_1_108' title='bbox 136 1633 275 1718; x_wconf 85' lang='lat' dir='ltr'><strong>fatigatis</strong></span> <span class='ocrx_word' id='word_1_109' title='bbox 297 1637 331 1700; x_wconf 89' lang='lat' dir='ltr'><strong>in</strong></span> <span class='ocrx_word' id='word_1_110' title='bbox 351 1637 454 1700; x_wconf 85' lang='lat' dir='ltr'><strong>vicem</strong></span> <span class='ocrx_word' id='word_1_111' title='bbox 475 1639 591 1722; x_wconf 85' lang='lat' dir='ltr'><strong>integri</strong></span> <span class='ocrx_word' id='word_1_112' title='bbox 613 1638 796 1702; x_wconf 87' lang='lat' dir='ltr'><strong>succedunt.</strong></span> <span class='ocrx_word' id='word_1_113' title='bbox 832 1636 941 1722; x_wconf 83' lang='lat' dir='ltr'><strong>Agger</strong></span> <span class='ocrx_word' id='word_1_114' title='bbox 963 1637 1004 1700; x_wconf 89' lang='lat' dir='ltr'><strong>ab</strong></span> <span class='ocrx_word' id='word_1_115' title='bbox 1028 1639 1093 1700; x_wconf 91' lang='lat' dir='ltr'><strong>uni·</strong></span> 
     </span>
     <span class='ocr_line' id='line_1_18' title="bbox 136 1720 1094 1790; baseline 0.002 -6"><span class='ocrx_word' id='word_1_116' title='bbox 136 1721 238 1784; x_wconf 87' lang='lat' dir='ltr'><strong>versis</strong></span> <span class='ocrx_word' id='word_1_117' title='bbox 252 1722 506 1786; x_wconf 89' lang='lat' dir='ltr'><strong>inmunitionem</strong></span> <span class='ocrx_word' id='word_1_118' title='bbox 521 1725 681 1788; x_wconf 87' lang='lat' dir='ltr'><strong>coniectus</strong></span> <span class='ocrx_word' id='word_1_119' title='bbox 705 1733 736 1787; x_wconf 89' lang='lat' dir='ltr'><strong>et</strong></span> <span class='ocrx_word' id='word_1_120' title='bbox 750 1745 916 1786; x_wconf 88' lang='lat' dir='ltr'><strong>ascensum</strong></span> <span class='ocrx_word' id='word_1_121' title='bbox 928 1722 982 1786; x_wconf 84' lang='lat' dir='ltr'><strong>dat</strong></span> <span class='ocrx_word' id='word_1_122' title='bbox 994 1720 1094 1790; x_wconf 76' lang='lat' dir='ltr'><strong>Gallis</strong></span> 
     </span>
     <span class='ocr_line' id='line_1_19' title="bbox 137 1808 1095 1893; baseline 0 -25"><span class='ocrx_word' id='word_1_123' title='bbox 137 1811 170 1868; x_wconf 88' lang='lat' dir='ltr'><strong>et</strong></span> <span class='ocrx_word' id='word_1_124' title='bbox 192 1827 239 1888; x_wconf 86' lang='lat' dir='ltr'><strong>ea,</strong></span> <span class='ocrx_word' id='word_1_125' title='bbox 263 1809 398 1891; x_wconf 89' lang='lat' dir='ltr'><strong>quaein</strong></span> <span class='ocrx_word' id='word_1_126' title='bbox 420 1817 505 1873; x_wconf 87' lang='lat' dir='ltr'><strong>terra</strong></span> <span class='ocrx_word' id='word_1_127' title='bbox 526 1808 764 1873; x_wconf 71' lang='lat' dir='ltr'><strong>occultaverant</strong></span> <span class='ocrx_word' id='word_1_128' title='bbox 778 1808 919 1890; x_wconf 87' lang='lat' dir='ltr'><strong>Romani,</strong></span> <span class='ocrx_word' id='word_1_129' title='bbox 943 1808 1095 1893; x_wconf 72' lang='lat' dir='ltr'><strong>contegitz</strong></span> 
     </span>
     <span class='ocr_line' id='line_1_20' title="bbox 137 1891 924 1979; baseline 0.005 -27"><span class='ocrx_word' id='word_1_130' title='bbox 137 1911 205 1967; x_wconf 57' lang='lat' dir='ltr'><strong>nec⁵</strong></span> <span class='ocrx_word' id='word_1_131' title='bbox 220 1891 282 1953; x_wconf 89' lang='lat' dir='ltr'><strong>iam</strong></span> <span class='ocrx_word' id='word_1_132' title='bbox 305 1913 393 1956; x_wconf 90' lang='lat' dir='ltr'><strong>arma</strong></span> <span class='ocrx_word' id='word_1_133' title='bbox 414 1894 532 1956; x_wconf 86' lang='lat' dir='ltr'><strong>nostris</strong></span> <span class='ocrx_word' id='word_1_134' title='bbox 554 1916 615 1960; x_wconf 91' lang='lat' dir='ltr'><strong>nec</strong></span> <span class='ocrx_word' id='word_1_135' title='bbox 637 1894 721 1960; x_wconf 86' lang='lat' dir='ltr'><strong>vires</strong></span> <span class='ocrx_word' id='word_1_136' title='bbox 745 1900 924 1979; x_wconf 88' lang='lat' dir='ltr'><strong>suppetunt.</strong></span> 
     </span>
    </p>

    <p class='ocr_par' dir='ltr' id='par_1_4' title="bbox 136 1975 1133 3512">
     <span class='ocr_line' id='line_1_21' title="bbox 140 1975 1095 2064; baseline 0.004 -26"><span class='ocrx_word' id='word_1_137' title='bbox 140 2025 144 2030; x_wconf 92' lang='lat'>.</span> <span class='ocrx_word' id='word_1_138' title='bbox 175 1975 251 2038; x_wconf 84' lang='grc'><strong>-86,</strong></span> <span class='ocrx_word' id='word_1_139' title='bbox 284 1976 345 2040; x_wconf 90' lang='lat' dir='ltr'><strong>His</strong></span> <span class='ocrx_word' id='word_1_140' title='bbox 377 1977 474 2042; x_wconf 87' lang='lat' dir='ltr'><strong>rebus</strong></span> <span class='ocrx_word' id='word_1_141' title='bbox 508 1979 640 2064; x_wconf 85' lang='lat' dir='ltr'><strong>cognitis</strong></span> <span class='ocrx_word' id='word_1_142' title='bbox 668 1978 788 2043; x_wconf 83' lang='lat' dir='ltr'><strong>Caesar</strong></span> <span class='ocrx_word' id='word_1_143' title='bbox 814 1977 992 2042; x_wconf 87' lang='lat' dir='ltr'><strong>Labienum</strong></span> <span class='ocrx_word' id='word_1_144' title='bbox 1024 1999 1095 2042; x_wconf 88' lang='lat' dir='ltr'><strong>cum</strong></span> 
     </span>
     <span class='ocr_line' id='line_1_22' title="bbox 139 2059 1093 2148; baseline 0.003 -25"><span class='ocrx_word' id='word_1_145' title='bbox 139 2059 322 2125; x_wconf 85' lang='lat' dir='ltr'><strong>cohortibus</strong></span> <span class='ocrx_word' id='word_1_146' title='bbox 345 2085 403 2127; x_wconf 87' lang='lat' dir='ltr'><strong>sex</strong></span> <span class='ocrx_word' id='word_1_147' title='bbox 426 2063 566 2128; x_wconf 88' lang='lat' dir='ltr'><strong>subsidio</strong></span> <span class='ocrx_word' id='word_1_148' title='bbox 589 2063 804 2130; x_wconf 86' lang='lat' dir='ltr'><strong>laborantibus</strong></span> <span class='ocrx_word' id='word_1_149' title='bbox 819 2064 935 2128; x_wconf 72' lang='lat' dir='ltr'><strong>mittit:</strong></span> <span class='ocrx_word' id='word_1_150' title='bbox 951 2065 1093 2148; x_wconf 88' lang='lat' dir='ltr'><strong>imperat,</strong></span> 
     </span>
     <span class='ocr_line' id='line_1_23' title="bbox 138 2145 1094 2232; baseline 0.004 -25"><span class='ocrx_word' id='word_1_151' title='bbox 138 2145 165 2208; x_wconf 92' lang='lat' dir='ltr'><strong>si</strong></span> <span class='ocrx_word' id='word_1_152' title='bbox 181 2147 335 2210; x_wconf 88' lang='lat' dir='ltr'><strong>sustinere</strong></span> <span class='ocrx_word' id='word_1_153' title='bbox 358 2171 421 2224; x_wconf 78' lang='lat' dir='ltr'><strong>non</strong></span> <span class='ocrx_word' id='word_1_154' title='bbox 436 2157 552 2232; x_wconf 88' lang='lat' dir='ltr'><strong>posset,</strong></span> <span class='ocrx_word' id='word_1_155' title='bbox 577 2149 718 2213; x_wconf 90' lang='lat' dir='ltr'><strong>deductis</strong></span> <span class='ocrx_word' id='word_1_156' title='bbox 735 2146 915 2214; x_wconf 89' lang='lat' dir='ltr'><strong>cohortibus</strong></span> <span class='ocrx_word' id='word_1_157' title='bbox 931 2149 1094 2232; x_wconf 86' lang='lat' dir='ltr'><strong>eruptione</strong></span> 
     </span>
     <span class='ocr_line' id='line_1_24' title="bbox 136 2233 1133 2330; baseline 0.006 -38"><span class='ocrx_word' id='word_1_158' title='bbox 136 2241 309 2330; x_wconf 71' lang='lat' dir='ltr'><strong>pugnaret,</strong></span> <span class='ocrx_word' id='word_1_159' title='bbox 342 2233 376 2296; x_wconf 90' lang='lat' dir='ltr'><strong>id</strong></span> <span class='ocrx_word' id='word_1_160' title='bbox 404 2235 466 2296; x_wconf 87' lang='lat' dir='ltr'><strong>nisi</strong></span> <span class='ocrx_word' id='word_1_161' title='bbox 495 2237 675 2300; x_wconf 84' lang='lat' dir='ltr'><strong>necessario</strong></span> <span class='ocrx_word' id='word_1_162' title='bbox 708 2257 748 2298; x_wconf 91' lang='lat' dir='ltr'><strong>ne</strong></span> <span class='ocrx_word' id='word_1_163' title='bbox 781 2235 883 2298; x_wconf 81' lang='lat' dir='ltr'><strong>faciat.</strong></span> <span class='ocrx_word' id='word_1_164' title='bbox 926 2233 1000 2319; x_wconf 89' lang='lat' dir='ltr'><strong>lpse</strong></span> <span class='ocrx_word' id='word_1_165' title='bbox 1030 2233 1095 2298; x_wconf 86' lang='lat' dir='ltr'><strong>adit</strong></span> <span class='ocrx_word' id='word_1_166' title='bbox 1131 2311 1133 2314; x_wconf 16' lang='grc' dir='ltr'>Ι</span> 
     </span>
     <span class='ocr_line' id='line_1_25' title="bbox 137 2314 1094 2402; baseline 0.006 -24"><span class='ocrx_word' id='word_1_167' title='bbox 137 2314 285 2402; x_wconf 77' lang='lat' dir='ltr'><strong>reliquos,</strong></span> <span class='ocrx_word' id='word_1_168' title='bbox 309 2317 497 2401; x_wconf 87' lang='lat' dir='ltr'><strong>cohortatur,</strong></span> <span class='ocrx_word' id='word_1_169' title='bbox 520 2341 561 2383; x_wconf 90' lang='lat' dir='ltr'><strong>ne</strong></span> <span class='ocrx_word' id='word_1_170' title='bbox 583 2320 687 2385; x_wconf 80' lang='lat' dir='ltr'><strong>labori</strong></span> <span class='ocrx_word' id='word_1_171' title='bbox 709 2318 931 2401; x_wconf 83' lang='lat' dir='ltr'><strong>succumbant3</strong></span> <span class='ocrx_word' id='word_1_172' title='bbox 956 2321 1094 2384; x_wconf 87' lang='lat' dir='ltr'><strong>omnium</strong></span> 
     </span>
     <span class='ocr_line' id='line_1_26' title="bbox 138 2403 1094 2490; baseline 0.005 -27"><span class='ocrx_word' id='word_1_173' title='bbox 138 2403 334 2484; x_wconf 82' lang='lat' dir='ltr'><strong>superiorum</strong></span> <span class='ocrx_word' id='word_1_174' title='bbox 365 2404 599 2468; x_wconf 87' lang='lat' dir='ltr'><strong>dimicationum</strong></span> <span class='ocrx_word' id='word_1_175' title='bbox 627 2405 765 2469; x_wconf 89' lang='lat' dir='ltr'><strong>fructum</strong></span> <span class='ocrx_word' id='word_1_176' title='bbox 796 2406 830 2468; x_wconf 89' lang='lat' dir='ltr'><strong>in</strong></span> <span class='ocrx_word' id='word_1_177' title='bbox 859 2426 897 2468; x_wconf 94' lang='lat' dir='ltr'><strong>eo</strong></span> <span class='ocrx_word' id='word_1_178' title='bbox 919 2404 970 2468; x_wconf 89' lang='lat' dir='ltr'><strong>die</strong></span> <span class='ocrx_word' id='word_1_179' title='bbox 999 2414 1094 2490; x_wconf 88' lang='lat' dir='ltr'><strong>atque</strong></span> 
     </span>
     <span class='ocr_line' id='line_1_27' title="bbox 137 2484 1094 2575; baseline 0.006 -27"><span class='ocrx_word' id='word_1_180' title='bbox 137 2484 215 2548; x_wconf 86' lang='lat' dir='ltr'><strong>hora</strong></span> <span class='ocrx_word' id='word_1_181' title='bbox 237 2486 328 2552; x_wconf 90' lang='lat' dir='ltr'><strong>docet</strong></span> <span class='ocrx_word' id='word_1_182' title='bbox 348 2490 530 2554; x_wconf 80' lang='lat' dir='ltr'><strong>consistere.</strong></span> <span class='ocrx_word' id='word_1_183' title='bbox 574 2489 746 2556; x_wconf 84' lang='lat' dir='ltr'><strong>Interiores</strong></span> <span class='ocrx_word' id='word_1_184' title='bbox 769 2491 942 2575; x_wconf 87' lang='lat' dir='ltr'><strong>desperatis</strong></span> <span class='ocrx_word' id='word_1_185' title='bbox 971 2511 1094 2574; x_wconf 88' lang='lat' dir='ltr'><strong>campe-</strong></span> 
     </span>
     <span class='ocr_line' id='line_1_28' title="bbox 138 2569 1095 2660; baseline 0.004 -26"><span class='ocrx_word' id='word_1_186' title='bbox 138 2569 254 2634; x_wconf 84' lang='lat' dir='ltr'><strong>strihus</strong></span> <span class='ocrx_word' id='word_1_187' title='bbox 276 2571 353 2637; x_wconf 89' lang='lat' dir='ltr'><strong>locis</strong></span> <span class='ocrx_word' id='word_1_188' title='bbox 374 2583 504 2659; x_wconf 87' lang='lat' dir='ltr'><strong>propter</strong></span> <span class='ocrx_word' id='word_1_189' title='bbox 520 2577 771 2660; x_wconf 82' lang='lat' dir='ltr'><strong>magnitudinem</strong></span> <span class='ocrx_word' id='word_1_190' title='bbox 792 2575 1002 2640; x_wconf 89' lang='lat' dir='ltr'><strong>munitionum</strong></span> <span class='ocrx_word' id='word_1_191' title='bbox 1024 2574 1095 2638; x_wconf 85' lang='lat' dir='ltr'><strong>loca</strong></span> 
     </span>
     <span class='ocr_line' id='line_1_29' title="bbox 137 2660 1092 2745; baseline 0.01 -27"><span class='ocrx_word' id='word_1_192' title='bbox 137 2667 306 2742; x_wconf 86' lang='lat' dir='ltr'><strong>praerupta</strong></span> <span class='ocrx_word' id='word_1_193' title='bbox 328 2679 369 2722; x_wconf 84' lang='lat' dir='ltr'><strong>ex</strong></span> <span class='ocrx_word' id='word_1_194' title='bbox 391 2681 525 2724; x_wconf 87' lang='lat' dir='ltr'><strong>ascensu</strong></span> <span class='ocrx_word' id='word_1_195' title='bbox 546 2670 683 2724; x_wconf 89' lang='lat' dir='ltr'><strong>tentant:</strong></span> <span class='ocrx_word' id='word_1_196' title='bbox 716 2660 778 2725; x_wconf 91' lang='lat' dir='ltr'><strong>huc</strong></span> <span class='ocrx_word' id='word_1_197' title='bbox 811 2681 863 2742; x_wconf 88' lang='lat' dir='ltr'><strong>ea,</strong></span> <span class='ocrx_word' id='word_1_198' title='bbox 898 2681 977 2745; x_wconf 89' lang='lat' dir='ltr'><strong>quae</strong></span> <span class='ocrx_word' id='word_1_199' title='bbox 999 2681 1092 2744; x_wconf 79' lang='lat' dir='ltr'><strong>para-</strong></span> 
     </span>
     <span class='ocr_line' id='line_1_30' title="bbox 137 2743 1094 2824; baseline 0.004 -20"><span class='ocrx_word' id='word_1_200' title='bbox 137 2751 262 2824; x_wconf 76' lang='lat' dir='ltr'><strong>verant,</strong></span> <span class='ocrx_word' id='word_1_201' title='bbox 292 2743 466 2808; x_wconf 80' lang='lat' dir='ltr'><strong>conterunt.</strong></span> <span class='ocrx_word' id='word_1_202' title='bbox 510 2745 711 2810; x_wconf 89' lang='lat' dir='ltr'><strong>Multitudine</strong></span> <span class='ocrx_word' id='word_1_203' title='bbox 733 2745 868 2810; x_wconf 87' lang='lat' dir='ltr'><strong>telorum</strong></span> <span class='ocrx_word' id='word_1_204' title='bbox 891 2767 933 2811; x_wconf 84' lang='lat' dir='ltr'><strong>ex</strong></span> <span class='ocrx_word' id='word_1_205' title='bbox 953 2743 1094 2811; x_wconf 89' lang='lat' dir='ltr'><strong>turribus</strong></span> 
     </span>
     <span class='ocr_line' id='line_1_31' title="bbox 136 2828 1092 2974; baseline 0.005 -85"><span class='ocrx_word' id='word_1_206' title='bbox 136 2837 373 2974; x_wconf 81' lang='lat' dir='ltr'><strong>propugnantes</strong></span> <span class='ocrx_word' id='word_1_207' title='bbox 407 2829 591 2913; x_wconf 87' lang='lat' dir='ltr'><strong>deturbant,</strong></span> <span class='ocrx_word' id='word_1_208' title='bbox 626 2853 744 2916; x_wconf 85' lang='lat' dir='ltr'><strong>agere</strong></span> <span class='ocrx_word' id='word_1_209' title='bbox 774 2839 805 2896; x_wconf 87' lang='lat' dir='ltr'><strong>et</strong></span> <span class='ocrx_word' id='word_1_210' title='bbox 832 2828 970 2894; x_wconf 86' lang='lat' dir='ltr'><strong>cratibus</strong></span> <span class='ocrx_word' id='word_1_211' title='bbox 992 2830 1092 2894; x_wconf 79' lang='lat' dir='ltr'><strong>fossas</strong></span> 
     </span>
     <span class='ocr_line' id='line_1_32' title="bbox 138 2854 1083 3085; baseline 0.001 -25"><span class='ocrx_word' id='word_1_212' title='bbox 138 2854 1083 3085; x_wconf 53' lang='lat' dir='ltr'><strong>assuunturtatararii,</strong></span> 
     </span>
     <span class='ocr_line' id='line_1_33' title="bbox 137 3081 1095 3171; baseline 0.003 -26"><span class='ocrx_word' id='word_1_213' title='bbox 137 3081 220 3146; x_wconf 89' lang='lat' dir='ltr'><strong>tibus</strong></span> <span class='ocrx_word' id='word_1_214' title='bbox 238 3081 372 3166; x_wconf 77' lang='lat' dir='ltr'><strong>Caesar,</strong></span> <span class='ocrx_word' id='word_1_215' title='bbox 395 3095 467 3171; x_wconf 88' lang='lat' dir='ltr'><strong>post</strong></span> <span class='ocrx_word' id='word_1_216' title='bbox 482 3108 555 3150; x_wconf 89' lang='lat' dir='ltr'><strong>cum</strong></span> <span class='ocrx_word' id='word_1_217' title='bbox 568 3086 638 3150; x_wconf 86' lang='lat' dir='ltr'><strong>aliis</strong></span> <span class='ocrx_word' id='word_1_218' title='bbox 654 3086 769 3150; x_wconf 77' lang='lat' dir='ltr'><strong>Gaiiun</strong></span> <span class='ocrx_word' id='word_1_219' title='bbox 783 3085 918 3150; x_wconf 83' lang='lat' dir='ltr'><strong>Fabium</strong></span> <span class='ocrx_word' id='word_1_220' title='bbox 942 3083 1095 3169; x_wconf 72' lang='lat' dir='ltr'><strong>legatum,</strong></span> 
     </span>
     <span class='ocr_line' id='line_1_34' title="bbox 137 3168 1095 3256; baseline 0.002 -26"><span class='ocrx_word' id='word_1_221' title='bbox 137 3177 295 3252; x_wconf 87' lang='lat' dir='ltr'><strong>postremo</strong></span> <span class='ocrx_word' id='word_1_222' title='bbox 317 3168 329 3231; x_wconf 88' lang='lat' dir='ltr'><strong>i</strong></span> <span class='ocrx_word' id='word_1_223' title='bbox 351 3192 395 3252; x_wconf 90' lang='lat' dir='ltr'><strong>se,</strong></span> <span class='ocrx_word' id='word_1_224' title='bbox 444 3193 520 3235; x_wconf 88' lang='lat' dir='ltr'><strong>uum</strong></span> <span class='ocrx_word' id='word_1_225' title='bbox 547 3171 762 3236; x_wconf 84' lang='lat' dir='ltr'><strong>vehementius</strong></span> <span class='ocrx_word' id='word_1_226' title='bbox 791 3179 995 3256; x_wconf 84' lang='lat' dir='ltr'><strong>pugnaretur,</strong></span> <span class='ocrx_word' id='word_1_227' title='bbox 1018 3170 1095 3232; x_wconf 88' lang='lat' dir='ltr'><strong>inte·</strong></span> 
     </span>
     <span class='ocr_line' id='line_1_35' title="bbox 137 3191 1096 3342; baseline 0.003 -27"><span class='ocrx_word' id='word_1_228' title='bbox 137 3273 210 3334; x_wconf 87' lang='lat' dir='ltr'><strong>gros</strong></span> <span class='ocrx_word' id='word_1_229' title='bbox 234 3191 374 3320; x_wconf 76' lang='lat' dir='ltr'><strong>subsidio</strong></span> <span class='ocrx_word' id='word_1_230' title='bbox 446 3256 540 3320; x_wconf 86' lang='lat' dir='ltr'><strong>ducit.</strong></span> <span class='ocrx_word' id='word_1_231' title='bbox 584 3257 738 3320; x_wconf 87' lang='lat' dir='ltr'><strong>Restituto</strong></span> <span class='ocrx_word' id='word_1_232' title='bbox 761 3255 880 3342; x_wconf 84' lang='lat' dir='ltr'><strong>proelio</strong></span> <span class='ocrx_word' id='word_1_233' title='bbox 903 3276 940 3320; x_wconf 88' lang='lat' dir='ltr'><strong>ao</strong></span> <span class='ocrx_word' id='word_1_234' title='bbox 960 3253 1096 3340; x_wconf 86' lang='lat' dir='ltr'><strong>repulsis</strong></span> 
     </span>
     <span class='ocr_line' id='line_1_36' title="bbox 136 3334 1096 3426; baseline 0.005 -27"><span class='ocrx_word' id='word_1_235' title='bbox 136 3334 279 3402; x_wconf 86' lang='lat' dir='ltr'><strong>hostibus</strong></span> <span class='ocrx_word' id='word_1_236' title='bbox 294 3361 342 3421; x_wconf 88' lang='lat' dir='ltr'><strong>eo,</strong></span> <span class='ocrx_word' id='word_1_237' title='bbox 359 3361 420 3426; x_wconf 90' lang='lat' dir='ltr'><strong>quo</strong></span> <span class='ocrx_word' id='word_1_238' title='bbox 431 3341 611 3406; x_wconf 86' lang='lat' dir='ltr'><strong>Labienum</strong></span> <span class='ocrx_word' id='word_1_239' title='bbox 624 3342 761 3424; x_wconf 91' lang='lat' dir='ltr'><strong>miserat,</strong></span> <span class='ocrx_word' id='word_1_240' title='bbox 785 3339 962 3421; x_wconf 83' lang='lat' dir='ltr'><strong>contendit3</strong></span> <span class='ocrx_word' id='word_1_241' title='bbox 986 3339 1096 3409; x_wconf 80' lang='lat' dir='ltr'><strong>cohor·</strong></span> 
     </span>
     <span class='ocr_line' id='line_1_37' title="bbox 138 3425 1097 3512; baseline 0.001 -26"><span class='ocrx_word' id='word_1_242' title='bbox 138 3429 197 3508; x_wconf 82' lang='lat' dir='ltr'><strong>tes¹</strong></span> <span class='ocrx_word' id='word_1_243' title='bbox 216 3433 368 3508; x_wconf 83' lang='lat' dir='ltr'><strong>quattuor·¹</strong></span> <span class='ocrx_word' id='word_1_244' title='bbox 391 3447 431 3489; x_wconf 85' lang='lat' dir='ltr'><strong>ex</strong></span> <span class='ocrx_word' id='word_1_245' title='bbox 456 3427 601 3512; x_wconf 85' lang='lat' dir='ltr'><strong>proximo</strong></span> <span class='ocrx_word' id='word_1_246' title='bbox 624 3425 754 3492; x_wconf 86' lang='lat' dir='ltr'><strong>castello</strong></span> <span class='ocrx_word' id='word_1_247' title='bbox 784 3425 927 3506; x_wconf 83' lang='lat' dir='ltr'><strong>deducit,</strong></span> <span class='ocrx_word' id='word_1_248' title='bbox 958 3427 1097 3510; x_wconf 81' lang='lat' dir='ltr'><strong>equitum</strong></span> 
     </span>
    </p>
   </div>
   <div class='ocr_carea' id='block_1_3' title="bbox 0 0 1270 3968">
    <p class='ocr_par' dir='ltr' id='par_1_5' title="bbox 0 0 1270 3968">
     <span class='ocr_line' id='line_1_38' title="bbox 0 0 1270 3968; baseline 0 0"><span class='ocrx_word' id='word_1_249' title='bbox 0 0 1270 3968; x_wconf 95' lang='lat' dir='ltr'><strong> </strong></span> 
     </span>
    </p>
   </div>
  </div>
 </body>
</html>
