2562 3966
172 217 234 281 116
429 217 490 280 DE
512 218 656 282 BELLO
680 217 871 283 GALLICO

170 397 335 470 cerentur,
369 411 484 474 magna
516 398 606 473 parte
640 391 798 453 exercitus
831 391 931 454 nostri
964 389 1134 454 interfecta

168 474 268 538 multo
290 476 446 541 minorem
473 497 638 559 superesse
668 475 810 538 dicerent
835 485 966 559 partem.
1017 475 1133 562 Neque

168 568 275 627 tamen
310 559 364 622 ulli
397 561 517 623 civitati
544 558 774 624 Germanorum
806 560 991 644 persuaderi
1017 563 1131 646 potuit,

168 654 204 709 ut
225 645 371 710 Rhenum
392 647 548 724 transiret,
573 668 670 730 quum
693 644 791 709 sabis
811 655 959 731 expertos
975 645 1130 728 dicerent,

168 730 321 795 Ariovisti
351 729 434 795 bello
461 739 492 793 et
517 730 745 794 Tencterorum
774 732 925 794 transitu:
959 754 1024 794 non
1057 753 1130 796 csse

169 815 303 901 amplius
329 816 484 880 fortunam
506 825 690 879 tentaturos.
724 815 795 902 Hac
818 838 875 900 spe
900 817 1006 901 lapsus
1032 815 1131 881 Indu·

168 902 320 965 tiomarus
334 901 432 966 nihilo
447 903 551 964 minus
567 923 603 964 co
627 903 673 964 ias
690 923 812 986 cogere,
837 923 997 982 exercere,
1022 924 1040 964 a
1058 901 1129 966 fini·

167 988 252 1050 timis
276 1009 373 1072 equos
396 1009 519 1071 parare,
547 925 657 1052 exules
681 986 907 1072 damnatosque
933 995 999 1051 tota
1021 985 1130 1052 Gallia

167 1073 291 1155 magnis
319 1073 466 1157 praemiis
494 1071 534 1135 ad
564 1095 598 1136 se
628 1070 755 1136 allicere
778 1073 890 1157 coepit.
934 1071 984 1138 Ac
1005 1080 1127 1134 tantam

167 1156 229 1220 sibi
257 1158 321 1221 iam
343 1158 392 1220 his
414 1158 509 1221 rebus
535 1160 568 1220 in
591 1156 697 1221 Gallia
724 1159 942 1221 auctoritatem
964 1179 1126 1241 compara-

165 1252 271 1324 verat,
299 1252 334 1306 ut
355 1243 493 1328 undique
521 1243 562 1306 ad
589 1265 661 1306 eum
690 1243 864 1326 legationes
891 1251 1126 1325 concurrerent,

166 1330 410 1413 gratiamatque
426 1330 594 1392 amicitiam
609 1328 735 1413 publice
749 1329 960 1414 privatimque
970 1335 1126 1412 peterent.

230 1413 281 1476 56.
315 1413 379 1477 Ubi
400 1413 556 1478 intellexit
577 1413 660 1479 ultro
686 1413 727 1476 ad
749 1436 784 1477 se
809 1415 926 1493 veniri,
961 1412 1060 1478 altera
1086 1435 1129 1478 ex

166 1509 255 1584 parte
279 1497 420 1562 Senones
449 1497 668 1584 Carnutesque
694 1500 889 1562 conscientia
910 1499 1057 1563 facinoris
1079 1500 1128 1562 in-

167 1586 285 1668 stigari,
309 1584 409 1648 altera
429 1583 563 1649 Nervios
589 1585 837 1670 Aduatucosque
864 1583 983 1649 bellum
1011 1585 1127 1648 Roma·

165 1673 214 1733 nis
241 1693 363 1755 parare,
391 1692 494 1755 neque
517 1669 577 1735 sibi
603 1669 853 1735 voluntariorum
875 1671 983 1755 copias
1006 1670 1128 1753 defore,

166 1758 193 1819 si
223 1778 262 1818 ex
284 1756 400 1818 finibus
423 1757 488 1819 suis
509 1755 658 1841 progredi
681 1758 853 1840 coepisset,
878 1765 1032 1820 armatum
1053 1778 1126 1820 con·

165 1841 272 1904 cilium
287 1841 406 1904 indicit.
433 1841 504 1905 Hoc
525 1864 613 1906 more
630 1840 793 1906 Gallorum
817 1851 865 1905 est
884 1843 1009 1910 initium
1030 1840 1127 1904 belli:

166 1948 227 2012 quo
256 1925 326 2010 lege
349 1928 507 1990 communi
530 1949 637 1990 omnes
660 1925 797 2010 puberes
820 1929 934 1990 armati
955 1929 1134 1994 convenire,

165 2021 368 2091 consuerunt,
396 2012 450 2097 qui
473 2035 514 2074 ex
535 2013 574 2075 iis
595 2013 787 2077 novissimus
810 2015 973 2093 convenit,
996 2013 1029 2074 in
1052 2034 1133 2079 conr

165 2099 275 2183 spectd
296 2097 507 2161 multitudinis
537 2096 681 2160 omnibus
704 2095 894 2160 cruciatibus
917 2098 1047 2159 affectus
1070 2118 1125 2158 ne·

63 2211 65 2216 ’
164 2191 264 2247 catur.
307 2182 346 2245 In
374 2205 412 2247 eo
441 2181 573 2246 concilio
597 2181 848 2265 Cingetorigem,
883 2181 1011 2244 alterius
1037 2182 1124 2265 prin⁴

165 2269 268 2352 cipem
290 2268 443 2350 factionis,
467 2289 619 2351 generum
641 2289 741 2347 suum,
766 2289 860 2352 quem
883 2287 979 2351 supra
995 2265 1133 2330 demon·'

164 2355 334 2418 stravimus
351 2352 496 2417 Caesaris
520 2361 662 2415 secutum
676 2350 772 2415 fidem
794 2351 834 2414 ab
859 2374 895 2415 eo
919 2373 983 2414 non
1007 2350 1124 2414 disces·

163 2439 258 2521 sisse,
293 2439 415 2502 hostem
448 2436 566 2500 iudicat
597 2435 744 2522 bonaque
774 2437 842 2499 eius
874 2435 1023 2521 publicat.
1062 2435 1125 2500 His

162 2523 260 2589 rebus
283 2523 433 2587 confectis
455 2523 488 2584 in
511 2521 644 2586 concilio
673 2523 855 2606 pronuntiat
881 2524 1066 2586 arcessitum
1088 2543 1132 2588 se.

165 2631 185 2672 a
224 2607 401 2674 Senonibus
439 2615 471 2670 et
508 2605 698 2670 Carnutibus
738 2606 871 2692 aliisque
908 2606 1124 2692 compluribus

164 2692 288 2760 Galliac
314 2692 509 2774 civitatibus3
541 2693 604 2756 huc
628 2695 745 2756 iturum
766 2715 825 2777 per
850 2693 930 2757 fines
951 2692 1125 2758 Remorum

165 2800 336 2865 eorumque
348 2800 442 2862 agros
456 2776 680 2864 populaturum
695 2800 741 2860 ac,
765 2779 947 2864 priusquam
969 2777 1003 2840 id
1016 2777 1124 2860 faciat,

165 2874 269 2930 castra
304 2863 440 2928 Labieni
482 2874 745 2948 oppugnaturum.
802 2861 893 2942 Quae
929 2863 998 2928 fieri
1034 2862 1124 2947 velit,

186 2951 272 3014 raeci
295 2950 328 3012 it.
1133 2989 1135 2992 -

163 2973 184 3036 p
227 2973 294 3098 bbp
306 3034 476 3111 Labienus,
501 3057 597 3120 quum
620 3044 651 3098 et
672 3034 734 3098 loci
756 3042 871 3098 natura
893 3042 924 3098 et
938 3056 1035 3098 mauu
1056 3055 1125 3101 mu·

164 3120 327 3188 nitissimis
350 3121 461 3183 castris
484 3141 555 3184 sese
587 3129 725 3203 teneret,
760 3119 800 3182 de
830 3141 887 3184 suo
921 3141 959 3182 ao
988 3119 1126 3202 legionis

163 3205 305 3290 periculo
321 3204 400 3268 nihil
414 3205 560 3288 timebat3
582 3228 622 3272 ne
647 3228 741 3290 quam
763 3207 962 3269 occasionem
976 3205 1024 3268 rei
1040 3203 1127 3272 bene

164 3291 325 3374 gerendae
344 3290 524 3371 dimitteret,
548 3291 715 3375 cogitabat,
749 3290 861 3376 Itaque
883 3288 1124 3374 aCingetorige

163 3384 258 3458 atque
281 3379 348 3438 eius
370 3376 557 3460 propinquis
587 3377 728 3441 oratione
757 3375 963 3439 Indutiomari
986 3375 1132 3458 cognitae„

164 3481 260 3556 quam
281 3459 315 3522 in
330 3459 462 3524 concilio
483 3459 646 3540 habuerat,
669 3463 794 3526 nuntios
810 3462 904 3526 mittit
918 3459 959 3524 ad
973 3460 1135 3552 finitimas
