2534 3970
388 203 522 270 COlllM.
546 205 561 268 Ι
584 203 676 268 CAP.
700 205 834 268 44-47,
1040 205 1079 269 31

127 375 222 445 Bello
245 398 283 440 su
306 383 409 440 oratos
432 397 502 440 esse
523 375 683 440 Arvernos
703 384 734 438 et
754 373 894 438 Rutenos
909 373 949 438 ab
966 373 1083 454 Quimo
1200 371 1204 384 '

127 460 231 526 Fabio
260 397 399 527 nimime
410 509 419 542 ‚
453 459 566 560 quibus
598 481 638 546 po
661 458 732 544 ulus
764 457 923 524 Romanus
948 461 1082 542 ignovis-

129 557 180 610 set
200 567 306 646 noque
322 547 355 610 in
395 546 568 610 rovmciam
585 566 621 609 re
644 545 761 630 egisset
776 567 879 630 nequo
895 545 1083 630 stipendium

129 631 342 716 imposuisset
369 567 463 708 &uod
485 631 514 694 si
534 631 785 716 antiquissimum
799 629 945 730 quodque
960 640 1084 716 tempus

130 718 268 801 spectari
290 723 456 801 oporteret,
485 713 595 801 populi
622 714 756 778 Romani
782 715 986 779 iustissimum
1014 737 1085 780 esse

131 801 165 867 in
191 799 299 867 Gallia
328 801 509 884 imperium3
542 801 570 865 si
596 799 745 864 iudicium
768 809 894 863 senatus
924 799 1084 866 observari

133 895 300 986 oporteret,
324 885 456 952 liberam
478 884 593 950 debere
616 906 685 950 esse
709 883 862 965 Galliam,
885 906 980 970 quam
1001 883 1085 951 bello
1174 911 1176 915 ·

132 980 249 1034 victam
271 970 335 1040 suis
358 969 388 1036 le
412 969 482 1034 'bus
503 970 549 1034 uti
571 968 731 1034 voluisset.

196 1055 249 1118 46.
287 1053 374 1120 Dum
423 1075 481 1119 aec
509 1055 542 1118 in
575 1053 732 1141 colloquio
761 1065 925 1138 geminum,
955 1055 1085 1121 Caesari

130 1141 309 1208 nuntiatum
331 1149 380 1204 est
401 1141 521 1226 equites
544 1139 696 1204 Ariovisti
716 1141 845 1226 propius
866 1140 1021 1205 tumulum
1035 1163 1085 1205 ac-

132 1225 248 1292 cedere
269 1235 301 1292 ct
323 1225 509 1293 adnostros
532 1224 732 1310 adequitare,
763 1225 794 1289 la
817 1226 884 1290 ides
906 1225 1031 1312 teloque
1053 1228 1085 1290 in
1148 1225 1170 1268 '=

130 1319 257 1376 nostros
280 1311 445 1376 coniicere.
468 1309 588 1376 Caesar
610 1307 758 1396 loquendi
779 1248 874 1376 ἄκεα]
895 1311 970 1376 facit
989 1333 1086 1412 seque

130 1395 173 1460 ad
194 1417 269 1462 suos
290 1395 412 1481 recepit
433 1396 561 1481 suisque
581 1394 761 1481 imperavit,
791 1417 832 1459 ne
854 1396 938 1482 quod
960 1419 1086 1462 omnmo

31 1493 34 1500 '
131 1479 230 1552 telum
252 1481 287 1544 in
308 1481 415 1546 hostes
436 1481 612 1546 reiicerent.
641 1479 723 1546 Nam
746 1482 806 1544 etsi
829 1483 896 1546 sine
918 1481 982 1546 ullo
1004 1483 1086 1567 peri·

131 1565 203 1632 culo
225 1564 359 1650 legionis
382 1564 523 1632 delectae
546 1588 617 1630 cum
637 1566 778 1654 equitatu
792 1565 945 1651 proelium
958 1567 1026 1632 fore
1040 1570 1086 1630 vi·

130 1648 239 1736 debat,
262 1661 368 1715 tamen
390 1651 645 1717 committendum
666 1673 731 1715 non
752 1651 895 1736 putebat,
924 1663 958 1715 ut
981 1651 1086 1799 pulsis

132 1733 275 1802 hostibus
298 1735 360 1800 dici
381 1745 489 1822 posset
510 1758 563 1801 eos
586 1735 626 1802 ab
650 1757 685 1800 se
702 1758 760 1822 per
773 1736 867 1800 fidem
883 1737 916 1799 in
931 1733 1087 1822 coloquio

131 1822 373 1890 circumventos.
405 1821 615 1908 Posteaquam
636 1823 667 1888 iu
693 1819 808 1906 vulgus
823 1820 956 1886 militum
971 1821 1086 1886 elatum

133 1915 189 1988 est,
217 1929 282 1992 qua
303 1908 483 1992 arrogantia
503 1907 536 1970 in
552 1905 706 1992 colloquio
721 1907 897 1972 Ariovistum
912 1929 987 1971 usus
1003 1911 1087 1971 omni

132 1990 240 2056 Gallia
265 1991 416 2056 Romanis
430 1991 654 2076 interdixisset,
676 1993 890 2077 impetumque
911 1993 944 2056 in
964 2002 1087 2058 nostros

132 2079 200 2142 eius
229 2078 349 2162 equites
371 2077 527 2160 iecissent,
550 2098 651 2163 eaque
672 2099 724 2142 res
747 2077 936 2163 colloquium
954 2088 990 2141 ut
1006 2077 1087 2142 dire·

132 2163 257 2244 misset,
284 2161 382 2226 multo
403 2165 503 2228 maior
524 2161 670 2228 alacritas
700 2162 898 2248 studiumque
926 2163 1085 2248 pugnandi

132 2247 233 2312 maius
263 2249 414 2312 exercitui
434 2249 583 2312 iniectum
610 2257 666 2312 est
730 2307 732 2310 .

196 2333 250 2396 47.
281 2332 384 2398 Biduo
405 2342 477 2418 post
497 2332 677 2398 Ariovistus
705 2332 746 2397 ad
775 2331 944 2399 Caesarem
967 2331 1087 2419 legatos

133 2419 245 2482 mittit:
278 2417 371 2482 Velle
397 2440 431 2482 se
457 2417 496 2482 de
522 2416 571 2482 his
599 2416 712 2502 rebus,
738 2439 820 2503 quae
850 2419 931 2482 inter
956 2440 1009 2482 eos
1035 2421 1088 2504 agi

135 2511 266 2588 coeptae
287 2525 389 2590 neque
410 2503 567 2589 perfectae
593 2513 713 2586 essent,
743 2525 931 2588 agarenum
960 2525 1015 2568 eo:
1041 2504 1088 2566 uti

134 2590 313 2654 astiturum
328 2588 483 2676 colloquio
498 2588 582 2660 diem
597 2591 800 2655 constitueret
811 2599 872 2671 aut,
896 2590 922 2651 si
941 2589 973 2652 id
984 2589 1087 2652 minus

134 2671 242 2755 vellet,
266 2695 283 2738 e
305 2675 370 2738 suis
392 2673 506 2758 legatis
529 2671 665 2759 aliquem
687 2673 728 2738 ad
750 2695 785 2738 se
810 2675 957 2738 mitteret.
986 2671 1088 2740 collo-

134 2759 253 2844 quendi
274 2757 404 2824 Caesari
418 2781 513 2824 causa
526 2759 597 2821 visa
610 2780 673 2823 non
690 2767 747 2840 est,
771 2763 802 2822 et
816 2780 853 2824 eo
868 2761 978 2844 magis,
1005 2760 1089 2844 quod

135 2843 237 2943 pridie
259 2846 325 2908 eius
348 2843 410 2908 diei
433 2843 584 2908 Germani
605 2844 734 2908 retineri
759 2866 823 2908 non
836 2853 990 2930 poterant,
1014 2845 1088 2929 quin

135 2951 168 2992 m
196 2941 321 2994 nostros
349 2928 413 2993 tela
441 2929 639 2994 coniicerent.
683 2928 837 3014 Legatum
866 2950 884 2992 e
921 2931 985 2992 suis
1019 2951 1089 2994 sese

135 3035 252 3100 magno
274 3037 344 3078 cum
359 3013 499 3101 periculo
515 3013 556 3077 ad
576 3035 648 3078 eum
669 3015 837 3078 missurum
855 3022 887 3078 et
910 3013 1088 3078 hominibus

137 3099 209 3166 feris
231 3099 425 3164 obieottn'um
444 3098 651 3164 existimabat
674 3097 970 3164 Commodissimmn
985 3099 1089 3161 visum

138 3195 185 3249 est
217 3183 333 3250 Gaium
363 3184 525 3248 Valerium
553 3182 737 3268 Procillum,
771 3183 810 3248 G.
833 3182 941 3246 Valeri
971 3181 1088 3248 Caburi

138 3269 249 3352 lilium,
282 3292 404 3336 summa
424 3271 540 3334 vimute
562 3279 593 3332 et
623 3267 815 3333 humanitate
847 3266 1089 3350 adolescentem,

139 3357 225 3420 cuius
247 3364 377 3441 patera
399 3354 480 3420 Gaio
501 3353 630 3418 Valerio
651 3351 768 3418 Flacco
799 3354 926 3417 civitate
955 3353 1089 3418 donatus

139 3451 213 3522 erat,
237 3449 269 3506 et
294 3451 421 3524 propter
449 3438 545 3506 fidem
573 3447 605 3502 et
628 3446 760 3530 propter
788 3437 916 3522 linguae
948 3437 1090 3502 Gallicae
