2534 3970
180 204 224 267 44
437 203 499 267 DE
520 203 662 268 BELLO
687 203 877 270 GALLIOO

179 377 324 440 incusare
338 375 476 464 reliquos
491 375 617 460 Belgas,
634 379 688 462 qui
710 398 744 440 se
759 375 875 463 populo
890 376 1033 442 Romano
1048 377 1135 443 dedi·

178 460 300 526 dissent
321 464 517 548 patriamque
538 463 687 525 virtutem
708 463 932 546 proiecissent3
955 463 1134 527 corfirmare

179 568 250 610 sese
271 568 375 632 neque
390 547 511 631 legatos
527 549 677 612 missuros
692 569 795 632 neque
810 546 908 610 ullam
923 547 1134 613 conditionem

178 633 266 716 pacis
288 642 483 716 accepturos.

245 717 293 780 16.
321 716 426 795 Quum
448 739 506 802 per·
528 739 636 781 eorum
657 717 737 781 fines
759 717 896 781 triduum
918 719 978 782 iter
999 718 1134 803 fecisset,

178 801 361 866 inveniebat
382 825 425 867 ex
446 804 579 888 captivis
602 801 711 868 Sabim
732 803 851 866 flumen
873 803 913 867 ab
936 806 1047 867 castris
1070 807 1134 868 suis

178 910 240 951 non
254 909 302 950 am
328 887 388 951 lius
404 887 490 952 milia
505 909 656 972 passuum
675 895 700 949 X
716 888 844 953 abesse:
867 898 955 952 trans
970 888 1003 952 id
1017 889 1135 955 flumen

180 994 289 1036 omnes
306 910 450 1038 pNervios
477 973 659 1038 consedisse
687 973 921 1060 adventumque
950 974 995 1036 ibi
1020 974 1135 1039 Roma·

179 1080 291 1122 norum
320 1068 505 1144 exspectare
534 1081 598 1122 una
627 1081 698 1122 eum
726 1057 887 1124 Atrebatis
910 1069 941 1122 et
962 1059 1134 1124 Veroman-

177 1143 259 1225 duis,
282 1142 420 1206 finitimis
451 1144 515 1206 suis
544 1145 630 1228 (nam
660 1144 708 1207 his
736 1146 877 1230 utrisque
922 1156 1132 1229 ersuaserant,

178 1229 224 1292 uti
245 1228 379 1292 eandem
406 1227 483 1292 belli
502 1228 659 1294 fortunam
682 1167 931 1316 experirenturl3
958 1232 1135 1316 exspectari

178 1315 273 1378 etiam
285 1312 324 1377 ab
340 1313 389 1376 his
400 1311 637 1378 Aduatucorum
649 1315 756 1400 copias
769 1323 863 1400 atque
875 1337 945 1378 esse
960 1316 994 1378 in
1004 1317 1134 1380 itinere:

179 1398 327 1462 mulieres
361 1399 477 1485 quique
508 1422 567 1484 per
599 1408 734 1465 aetatem
769 1399 810 1462 ad
840 1422 979 1485 pugnam
1007 1401 1135 1464 inutiles

178 1483 364 1548 viderentur
395 1486 429 1547 in
459 1507 530 1549 eum
557 1484 661 1549 locum
691 1486 877 1567 coniecisse,
912 1508 974 1571 quo
1005 1496 1137 1572 propter

178 1568 311 1654 paludes
328 1571 480 1634 exercitui
503 1570 606 1634 aditus
627 1593 692 1635 non
714 1579 806 1635 esset.

244 1655 293 1718 17.
309 1655 368 1719 His
382 1654 478 1720 rebus
494 1657 627 1741 cognitis
643 1655 857 1741 exploratores
874 1657 1135 1744 centurionesque

178 1742 360 1825 praemittit,
380 1742 433 1826 qui
447 1742 550 1805 locum
565 1742 714 1806 idoneum
729 1744 842 1805 castris
857 1741 1005 1828 deligant.
1030 1743 1134 1822 Quum

180 1847 221 1889 ex
241 1825 397 1890 dediticiis
412 1827 520 1912 Belgis
538 1825 730 1913 reliquisque
746 1826 847 1891 Gallis
863 1825 1040 1912 complures
1056 1826 1134 1892 an-

178 1933 284 1976 sarem
299 1914 399 1976 secuti
412 1935 476 1975 una
490 1913 551 1976 iter
561 1912 709 1995 facerent,
727 1911 854 1998 quidam
869 1935 910 1977 ex
925 1913 983 1995 his,
1004 1923 1039 1976 ut
1050 1924 1133 1998 post-

178 2019 219 2061 ea
234 2018 276 2060 ex
290 1998 423 2082 captivis
445 1999 604 2097 cognitum
627 2007 683 2080 est,
708 2020 816 2063 eorum
832 1997 954 2063 dierum
969 2009 1133 2062 consuetu-

178 2081 254 2145 dine
265 2083 386 2145 itineris
398 2091 497 2146 nostri
513 2085 670 2147 exercitus
686 2091 853 2169 perspecta
864 2093 956 2148 nocte
971 2084 1012 2146 ad
1022 2083 1133 2148 Nervi·

177 2189 215 2231 os
230 2176 442 2252 pervenerunt
456 2177 550 2253 atque
565 2168 614 2231 his
630 2168 884 2233 demonstrarunt
899 2169 980 2232 inter
992 2168 1132 2255 singulas

179 2252 320 2338 legiones
335 2253 631 2338 impedimentorum
650 2276 799 2338 magnum
812 2276 979 2318 numerum
1000 2255 1133 2320 interce·

178 2337 265 2420 dere,
283 2360 387 2423 neque
403 2361 473 2403 esse
489 2342 657 2425 quicquam
671 2340 798 2424 negotii,
822 2361 918 2424 quum
932 2341 1035 2425 prima
1049 2340 1132 2426 legio

178 2425 212 2486 in
227 2430 331 2486 eastra
344 2425 493 2505 venisset,
515 2424 718 2511 reliquaeque
740 2424 881 2510 legiones
897 2448 1046 2511 magnum
1061 2447 1133 2573 spa·

178 2510 256 2572 tium
284 2508 440 2593 abessent,
464 2510 546 2573 hanc
568 2510 626 2574 sub
650 2511 781 2574 sarcinis
803 2510 933 2594 adoriri3
957 2533 1020 2596 qua
1040 2534 1084 2596 pu
1097 2533 1133 2574 sa

178 2594 473 2682 impedimentisque
496 2596 627 2682 direptis
642 2596 789 2680 futurum,
812 2603 847 2661 ut
866 2595 1006 2683 reliquae
1023 2605 1133 2662 contra

180 2680 351 2744 consistere
383 2704 447 2746 non
477 2683 637 2748 auderent.
681 2681 863 2748 Adiuvabat
896 2685 991 2746 etiam
1024 2705 1132 2746 eorum

178 2765 353 2849 consilium,
377 2769 522 2854 quirem
544 2768 734 2851 deferebant,
763 2769 846 2856 quod
867 2769 977 2832 Nervii
1000 2769 1131 2916 antiqui·

178 2859 239 2933 tus‚
263 2873 358 2936 quum
373 2855 514 2940 equitatu
533 2855 612 2919 nihil
625 2864 756 2940 possent
778 2866 832 2942 (ne
856 2877 895 2918 ue
912 2855 994 2918 enim
1017 2853 1057 2918 ad
1095 2877 1132 2918 oc

179 2946 303 3022 tempus
326 2940 356 3003 ei
377 2940 424 3002 rei
447 2940 582 3024 student,
607 2941 672 3024 sed,
697 2878 854 3028 quidquid
869 2949 1014 3025 possunt,
1037 2939 1133 3024 pede·
1164 2943 1169 2954 “

179 3020 297 3085 stribus
312 3023 421 3088 valent
435 3048 471 3090 co
495 3025 556 3113 iis),
581 3049 642 3113 quo
657 3026 779 3091 facilius
795 3026 997 3090 finitimorum
1013 3027 1133 3110 equita·

178 3117 254 3189 tum,
277 3109 305 3172 si
318 3111 458 3194 praedan
483 3113 489 3126 '
506 3133 603 3176 eausa
618 3112 659 3176 ad
675 3135 728 3178 eos
743 3113 913 3190 venissent,
934 3109 1131 3196 impedirent,

178 3196 295 3257 teneris
328 3193 493 3261 arboribus
529 3198 638 3261 incisis
668 3206 762 3285 atque
790 3197 917 3261 inflexis
948 3195 1132 3282 crebrisque

178 3281 211 3343 in
243 3280 440 3345 latitudinem
476 3284 571 3347 ramis
610 3286 709 3348 enatis
743 3291 786 3346 et
805 3281 893 3346 rubis
927 3281 1133 3366 sentibusque

178 3365 349 3432 interiectis
373 3368 552 3451 effecerant,
575 3378 610 3432 ut
630 3371 731 3432 instar
757 3369 840 3432 muri
862 3368 923 3431 hae
953 3388 1045 3451 sepes
1067 3389 1133 3429 mu-

178 3453 317 3517 nimenta
339 3453 538 3539 praeberent,
561 3478 623 3540 quo
646 3478 710 3536 non
730 3454 823 3519 modo
845 3475 909 3518 non
931 3453 1052 3535 intrari,
1078 3451 1132 3516 sed
