2538 3978
212 253 273 318 114
497 253 559 316 DE
580 253 723 318 BELLO
747 253 879 318 OIVlLI

210 423 342 489 insidias
363 424 487 507 fimens,
510 425 616 506 credo,
646 424 731 509 quod
758 422 838 489 hacc
858 433 985 511 praeter
1005 445 1021 487 s
1045 445 1095 488 em
1118 446 1173 490 ac·

211 509 357 573 ciderant
386 511 463 592 eius,
491 511 546 595 qui
570 510 665 596 paulo
692 519 765 574 ante
798 533 840 576 ex
868 511 979 574 castris
1011 446 1173 595 AEgientes

211 615 285 660 suos
318 605 535 679 conspexerat,
568 594 793 659 munitionibus
827 596 1079 682 appropinquare
1112 594 1171 660 ali·

210 679 361 766 quamdiu
395 702 459 744 non
496 679 650 762 audebat,
687 682 807 766 equites
830 702 869 744 ue
911 683 977 744 eius
1014 681 1171 764 angustiis

210 763 331 866 {portis}
355 775 448 851 atque
470 765 520 829 his
542 765 582 828 ab
605 765 751 830 Caesaris
773 768 814 829 m'
831 765 923 830 'tibus
946 767 1105 850 occupatis
1129 765 1171 828 ad
1252 817 1253 846 .

209 849 442 936 maequcndum
470 849 686 914 tardabantur.
722 850 771 914 Ita
798 873 915 937 parvae
944 873 997 914 res
1018 871 1173 934 magnum
1252 865 1253 884 ³

209 939 243 1000 in
264 947 432 1020 utramque
460 945 584 1020 partem
609 944 802 1000 momentum
828 935 1016 1000 habuerunt.
1042 935 1171 1000 Muniti-

211 1041 287 1085 ones
311 1022 393 1083 enim
417 1043 436 1084 a
457 1022 571 1084 castris
593 1021 634 1084 ad
655 1020 773 1086 flumen
787 1019 957 1106 perductae
979 1041 1020 1084 ex
1043 1021 1171 1105 agnatis

210 1107 274 1169 iam
296 1106 407 1168 caenis
429 1106 560 1191 Pompei
581 1107 742 1192 propriam
756 1105 998 1191 expeditamque
1020 1042 1171 1170 bassaris

210 1191 377 1255 victoriam
398 1191 462 1254 inte
503 1190 688 1272 ellaverunt,
719 1191 831 1256 eadem
858 1213 911 1256 res
939 1187 1099 1256 celeritate
1121 1192 1170 1254 in·

210 1277 409 1362 sequentium
431 1213 555 1340 taiiata
575 1277 691 1340 nostris
715 1276 849 1340 salutem
870 1276 982 1340 attulit

276 1361 327 1424 71.
349 1360 483 1424 Duobus
505 1361 554 1424 bis
583 1363 675 1424 unius
705 1361 768 1426 diei
795 1360 923 1447 proeliis
946 1360 1065 1426 Caesar
1086 1359 1172 1426 desi·

212 1445 336 1510 deravit
362 1445 478 1510 milites
507 1452 669 1510 nocootx
698 1456 730 1512 et
758 1455 873 1526 equites
981 1446 1173 1510 Tuticanum

211 1530 350 1612 Gallum,
374 1533 528 1596 senatoris
557 1531 666 1614 filium,
693 1541 783 1596 notos
806 1533 927 1617 equites
948 1530 1108 1596 Romanos
1131 1528 1170 1594 O.

210 1616 410 1701 Flsginatem
431 1616 603 1698 Placentia,
626 1616 667 1680 A.
697 1615 852 1684 Granium
873 1616 1023 1699 Puteolis,
1046 1617 1089 1683 M.
1113 1614 1172 1682 Sa·

210 1702 393 1766 crativirum
423 1700 542 1788 Capua,
571 1701 713 1766 tribunos
742 1701 877 1768 militum
905 1711 939 1766 et
968 1703 1171 1768 centuriones

210 1794 328 1869 xxxin
358 1786 414 1850 sed
442 1787 555 1852 borum
591 1789 729 1852 omnium
758 1810 832 1872 pars
866 1809 981 1872 magna
1012 1789 1046 1851 in
1073 1786 1169 1852 fossis

209 1872 500 1958 munitionibusque
529 1881 560 1936 et
588 1872 725 1936 fluminis
755 1874 832 1936 riis
861 1893 1014 1958 oppressa
1040 1893 1171 1936 suorum

209 1960 244 2021 in
265 1967 386 2022 terrore
407 1979 445 2020 ac
466 1958 542 2040 fuga
563 1960 631 2022 sine
659 1956 725 2021 ullo
747 1896 878 2022 vulnere
905 1958 1040 2026 interiitt
1064 1960 1169 2043 signa-

210 2063 273 2129 que
295 2051 369 2106 sunt
381 2042 531 2107 militaria
545 2043 661 2106 amissa
674 2049 786 2106 XXXII.
802 2043 971 2128 Pompeius
994 2064 1031 2107 eo
1046 2042 1168 2128 proelio

209 2131 381 2213 imperator
403 2136 451 2192 est
472 2127 657 2276 qppellatus.
687 2128 759 2192 Hoc
780 2151 895 2193 nomen
917 2128 1051 2192 obtinuit
1072 2138 1169 2214 atque

209 2215 256 2277 ita
277 2234 311 2276 se
333 2222 443 2297 postea
465 2236 479 2276 s
512 2214 594 2277 utari
620 2235 794 2298 passusne
818 2236 857 2278 ue
886 2214 919 2276 in
941 2213 1064 2294 litteris,
1088 2237 1167 2300 quas

211 2295 350 2362 scribere
365 2307 414 2362 est
428 2297 547 2380 solitus,
562 2319 666 2384 neque
685 2300 718 2362 in
733 2298 811 2362 fasci
834 2321 870 2362 us
885 2299 1023 2383 insignia
1037 2297 1167 2366 laureae

209 2382 366 2469 praetulit.
401 2382 446 2446 At
473 2381 644 2465 Labienus,
675 2407 771 2470 quum
797 2383 837 2448 ab
866 2406 904 2448 eo
924 2386 1166 2468 impetravisset,

210 2478 246 2532 ut
267 2467 328 2532 sibi
350 2470 490 2553 captivos
511 2467 594 2532 tradi
608 2468 739 2551 iuberet,
756 2491 864 2534 omnes
879 2468 1047 2554 productos
1063 2481 1165 2534 osten·

210 2553 346 2636 tationis,
380 2563 415 2617 ut
446 2552 620 2635 videbatur,
651 2575 754 2636 causa,
789 2576 850 2640 quo
882 2555 983 2618 maior
1014 2555 1165 2640 perfugae

209 2637 290 2702 fides
318 2638 498 2718 haberetur,
529 2639 757 2704 commilitones
790 2639 953 2724 appellans
987 2649 1018 2704 et
1049 2663 1165 2725 magna
1249 2663 1250 2672 ¹

210 2723 380 2789 verborum
410 2723 600 2789 contumelia
630 2726 845 2810 interrogans,
873 2723 1051 2789 solerentne
1079 2734 1167 2790 vete-

209 2809 280 2872 rani
301 2809 417 2874 milites
439 2809 558 2893 fugere,
581 2810 615 2872 in
642 2811 780 2874 omnium
808 2819 978 2895 conspectu
998 2810 1166 2876 interfecit.

275 2894 325 2958 72.
348 2895 408 2958 His
430 2894 525 2958 rebus
554 2903 674 2958 tantm
700 2894 834 2960 fiduciae
862 2916 899 2959 ac
922 2917 937 2958 s
960 2895 1049 2960 iritus
1069 2895 1166 2970 Pom-
1248 2899 1249 2928 ³

209 2980 330 3062 polanis
353 2981 496 3061 accessit,
518 2988 638 3044 utnon
667 2979 706 3044 de
735 2982 854 3044 ratione
881 2980 921 3044 be
949 2981 955 2996 ⁸
980 2982 1166 3065 cogitarent,

210 3063 267 3128 sed
289 3065 404 3128 vicisse
426 3065 489 3128 iam
517 3063 710 3128 viderentur.
732 3065 802 3129 Non
823 3064 870 3129 illi
892 3066 1080 3150 paucitatem
1108 3087 1167 3130 no-

209 3160 349 3214 strorum
364 3149 507 3232 militum,
528 3172 593 3214 non
607 3151 804 3236 iniquitatem
818 3149 879 3216 loci
888 3160 988 3237 atque
1003 3151 1167 3236 angustias
1246 3187 1248 3208 ι

208 3235 446 3321 praeoccupatis
486 3237 599 3300 castris
632 3245 664 3301 et
696 3237 864 3320 ancipitem
895 3245 1049 3301 terrorem
1080 3236 1168 3301 iutra

209 3328 364 3406 extraque
386 3321 584 3402 munitiones,
611 3343 674 3385 non
702 3320 862 3386 abscisum
890 3323 924 3385 in
951 3320 1029 3384 duas
1055 3329 1165 3407 partes
1247 3345 1248 3389 l

209 3407 400 3487 exercitum,
430 3427 526 3491 quum
554 3403 655 3470 altera
688 3405 781 3472 alteri
809 3404 962 3470 auxilium
990 3405 1071 3472 ferre
1099 3428 1167 3471 non
1246 3457 1247 3476 .

208 3499 326 3570 posset,
350 3511 463 3556 causae
483 3491 580 3556 fiisse
603 3488 801 3576 cogitabant.
814 3489 886 3555 Non
907 3489 1047 3557 adhaec
1068 3489 1165 3556 adde-
