2532 3968
496 220 753 288 PRAEFATIO.
1029 221 1104 289 LXI

149 395 251 460 clusit.
288 395 427 460 Probavi
479 394 542 458 uod
565 393 811 479 Oudendorpius
834 393 934 458 edidit
963 403 1101 474 maxime,

148 482 247 567 idque
269 482 355 546 etin
378 479 446 544 cod.
499 501 608 560 oraru,
632 479 724 544 etde
748 490 928 544 correctura
949 478 983 542 in
1006 479 1112 546 vind„

148 589 196 651 pr
228 578 340 630 exstat
387 565 453 630 Cur
481 565 542 628 hoc
557 528 758 712 adverbium
787 564 829 628 ad
857 587 956 646 nuper
987 565 1103 631 referri

148 674 212 716 non
256 653 342 734 assit,
365 661 400 714 ut
421 647 587 716 censuitN
619 649 737 734 p'i.l5,
754 648 900 734 equidem
916 671 980 714 non
995 649 1103 716 video

219 674 257 800 Iis
278 736 342 803 fine
365 759 391 801 c
410 737 450 799 lo
469 736 590 798 removi
607 735 794 820 suspicionis
810 735 944 819 siguum,
961 735 1044 820 quod
1060 731 1100 801 N

146 823 252 906 posuit
272 823 306 884 in
327 821 449 885 verbis:
473 827 556 884 Haec
579 843 637 898 quo
657 827 785 898 facilius
800 825 945 900 Pompeio
963 827 1115 900 probari·
1145 840 1150 846 ·

142 921 288 986 possent,
320 929 420 972 omnes
450 928 525 968 saar
553 919 711 970 terrestres
740 911 761 982 †
790 911 967 983 urbiumque
989 914 1101 984 copias

146 998 357 1066 dimissarum
380 989 581 1055 scribendum
605 1013 675 1054 esse
694 989 820 1089 ¹putavit
841 999 1031 1070 naviumque
1047 1013 1100 1056 co·

144 1084 226 1155 pias.
270 1076 420 1142 Attamen
442 1099 596 1156 errorem,
625 1098 686 1160 quc
716 1076 887 1160 genuinum
914 1085 1035 1140 nariam
1066 1078 1100 1142 in

146 1169 263 1226 turbium
286 1161 491 1246 depravatum
514 1183 584 1224 esse
607 1161 809 1242 existimavit,
832 1163 956 1225 nonita
923 1159 1098 1226 tafacilern

145 1257 239 1332 atque
265 1246 320 1310 ille
346 1248 465 1327 iudico,
496 1255 528 1309 et
557 1248 723 1331 quominus
746 1246 785 1310 de
813 1245 969 1309 industria
991 1269 1010 1309 a
1033 1270 1108 1316 ma·v

167 1333 244 1396 istro
273 1332 410 1416 quodam
438 1338 556 1398 urbium
588 1353 647 1416 pro
673 1339 795 1395 navium
823 1333 996 1430 repositum
1027 1355 1108 1418 esse¹

142 1354 305 1516 iaciamus,
328 1417 361 1480 id
382 1415 522 1502 impedit,
547 1416 632 1502 quod
654 1417 805 1500 magister
820 1418 924 1500 potius
940 1419 1100 1482 contraria

142 1504 265 1565 ratione
299 1503 446 1566 arbium
437 1524 470 1564 ιιι
493 1510 612 1566 uariam
634 1502 817 1566 mutandum
833 1503 1009 1565 censuisset
1009 1524 1099 1589 ,quc

142 1587 218 1654 trita
239 1587 296 1651 illa
319 1588 479 1672 copiarum
503 1587 663 1651 distinctio
686 1581 843 1651 evaderet.
867 1587 955 1650 At
931 1610 958 1650 ιι
972 1609 1038 1651 rem
1057 1587 1100 1653 ad

141 1672 251 1736 vivum
291 1693 488 1752 resecamus,
527 1681 653 1754 praeter
689 1671 855 1734 duodecim
890 1671 962 1736 illas
998 1694 1098 1737 naves

141 1755 272 1841 longas,
295 1780 374 1841 quas
397 1756 516 1821 Caesar
538 1779 643 1820 secum
667 1756 838 1821 Brundisio
859 1756 989 1822 duxisse
1003 1779 1081 1842 prae

143 1841 225 1906 sidio
255 1865 281 1908 c
311 1842 329 1906 7
359 1853 523 1922 narratur,
552 1865 592 1905 ue
620 1843 861 1907 commemorem
890 1841 1017 1927 quidem
1039 1866 1095 1928 po

140 1937 268 1991 tuerunt
299 1926 510 1992 Caesarianae
537 1927 665 1991 navium
688 1928 811 2012 copiae,
841 1949 938 2012 quum
967 1921 1104 1993 Caesari

141 2011 269 2112 quidem
285 2011 397 2076 classis
413 2023 505 2112 esset,
529 2034 591 2098 qua
605 2011 771 2096 legiones
762 2036 796 2076 ιιι
812 2013 979 2078 Graeciam
994 2022 1097 2076 trans·

140 2099 354 2180 mitterentur,
386 2121 449 2162 uon
470 2099 515 2160 ita
537 2098 664 2182 copiae,
699 2121 780 2184 quae
807 2098 937 2246 proprie
964 2097 1098 2164 navales

139 2181 333 2264 dicerentur,
362 2181 472 2282 quales
501 2183 629 2246 Pom
602 2205 650 2246 ero
686 2193 840 2263 erant,e
841 2182 995 2268 tquibus
1028 2207 1098 2250 rem

139 2270 222 2331 mari
243 2290 355 2352 gerere
377 2268 532 2352 potuisset
595 2290 670 2330 aves
695 2207 861 2333 Caesarie‘
851 2290 885 2330 un
907 2267 1041 2333 Vibonis
1065 2279 1098 2334 et

138 2351 309 2418 Messanae
332 2352 485 2438 portubus
508 2352 767 2434 suisse,1nf1ac
787 2354 1019 2432 salussam,
1037 2354 1102 2420 sed.

137 2448 276 2522 utraque
299 2437 409 2510 classis
432 2460 534 2501 vacua
557 2449 638 2518 erat,
667 2439 822 2524 oppidat
823 2461 915 2502 amen
937 2436 1097 2523 legionum

136 2523 307 2607 praesidiis
330 2523 530 2588 tenebantur
557 2523 596 2586 Iu
618 2522 704 2588 bello
726 2524 855 2588 taudem
877 2521 1097 2590 Alexandrino

139 2607 313 2674 Caesarem
336 2609 472 2673 navibus
494 2631 561 2671 rem
577 2631 690 2692 gerere
710 2609 865 2674 videmus
888 2606 1000 2708 Itaque
1016 2609 1096 2674 nihil

136 2693 171 2755 in
195 2693 303 2757 verbis
327 2717 423 2778 supra
445 2695 530 2779 posit
532 2695 558 2756 is
518 2694 765 2770 tnrutandum
790 2717 860 2759 esse
884 2694 1002 2758 censui

201 2775 237 2844 C
266 2779 302 2842 12
323 2803 386 2844 non
403 2802 472 2842 earu
493 2761 633 2842 iudicavi
652 2777 726 2843 libri
740 2779 840 2844 Paris.
865 2777 999 2842 etLeid
1017 2801 1094 2845 auc·

138 2865 310 2944 toritatem,
338 2877 372 2927 ut
399 2887 470 2927 cum
491 2863 683 2949 Nipperdeio
707 2887 815 2943 aquam
843 2877 1033 2944 comportare
1055 2874 1088 2930 ιἰι

135 2970 229 3014 arce
245 2971 307 3034 pro
329 2947 458 3034 vulgato
474 2971 575 3014 arcem
590 2947 770 3014 scriberem.
785 2949 823 3012 In
837 2947 932 3012 Vind
948 2971 996 3032 pr
1012 2971 1086 3016 arce

135 3043 298 3098 exaratum
327 3045 389 3120 est,
420 3057 516 3120 quum
545 3056 621 3098 casu
653 3036 770 3098 omissa
790 3034 843 3099 vel
877 3033 981 3098 deleta
1003 3044 1088 3098 esset

133 3117 190 3182 illa
211 3117 329 3184 lineola
352 3121 556 3204 superducta,
584 3121 671 3204 inept
672 3142 708 3184 us
659 3119 786 3184 tille
808 3117 972 3185 auferendi
994 3139 1090 3186 casus

135 3203 169 3310 in
190 3201 291 3283 libris,
314 3226 393 3289 quos
416 3204 499 3283 dixi,
522 3205 645 3289 prodiit.

149 3286 236 3353 O.
261 3289 301 3352 15
325 3311 366 3352 ex
387 3288 469 3354 libro
484 3288 621 3353 Vindob.
638 3287 740 3354 edidi:
763 3298 836 3356 velle
850 3313 883 3354 se
899 3298 935 3354 de
946 3312 1084 3354 maximas

134 3379 227 3438 rebus
250 3397 317 3438 cum
340 3379 467 3438 Caesari
488 3382 580 3456 loqui,
604 3382 641 3438 si
664 3381 840 3451 facultas
863 3383 988 3440 detur.
1022 3373 1092 3437 Ad-¹

133 3457 213 3522 dunt
237 3467 310 3544 post
331 3467 359 3523 is
379 3458 481 3524 Paris.
505 3481 567 3524 sec.
592 3469 624 3524 et
645 3457 735 3524 Leid.
757 3482 806 3545 pr.
830 3469 873 3543 ei,
896 3461 1007 3524 Petav.
1030 3467 1096 3527 sior·
