2532 3968
486 207 743 276 PRAEFATIO.
923 203 1094 272 ,xxxva

131 375 304 462 Souligero
320 399 429 444 omnes
443 379 607 464 viderunt3
632 379 689 444 sed
710 379 865 467 quomodo
876 380 963 446 'inter
978 378 1095 444 Caesa·

118 461 187 526 ²·ris
198 461 297 527 verba
310 464 467 536 intrusum
482 466 532 548 sit,
549 465 688 531 nondum
704 471 904 552 aperuerunt.
935 464 986 528 Ab
997 465 1093 528 irrter·
1151 475 1152 482 ’

123 546 282 632 2polatore
304 549 440 636 quodam
467 573 582 616 nomen
613 550 711 615 illud.
728 563 847 616 temere
875 551 982 616 fidium
1014 569 1094 634 esse,

135 631 235 718 plane
249 655 313 698 non
327 635 501 700 verisimile
517 645 581 720 est3
599 637 806 722 interpolator
821 638 904 700 enim
919 645 974 699 aut
985 634 1096 700 Curio·

136 721 189 782 nis
216 735 331 784 nomen
363 720 537 803 intulisset,
571 730 627 786 aut
649 723 789 805 Antonii,
820 745 840 786 a
862 743 924 808 quo
948 719 1096 786 Caesaris

130 804 290 888 epistolas
305 807 338 868 in
357 807 507 872 concione
523 809 671 872 recitatas
686 829 766 891 esse,
782 805 971 871 Plutarchus
983 816 1097 872 narrat

135 889 196 954 vit.
211 888 274 953 Jul.
291 889 384 956 Caes.
402 913 428 954 c.
445 893 495 956 30.
511 891 621 956 Restat
641 893 745 977 igitur,
767 901 803 956 ut
817 888 910 956 Fabii
923 911 1039 955 nomen
1051 911 1097 956 ex

128 975 321 1060 ,corruptela
344 977 480 1062 quadam
502 977 673 1043 verborum
704 977 852 1043 Caesaris
876 987 1003 1042 enatum
1026 997 1096 1043 esse

138 1060 365 1126 existimemus.
410 1062 445 1127 Si
467 1063 550 1128 enim
572 1064 674 1148 ipsam
704 1062 778 1127 libri
807 1063 970 1128 exordium
999 1063 1095 1126 inter·

125 1145 203 1222 jisse
225 1145 367 1231 facimus,
390 1147 423 1211 in
446 1169 508 1235 quo
531 1149 570 1214 de
587 1147 725 1214 Curione
748 1148 788 1212 ab
809 1147 949 1213 Caesare
964 1147 1097 1212 Romam

127 1252 213 1294 oum
236 1231 347 1296 litteris
376 1234 509 1299 remisso
530 1235 684 1320 monitum
706 1244 789 1316 erat,
817 1234 956 1297 narratio
979 1234 1097 1297 iamin

126 1315 226 1380 'buna
247 1317 374 1383 modum
399 1321 575 1383 continuari
596 1322 715 1406 poma:
743 1325 867 1384 Litteris
888 1325 934 1383 ab
957 1339 999 1382 eo
1022 1337 1097 1383 eon-

128 1409 259 1467 saiibus
293 1411 430 1470 redditis.
482 1405 619 1470 Perditis
653 1407 799 1492 proxime
836 1401 1097 1468 antecedentibus

138 1487 249 1552 verbis
270 1491 332 1552 iam
354 1491 424 1554 fieri
446 1493 597 1577 nequivit,
648 1494 702 1560 uin
724 1489 857 1554 voculae
880 1496 917 1554 ab
940 1509 975 1554 eo
996 1490 1098 1552 maxi·

137 1595 261 1647 marum
297 1575 460 1638 turbarum
495 1599 606 1640 ansam
627 1513 754 1640 (ierant.
795 1575 973 1659 Adseripsit
995 1575 1096 1656 enim,

134 1660 196 1744 ¹qui
240 1667 334 1725 erat
357 1683 392 1730 ea
418 1684 482 1726 non
514 1662 576 1726 nisi
605 1661 776 1730 Caesarem
802 1660 976 1746 significari
1003 1679 1097 1744 posse

140 1683 287 1828 videbat,
322 1745 520 1811 Caesaris
549 1769 665 1812 nomen
696 1749 729 1812 in
755 1747 898 1831 margine
923 1744 977 1808 vel
1002 1767 1098 1832 super

134 1849 280 1911 ¹versum,
311 1853 371 1895 nec
408 1832 589 1914 defuerunt,
625 1833 679 1918 qui
700 1831 762 1895 hoe
783 1833 1097 1916 interpretamentum

133 1915 225 1990 ¹inter
246 1918 317 2001 ipsa
339 1927 504 1982 contextus
524 1917 624 1982 verba
642 1918 831 2003 reciperent.
858 1917 902 1980 At
920 1935 1015 2002 quum
1031 1915 1094 1978 iam

136 1999 305 2086 'legeretur
335 2009 459 2068 Litteris
480 2011 517 2068 ab
548 2025 582 2068 eo
611 2010 742 2068 Caesare
770 2007 948 2068 consulebas
971 2009 1098 2066 redditis

139 2107 318 2172 pronomen
327 2087 608 2153 demonstrativum
620 2111 683 2152 non
697 2087 833 2174 amplius
844 2087 975 2150 tolerari
985 2089 1096 2172 potuit,

135 2181 175 2235 -et
190 2194 285 2257 quum
309 2172 428 2242 bomini
449 2174 573 2238 suidam
589 2173 762 2238 subtilioris
784 2173 905 2257 ingenii
919 2171 1043 2235 litterae
1059 2179 1096 2238 ab

144 2278 179 2322 eo
195 2257 256 2320 reli
278 2260 349 2322 uiae
361 2259 527 2345 depravati
543 2258 674 2324 alienius
689 2260 825 2323 nominis
845 2257 1039 2340 viderentur,
1056 2280 1097 2323 ex

137 2349 218 2416 abeo
238 2279 361 2407 adfinxit
379 2351 514 2412 aFabio.
538 2343 617 2410 Inde
629 2355 698 2410 orta
709 2354 758 2407 est
768 2344 872 2425 lectio,
885 2365 979 2430 quam
995 2343 1098 2408 codex

139 2427 308 2494 Leidensis
336 2431 457 2516 primus
480 2432 633 2496 servavit:
665 2435 795 2494 Litterae
816 2451 837 2493 o
862 2433 956 2493 Fabi
963 2451 980 2494 o
1009 2435 1097 2494 Cae·

142 2536 237 2579 sare
266 2537 290 2579 e.
316 2538 343 2594 q.
367 2540 392 2580 s.
427 2516 472 2579 At
520 2538 594 2580 uum
620 2539 685 2583 non
707 2516 840 2579 haberet
862 2513 1020 2578 ablativus
1041 2514 1097 2578 ille

138 2607 275 2666 Caesare
296 2601 380 2666 ande
403 2540 605 2687 dependeret,
633 2601 846 2666 additamento
872 2599 1008 2685 quodam
1038 2598 1096 2663 ful·

143 2685 273 2749 ciendus
304 2696 386 2769 erat,
415 2688 510 2774 idque
534 2687 592 2752 sibi
620 2689 763 2751 effecisse
785 2684 869 2750 haud
892 2684 987 2749 dubie
1008 2687 1096 2749 visus

143 2781 207 2854 est,
237 2773 291 2858 qui
319 2774 438 2857 primus
467 2795 550 2855 eum,
584 2773 668 2858 quod
698 2776 730 2837 in
760 2770 880 2857 aliquot
907 2771 996 2834 libris
1024 2779 1097 2834 ante

145 2863 275 2923 Caesare
291 2868 401 2942 exstat,
424 2860 572 2946 reposuit.
604 2858 668 2922 Sed
687 2858 787 2922 verba
802 2856 908 2944 qualia
929 2857 991 2919 iam
1007 2875 1097 2918 sona·

139 2942 221 3008 bant
256 2949 396 3008 Litteris
421 2967 439 3009 a
460 2951 589 3010 Fabia
619 2967 694 3010 eam
724 2950 885 3007 Caesare
921 2947 1097 3006 consulibus

142 3037 271 3094 redditis
286 3029 413 3114 plaeere
427 3053 490 3096 non
505 3031 654 3115 potuisse,
677 3029 761 3093 baud
777 3030 889 3110 mirum
906 3037 968 3108 est3
991 3028 1097 3111 itaque

144 3121 274 3180 Caesare
288 3117 322 3179 in
338 3123 488 3199 Caesaris,
511 3116 775 3202 praepositionem
796 3124 900 3176 autem
923 3135 987 3176 cara
1008 3112 1041 3174 in
1065 3117 1096 3193 C,

144 3200 258 3286 siglam
289 3201 350 3266 Gai
380 3203 592 3288 praenominis
621 3201 835 3264 immutarunt.
876 3198 966 3260 Haeo
988 3218 1096 3260 reeen-

143 3286 205 3350 tior
226 3286 397 3352 verborum
413 3287 576 3353 adornatio
602 3293 645 3364 (C.
671 3293 828 3363 Caesaris)
852 3303 992 3363 cumea,
1016 3303 1097 3430 (puae

144 3383 236 3436 antea
268 3372 413 3457 placebat
447 3381 527 3450 (eam
561 3379 723 3457 Caesare),
757 3373 871 3435 mirum
904 3371 937 3432 in
969 3389 1021 3430 rno
1044 3389 1098 3430 um

144 3457 259 3522 eoaluit
289 3467 320 3521 et
351 3459 385 3522 in
411 3460 521 3525 'codiee
550 3457 687 3524 Vindob.
716 3480 780 3544 pn,
810 3456 856 3518 in'
872 3453 1098 3579 quosslegiturt

921 3561 939 3605 o
