2562 3966
179 243 240 322 rra
436 257 498 320 nn
520 256 664 321 nunno
688 255 880 322 saturon

177 417 374 494 altitudinem
403 425 520 514 pedum
549 427 792 514 praeduxerant.
836 429 916 493 Eius
943 427 1136 510 munitionis,

177 535 258 602 quae
288 513 328 578 ab
357 515 508 579 Romanis
537 514 771 597 instituebatur,
800 516 949 579 circuitus
983 520 1022 578 XI
1050 514 1138 578 milia

176 621 328 687 passuum
363 599 500 666 tenebat.
560 599 675 664 Castra
710 601 893 686 opportunis
925 599 1004 664 locis
1046 608 1138 664 erant

176 688 282 773 posita
310 685 416 772 ibique
445 685 575 751 castella
605 686 719 770 viginti
744 689 806 749 tria
833 687 931 767 facta,
960 685 1074 772 quibus
1104 686 1137 748 in

176 771 315 837 castellis
337 770 473 835 interdiu
497 771 647 836 stationes
664 772 871 856 ponebantur,
894 793 1013 856 nequa
1036 769 1138 835 subito

176 859 300 944 eruptio
329 857 434 921 fieret:
468 857 549 921 haec
575 857 687 921 eadem
712 866 809 922 noctu
837 855 1071 922 excubitoribus
1101 875 1140 920 ac

176 944 275 1008 firmis
298 943 465 1028 praesidiis
487 942 686 1008 tenebantur.

241 1028 291 1093 70.
321 1029 427 1114 Opere
454 1030 597 1094 instituto
619 1027 654 1090 fit
682 1037 828 1115 equestre
854 1027 1012 1114 proelium
1038 1027 1072 1091 in
1101 1049 1140 1092 ea

175 1114 315 1200 planitie,
347 1137 441 1201 quam
470 1115 684 1180 intermissam
714 1113 847 1178 collibus
876 1115 939 1177 tria
960 1113 1047 1178 milia
1067 1135 1139 1198 pas·

177 1223 269 1264 suum
291 1201 324 1262 in
346 1199 575 1285 longitudinem
595 1208 704 1285 patere
728 1223 765 1263 su
788 1221 823 1263 ra
843 1199 1137 1264 demonstravimus.

177 1285 309 1352 Summa
336 1287 369 1349 vi
403 1285 444 1349 ab
473 1287 617 1371 utrisque
647 1223 856 1350 contenditur.
905 1284 1139 1350 Laborantibus

177 1373 293 1450 nostris
324 1369 444 1435 Caesar
467 1371 644 1436 Germanos
669 1371 823 1434 submittit
852 1370 995 1456 legiones
1019 1392 1059 1434 ue
1080 1391 1138 1455 pro

118 1466 121 1478 '
177 1458 289 1520 castris
312 1459 482 1539 constituit,
509 1479 550 1521 ne
574 1479 636 1542 qua
658 1456 761 1520 subito
784 1458 916 1543 irruptio
940 1456 980 1520 ab
998 1394 1140 1533 bostium

177 1541 319 1627 peditatu
355 1541 419 1606 fiat.
479 1542 644 1606 Praesidio
680 1541 841 1627 legionum
882 1542 988 1606 addito
1022 1541 1140 1606 nostris

178 1629 302 1691 animus
333 1636 479 1714 augetur:
518 1627 624 1692 hostes
653 1628 686 1691 in
714 1627 823 1713 fugam
849 1628 983 1693 coniecti
1017 1649 1051 1691 se
1079 1626 1141 1712 ipsi

177 1713 375 1778 multitudine
411 1713 588 1800 impediunt
631 1723 727 1802 atque
765 1713 999 1798 angustioribus
1039 1713 1140 1798 portis

176 1799 294 1864 relictis
332 1809 566 1864 coacervantur.
623 1798 775 1863 Germani
812 1800 916 1863 acrius
956 1821 1057 1884 usque
1101 1797 1142 1862 ad

176 1885 367 1960 munitiones
391 1894 573 1971 sequuntur.
611 1884 664 1948 Fit
684 1907 801 1972 magna
829 1884 965 1950 caedes:
998 1883 1142 1950 nonnulli

176 1970 295 2035 relictis
337 1973 427 2056 equis
464 1971 582 2034 fossam
614 1973 751 2036 transire
786 1980 818 2036 et
851 1972 1022 2037 maceriam
1057 1979 1141 2034 tran·

178 2055 332 2121 scendere
354 2065 516 2120 conantur.
571 2057 707 2120 Paulum
736 2057 879 2142 legiones
910 2056 1039 2140 Caesar,
1063 2077 1141 2141 quas

177 2141 341 2228 provallo
364 2145 582 2226 constituerat,
605 2145 787 2227 promoveri
807 2143 904 2207 iubet.
932 2142 1004 2206 Non
1025 2141 1140 2223 minus,

177 2229 233 2312 qui
246 2228 330 2292 intra
344 2229 534 2293 munitiones
551 2237 648 2311 erant,
665 2226 898 2314 'perturbantur
914 2227 1016 2292 Galli:
1039 2225 1143 2290 veniri

178 2311 219 2376 ad
242 2335 276 2378 se
299 2314 465 2378 confestim
488 2315 706 2378 existimantes
735 2314 775 2379 ad
802 2336 892 2379 arma
928 2311 1141 2396 conclamant3

176 2398 321 2462 nonnulli
348 2400 508 2484 perterriti
535 2401 569 2462 in
595 2399 745 2484 opidum
776 2401 964 2484 irrumpunt.
1009 2397 1141 2462 Vercin-

200 2487 301 2549 etorix
335 2485 423 2548 iubet
457 2494 565 2585 portas
601 2423 722 2568 claudi,
761 2508 801 2548 ne
834 2494 939 2548 castra
972 2483 1141 2548 nudentur.

212 2569 286 2633 ultis
308 2569 491 2652 interlectrs,
516 2568 729 2656 compluribus
752 2571 841 2657 equis
865 2570 966 2655 captis
990 2568 1143 2634 Germani

178 2675 249 2719 sese
270 2658 438 2740 recipiunt.
512 2731 514 2738 Ι

242 2741 293 2805 71.
309 2741 562 2827 Vercingetorix,
575 2742 758 2829 priusquam
769 2743 960 2806 munitiones
973 2740 1013 2806 ab
1026 2741 1141 2805 Roma·

176 2827 226 2890 nis
248 2826 461 2912 perficiantur,
485 2829 649 2891 consilium
671 2847 709 2890 ca
731 2828 763 2909 it,
788 2829 913 2891 omnem
935 2827 975 2891 ab
998 2849 1033 2890 se
1056 2829 1142 2913 equi-

176 2919 277 2976 tatum
291 2921 386 2977 noctu
398 2913 563 2977 dimittere.
597 2849 844 2976 Discedentibus
855 2913 994 2996 mandat,
1006 2921 1041 2976 ut
1052 2934 1143 2977 suam

178 2999 312 3084 quisque
335 2997 445 3063 eorum
468 2999 627 3062 civitatem
654 2997 747 3062 adeat
776 3021 965 3086 omnesque,
1002 2997 1056 3084 qui
1076 3021 1143 3148 per

179 3093 315 3148 aetatem
337 3107 426 3147 arma
452 3083 535 3147 ferre
556 3085 686 3169 possint,
711 3084 752 3149 ad
772 3083 893 3148 bellum
916 3093 1039 3170 cogant.
1100 3105 1142 3148 ua

178 3170 212 3231 in
234 3168 305 3233 illos
328 3171 442 3233 merita
462 3171 609 3255 proponit
632 3169 879 3271 obtestaturque,
902 3177 937 3233 ut
960 3191 1036 3234 suae
1059 3168 1140 3233 salu·

178 3255 218 3316 tis
252 3255 408 3318 rationem
438 3255 576 3344 habeant
609 3277 672 3319 neu
704 3279 738 3321 se
769 3265 885 3341 opt1me
915 3255 955 3318 de
983 3255 1142 3319 communi

178 3336 326 3403 libertate
341 3341 487 3404 meritum
501 3341 535 3404 in
550 3343 724 3406 cruciatum
738 3341 887 3406 hostibus.
898 3339 1022 3405 dedant.
1048 3338 1142 3418 Quod

154 3425 207 3492 ,si
242 3423 492 3509 indiligentiores
533 3425 664 3511 fuerint,
700 3427 788 3492 milia
820 3425 983 3490 hominum
1017 3424 1142 3490 delecta

180 3511 340 3594 octoginta
361 3531 425 3574 una
447 3533 555 3576 secum
577 3514 745 3578 interitura
770 3513 974 3578 demonstrat.
1007 3511 1142 3578 Ratione
