<?xml version="1.0" encoding="UTF-8"?>
<!DOCTYPE html PUBLIC "-//W3C//DTD XHTML 1.0 Transitional//EN"
    "http://www.w3.org/TR/xhtml1/DTD/xhtml1-transitional.dtd">
<html xmlns="http://www.w3.org/1999/xhtml" xml:lang="en" lang="en">
 <head>
  <title>
</title>
<meta http-equiv="Content-Type" content="text/html;charset=utf-8" />
  <meta name='ocr-system' content='tesseract 3.04.00' />
  <meta name='ocr-capabilities' content='ocr_page ocr_carea ocr_par ocr_line ocrx_word'/>
</head>
<body>
  <div class='ocr_page' id='page_1' title='image "./ciuliicaesarisc01hirtgoog_0247.png"; bbox 0 0 2532 3968; ppageno 0'>
   <div class='ocr_carea' id='block_1_1' title="bbox 190 262 802 337">
    <p class='ocr_par' dir='ltr' id='par_1_1' title="bbox 190 262 802 337">
     <span class='ocr_line' id='line_1_1' title="bbox 190 262 802 337; baseline -0.008 0"><span class='ocrx_word' id='word_1_1' title='bbox 190 266 271 337; x_wconf 83' lang='lat' dir='ltr'>VIII</span> <span class='ocrx_word' id='word_1_2' title='bbox 544 262 802 332; x_wconf 77' lang='lat' dir='ltr'><strong>PRAEFATIO.</strong></span> 
     </span>
    </p>
   </div>
   <div class='ocr_carea' id='block_1_2' title="bbox 184 443 1151 2981">
    <p class='ocr_par' dir='ltr' id='par_1_2' title="bbox 184 443 1151 2981">
     <span class='ocr_line' id='line_1_2' title="bbox 192 443 1146 526; baseline -0.003 -20"><span class='ocrx_word' id='word_1_3' title='bbox 192 448 234 506; x_wconf 85' lang='lat' dir='ltr'><strong><em>tio</em></strong></span> <span class='ocrx_word' id='word_1_4' title='bbox 257 453 303 506; x_wconf 87' lang='lat' dir='ltr'><strong><em>est</em></strong></span> <span class='ocrx_word' id='word_1_5' title='bbox 320 445 417 526; x_wconf 76' lang='lat' dir='ltr'><strong><em>func,</em></strong></span> <span class='ocrx_word' id='word_1_6' title='bbox 440 451 474 506; x_wconf 91' lang='lat' dir='ltr'><strong><em>ut</em></strong></span> <span class='ocrx_word' id='word_1_7' title='bbox 493 447 594 504; x_wconf 87' lang='lat' dir='ltr'><strong><em>nostri</em></strong></span> <span class='ocrx_word' id='word_1_8' title='bbox 621 446 708 504; x_wconf 85' lang='lat' dir='ltr'><strong><em>etium</em></strong></span> <span class='ocrx_word' id='word_1_9' title='bbox 735 445 788 516; x_wconf 80' lang='lat' dir='ltr'><strong><em>uui</em></strong></span> <span class='ocrx_word' id='word_1_10' title='bbox 808 444 984 502; x_wconf 79' lang='lat' dir='ltr'><strong><em>uulneribus</em></strong></span> <span class='ocrx_word' id='word_1_11' title='bbox 1001 443 1146 520; x_wconf 57' lang='lat' dir='ltr'><strong><em>‘conjecti</em></strong></span> 
     </span>
     <span class='ocr_line' id='line_1_3' title="bbox 189 530 1138 606; baseline -0.004 -16"><span class='ocrx_word' id='word_1_12' title='bbox 189 531 435 606; x_wconf 76' lang='lat' dir='ltr'><strong><em>procubuissent,</em></strong></span> <span class='ocrx_word' id='word_1_13' title='bbox 463 532 559 590; x_wconf 84' lang='lat' dir='ltr'><strong><em>scutis</em></strong></span> <span class='ocrx_word' id='word_1_14' title='bbox 580 531 682 588; x_wconf 75' lang='lat' dir='ltr'><strong><em>innisi</em></strong></span> <span class='ocrx_word' id='word_1_15' title='bbox 698 531 849 604; x_wconf 82' lang='lat' dir='ltr'><strong><em>proelium</em></strong></span> <span class='ocrx_word' id='word_1_16' title='bbox 868 530 1138 602; x_wconf 65' lang='lat' dir='ltr'><strong><em>rectinteprurent,b</em></strong></span> 
     </span>
     <span class='ocr_line' id='line_1_4' title="bbox 192 615 1138 692; baseline -0.002 -18"><span class='ocrx_word' id='word_1_17' title='bbox 192 623 252 675; x_wconf 75' lang='lat' dir='ltr'><strong><em>mm</em></strong></span> <span class='ocrx_word' id='word_1_18' title='bbox 273 617 397 675; x_wconf 80' lang='lat' dir='ltr'><strong><em>colones</em></strong></span> <span class='ocrx_word' id='word_1_19' title='bbox 419 617 601 692; x_wconf 88' lang='lat' dir='ltr'><strong><em>perterritos</em></strong></span> <span class='ocrx_word' id='word_1_20' title='bbox 629 616 730 672; x_wconf 81' lang='lat' dir='ltr'><strong><em>nostes</em></strong></span> <span class='ocrx_word' id='word_1_21' title='bbox 752 615 924 688; x_wconf 84' lang='lat' dir='ltr'><strong><em>conspicati</em></strong></span> <span class='ocrx_word' id='word_1_22' title='bbox 944 616 1032 673; x_wconf 87' lang='lat' dir='ltr'><strong><em>etium</em></strong></span> <span class='ocrx_word' id='word_1_23' title='bbox 1054 617 1138 673; x_wconf 91' lang='lat' dir='ltr'><strong><em>iner-</em></strong></span> 
     </span>
     <span class='ocr_line' id='line_1_5' title="bbox 190 702 1141 774; baseline -0.002 -14"><span class='ocrx_word' id='word_1_24' title='bbox 190 717 252 760; x_wconf 84' lang='lat' dir='ltr'><strong><em>mes</em></strong></span> <span class='ocrx_word' id='word_1_25' title='bbox 274 703 399 760; x_wconf 88' lang='lat' dir='ltr'><strong><em>crmutis</em></strong></span> <span class='ocrx_word' id='word_1_26' title='bbox 424 705 688 769; x_wconf 86' lang='lat' dir='ltr'><strong><em>occurrerunt,</em></strong></span> <span class='ocrx_word' id='word_1_27' title='bbox 712 702 825 772; x_wconf 78' lang='lat' dir='ltr'><strong><em>equites</em></strong></span> <span class='ocrx_word' id='word_1_28' title='bbox 847 715 929 770; x_wconf 80' lang='lat' dir='ltr'><strong><em>cero,</em></strong></span> <span class='ocrx_word' id='word_1_29' title='bbox 954 705 987 757; x_wconf 91' lang='lat' dir='ltr'><strong><em>ut</em></strong></span> <span class='ocrx_word' id='word_1_30' title='bbox 1008 703 1141 774; x_wconf 46' lang='lat' dir='ltr'><strong><em>turpiter*-</em></strong></span> 
     </span>
     <span class='ocr_line' id='line_1_6' title="bbox 190 784 1137 859; baseline -0.003 -14"><span class='ocrx_word' id='word_1_31' title='bbox 190 787 289 845; x_wconf 83' lang='lat' dir='ltr'><strong><em>dinem</em></strong></span> <span class='ocrx_word' id='word_1_32' title='bbox 314 786 409 859; x_wconf 80' lang='lat' dir='ltr'><strong><em>fupoe</em></strong></span> <span class='ocrx_word' id='word_1_33' title='bbox 437 788 546 844; x_wconf 86' lang='lat' dir='ltr'><strong><em>uirtute</em></strong></span> <span class='ocrx_word' id='word_1_34' title='bbox 580 785 726 855; x_wconf 86' lang='lat' dir='ltr'><strong><em>delerent,</em></strong></span> <span class='ocrx_word' id='word_1_35' title='bbox 757 784 893 843; x_wconf 80' lang='lat' dir='ltr'><strong><em>omnibus</em></strong></span> <span class='ocrx_word' id='word_1_36' title='bbox 919 787 950 842; x_wconf 91' lang='lat' dir='ltr'><strong><em>in</em></strong></span> <span class='ocrx_word' id='word_1_37' title='bbox 972 784 1049 843; x_wconf 84' lang='lat' dir='ltr'><strong><em>locis</em></strong></span> <span class='ocrx_word' id='word_1_38' title='bbox 1067 801 1137 859; x_wconf 56' lang='lat' dir='ltr'><strong><em>pus</em></strong></span> 
     </span>
     <span class='ocr_line' id='line_1_7' title="bbox 189 864 1136 949; baseline -0.002 -21"><span class='ocrx_word' id='word_1_39' title='bbox 189 875 313 944; x_wconf 71' lang='lat' dir='ltr'><strong><em>prount,</em></strong></span> <span class='ocrx_word' id='word_1_40' title='bbox 339 887 406 943; x_wconf 79' lang='lat' dir='ltr'><strong><em>quo</em></strong></span> <span class='ocrx_word' id='word_1_41' title='bbox 429 887 463 930; x_wconf 85' lang='lat' dir='ltr'><strong><em>se</em></strong></span> <span class='ocrx_word' id='word_1_42' title='bbox 481 871 661 943; x_wconf 77' lang='lat' dir='ltr'><strong><em>lepioncrt&#39;is</em></strong></span> <span class='ocrx_word' id='word_1_43' title='bbox 675 869 819 928; x_wconf 78' lang='lat' dir='ltr'><strong><em>militibus</em></strong></span> <span class='ocrx_word' id='word_1_44' title='bbox 829 870 1028 943; x_wconf 81' lang='lat' dir='ltr'><strong><em>praeferrent</em></strong></span> <span class='ocrx_word' id='word_1_45' title='bbox 1040 864 1136 949; x_wconf 88' lang='lat' dir='ltr'><strong><em>plane</em></strong></span> 
     </span>
     <span class='ocr_line' id='line_1_8' title="bbox 189 947 1146 1035; baseline -0.001 -22"><span class='ocrx_word' id='word_1_46' title='bbox 189 950 328 1035; x_wconf 79' lang='lat' dir='ltr'><strong><em>genuine</em></strong></span> <span class='ocrx_word' id='word_1_47' title='bbox 357 957 426 1014; x_wconf 84' lang='lat' dir='ltr'><strong><em>csse</em></strong></span> <span class='ocrx_word' id='word_1_48' title='bbox 463 948 628 1014; x_wconf 81' lang='lat' dir='ltr'><strong><em>contendo.</em></strong></span> <span class='ocrx_word' id='word_1_49' title='bbox 663 947 701 1011; x_wconf 56' lang='lat' dir='ltr'><strong><em>Ns</em></strong></span> <span class='ocrx_word' id='word_1_50' title='bbox 730 957 761 1013; x_wconf 88' lang='lat' dir='ltr'><strong><em>et</em></strong></span> <span class='ocrx_word' id='word_1_51' title='bbox 791 959 987 1013; x_wconf 87' lang='lat' dir='ltr'><strong><em>occurrerent</em></strong></span> <span class='ocrx_word' id='word_1_52' title='bbox 1008 949 1146 1033; x_wconf 78' lang='lat' dir='ltr'><strong><em>scripsit</em></strong></span> 
     </span>
     <span class='ocr_line' id='line_1_9' title="bbox 190 1032 1137 1118; baseline -0.002 -21"><span class='ocrx_word' id='word_1_53' title='bbox 190 1043 221 1098; x_wconf 87' lang='lat' dir='ltr'><strong><em>et</em></strong></span> <span class='ocrx_word' id='word_1_54' title='bbox 242 1032 343 1098; x_wconf 85' lang='lat' dir='ltr'><strong><em>verba</em></strong></span> <span class='ocrx_word' id='word_1_55' title='bbox 360 1047 501 1114; x_wconf 78' lang='lat' dir='ltr'><strong><em>pupnunt</em></strong></span> <span class='ocrx_word' id='word_1_56' title='bbox 527 1055 584 1112; x_wconf 80' lang='lat' dir='ltr'><strong><em>quo</em></strong></span> <span class='ocrx_word' id='word_1_57' title='bbox 606 1032 753 1098; x_wconf 84' lang='lat' dir='ltr'><strong><em>exsulare</em></strong></span> <span class='ocrx_word' id='word_1_58' title='bbox 774 1033 874 1096; x_wconf 86' lang='lat' dir='ltr'><strong><em>iussit.</em></strong></span> <span class='ocrx_word' id='word_1_59' title='bbox 898 1032 1008 1112; x_wconf 78' lang='lat' dir='ltr'><strong><em>Qualis</em></strong></span> <span class='ocrx_word' id='word_1_60' title='bbox 1023 1032 1137 1118; x_wconf 82' lang='lat' dir='ltr'><strong><em>proelii</em></strong></span> 
     </span>
     <span class='ocr_line' id='line_1_10' title="bbox 189 1117 1145 1204; baseline -0.002 -22"><span class='ocrx_word' id='word_1_61' title='bbox 189 1120 393 1182; x_wconf 85' lang='lat' dir='ltr'><strong><em>commutatio</em></strong></span> <span class='ocrx_word' id='word_1_62' title='bbox 423 1121 464 1182; x_wconf 85' lang='lat' dir='ltr'><strong><em>sit</em></strong></span> <span class='ocrx_word' id='word_1_63' title='bbox 492 1120 575 1182; x_wconf 86' lang='lat' dir='ltr'><strong><em>faeta</em></strong></span> <span class='ocrx_word' id='word_1_64' title='bbox 604 1128 635 1181; x_wconf 88' lang='lat' dir='ltr'><strong><em>et</em></strong></span> <span class='ocrx_word' id='word_1_65' title='bbox 657 1118 710 1204; x_wconf 90' lang='lat' dir='ltr'><strong><em>qui</em></strong></span> <span class='ocrx_word' id='word_1_66' title='bbox 730 1117 893 1202; x_wconf 90' lang='lat' dir='ltr'><strong><em>pugnandi</em></strong></span> <span class='ocrx_word' id='word_1_67' title='bbox 915 1118 1009 1182; x_wconf 90' lang='lat' dir='ltr'><strong><em>ardor</em></strong></span> <span class='ocrx_word' id='word_1_68' title='bbox 1030 1117 1145 1181; x_wconf 47' lang='lat' dir='ltr'><strong><em>militi-1</em></strong></span> 
     </span>
     <span class='ocr_line' id='line_1_11' title="bbox 188 1201 1145 1288; baseline 0 -22"><span class='ocrx_word' id='word_1_69' title='bbox 188 1201 248 1266; x_wconf 87' lang='lat' dir='ltr'><strong><em>bus</em></strong></span> <span class='ocrx_word' id='word_1_70' title='bbox 271 1203 395 1267; x_wconf 84' lang='lat' dir='ltr'><strong><em>additus</em></strong></span> <span class='ocrx_word' id='word_1_71' title='bbox 418 1206 465 1282; x_wconf 86' lang='lat' dir='ltr'><strong><em>sit,</em></strong></span> <span class='ocrx_word' id='word_1_72' title='bbox 488 1203 562 1266; x_wconf 86' lang='lat' dir='ltr'><strong><em>inde</em></strong></span> <span class='ocrx_word' id='word_1_73' title='bbox 584 1203 659 1265; x_wconf 84' lang='lat' dir='ltr'><strong><em>satis</em></strong></span> <span class='ocrx_word' id='word_1_74' title='bbox 681 1205 828 1287; x_wconf 86' lang='lat' dir='ltr'><strong><em>aperitur,</em></strong></span> <span class='ocrx_word' id='word_1_75' title='bbox 852 1202 935 1286; x_wconf 90' lang='lat' dir='ltr'><strong><em>quod</em></strong></span> <span class='ocrx_word' id='word_1_76' title='bbox 955 1205 1060 1285; x_wconf 85' lang='lat' dir='ltr'><strong><em>,etiam</em></strong></span> <span class='ocrx_word' id='word_1_77' title='bbox 1083 1203 1145 1288; x_wconf 91' lang='lat' dir='ltr'><strong><em>qui·</em></strong></span> 
     </span>
     <span class='ocr_line' id='line_1_12' title="bbox 188 1287 1147 1372; baseline -0.002 -20"><span class='ocrx_word' id='word_1_78' title='bbox 188 1287 373 1352; x_wconf 87' lang='lat' dir='ltr'><strong><em>vulneribus</em></strong></span> <span class='ocrx_word' id='word_1_79' title='bbox 390 1289 522 1353; x_wconf 86' lang='lat' dir='ltr'><strong><em>confecti</em></strong></span> <span class='ocrx_word' id='word_1_80' title='bbox 538 1287 788 1372; x_wconf 78' lang='lat' dir='ltr'><strong><em>procubuissent,</em></strong></span> <span class='ocrx_word' id='word_1_81' title='bbox 812 1289 907 1351; x_wconf 87' lang='lat' dir='ltr'><strong><em>scutis</em></strong></span> <span class='ocrx_word' id='word_1_82' title='bbox 921 1288 1022 1352; x_wconf 85' lang='lat' dir='ltr'>innixi</span> <span class='ocrx_word' id='word_1_83' title='bbox 1043 1307 1147 1372; x_wconf 67' lang='lat' dir='ltr'><strong><em>pree-³</em></strong></span> 
     </span>
     <span class='ocr_line' id='line_1_13' title="bbox 186 1371 1134 1458; baseline 0 -22"><span class='ocrx_word' id='word_1_84' title='bbox 186 1372 265 1436; x_wconf 90' lang='lat' dir='ltr'><strong><em>lium</em></strong></span> <span class='ocrx_word' id='word_1_85' title='bbox 300 1373 571 1457; x_wconf 87' lang='lat' dir='ltr'><strong><em>redintegrarent‚‘</em></strong></span> <span class='ocrx_word' id='word_1_86' title='bbox 602 1394 706 1458; x_wconf 90' lang='lat' dir='ltr'><strong><em>neque</em></strong></span> <span class='ocrx_word' id='word_1_87' title='bbox 735 1395 806 1453; x_wconf 86' lang='lat' dir='ltr'><strong><em>eos,</em></strong></span> <span class='ocrx_word' id='word_1_88' title='bbox 829 1375 883 1456; x_wconf 90' lang='lat' dir='ltr'><strong><em>qui</em></strong></span> <span class='ocrx_word' id='word_1_89' title='bbox 904 1373 1043 1436; x_wconf 89' lang='lat' dir='ltr'><strong><em>nondum</em></strong></span> <span class='ocrx_word' id='word_1_90' title='bbox 1065 1371 1134 1436; x_wconf 52' lang='lat' dir='ltr'><strong><em>vata</em></strong></span> 
     </span>
     <span class='ocr_line' id='line_1_14' title="bbox 187 1456 1134 1544; baseline -0.001 -23"><span class='ocrx_word' id='word_1_91' title='bbox 187 1456 316 1521; x_wconf 84' lang='lat' dir='ltr'><strong><em>neribus</em></strong></span> <span class='ocrx_word' id='word_1_92' title='bbox 337 1461 500 1544; x_wconf 89' lang='lat' dir='ltr'><strong><em>quominus</em></strong></span> <span class='ocrx_word' id='word_1_93' title='bbox 520 1466 698 1542; x_wconf 80' lang='lat' dir='ltr'><strong><em>pugnarent</em></strong></span> <span class='ocrx_word' id='word_1_94' title='bbox 715 1456 980 1542; x_wconf 86' lang='lat' dir='ltr'><strong><em>impediebantur,</em></strong></span> <span class='ocrx_word' id='word_1_95' title='bbox 1004 1479 1134 1542; x_wconf 87' lang='lat' dir='ltr'><strong><em>conspe·</em></strong></span> 
     </span>
     <span class='ocr_line' id='line_1_15' title="bbox 188 1541 1148 1628; baseline 0 -22"><span class='ocrx_word' id='word_1_96' title='bbox 188 1543 247 1606; x_wconf 89' lang='lat' dir='ltr'><strong><em>ctis</em></strong></span> <span class='ocrx_word' id='word_1_97' title='bbox 260 1541 437 1627; x_wconf 85' lang='lat' dir='ltr'><strong><em>legionibus</em></strong></span> <span class='ocrx_word' id='word_1_98' title='bbox 449 1542 588 1606; x_wconf 87' lang='lat' dir='ltr'><strong><em>subsidio</em></strong></span> <span class='ocrx_word' id='word_1_99' title='bbox 598 1541 921 1628; x_wconf 81' lang='lat' dir='ltr'><strong><em>appropinquantibus</em></strong></span> <span class='ocrx_word' id='word_1_100' title='bbox 933 1543 996 1605; x_wconf 86' lang='lat' dir='ltr'><strong><em>iam</em></strong></span> <span class='ocrx_word' id='word_1_101' title='bbox 1005 1544 1148 1626; x_wconf 64' lang='lat' dir='ltr'><strong><em>‘segnius</em></strong></span> 
     </span>
     <span class='ocr_line' id='line_1_16' title="bbox 208 1625 1136 1714; baseline 0 -24"><span class='ocrx_word' id='word_1_102' title='bbox 208 1651 355 1714; x_wconf 85' lang='lat' dir='ltr'><strong><em>ugnasse,</em></strong></span> <span class='ocrx_word' id='word_1_103' title='bbox 377 1649 434 1712; x_wconf 91' lang='lat' dir='ltr'><strong><em>per</em></strong></span> <span class='ocrx_word' id='word_1_104' title='bbox 457 1650 491 1690; x_wconf 86' lang='lat' dir='ltr'><strong><em>se</em></strong></span> <span class='ocrx_word' id='word_1_105' title='bbox 514 1636 609 1712; x_wconf 87' lang='lat' dir='ltr'><strong><em>patet.</em></strong></span> <span class='ocrx_word' id='word_1_106' title='bbox 654 1625 748 1706; x_wconf 73' lang='lat' dir='ltr'><strong><em>Quod</em></strong></span> <span class='ocrx_word' id='word_1_107' title='bbox 763 1648 858 1712; x_wconf 91' lang='lat' dir='ltr'><strong><em>quum</em></strong></span> <span class='ocrx_word' id='word_1_108' title='bbox 880 1628 1027 1692; x_wconf 83' lang='lat' dir='ltr'><strong><em>contiuuo</em></strong></span> <span class='ocrx_word' id='word_1_109' title='bbox 1050 1635 1136 1692; x_wconf 88' lang='lat' dir='ltr'><strong><em>esset</em></strong></span> 
     </span>
     <span class='ocr_line' id='line_1_17' title="bbox 186 1650 1134 1798; baseline -0.001 -22"><span class='ocrx_word' id='word_1_110' title='bbox 186 1650 313 1794; x_wconf 73' lang='lat' dir='ltr'><strong><em>iactum,</em></strong></span> <span class='ocrx_word' id='word_1_111' title='bbox 348 1711 432 1798; x_wconf 88' lang='lat' dir='ltr'><strong><em>quod</em></strong></span> <span class='ocrx_word' id='word_1_112' title='bbox 456 1734 538 1776; x_wconf 86' lang='lat' dir='ltr'><strong><em>novo</em></strong></span> <span class='ocrx_word' id='word_1_113' title='bbox 561 1712 671 1776; x_wconf 87' lang='lat' dir='ltr'><strong><em>ardore</em></strong></span> <span class='ocrx_word' id='word_1_114' title='bbox 694 1713 859 1797; x_wconf 79' lang='lat' dir='ltr'><strong><em>legionarii</em></strong></span> <span class='ocrx_word' id='word_1_115' title='bbox 880 1712 975 1776; x_wconf 83' lang='lat' dir='ltr'><strong><em>etiam</em></strong></span> <span class='ocrx_word' id='word_1_116' title='bbox 996 1711 1134 1775; x_wconf 90' lang='lat' dir='ltr'><strong><em>vulneri·</em></strong></span> 
     </span>
     <span class='ocr_line' id='line_1_18' title="bbox 185 1795 1148 1883; baseline -0.001 -22"><span class='ocrx_word' id='word_1_117' title='bbox 185 1795 245 1861; x_wconf 87' lang='lat' dir='ltr'><strong><em>bus</em></strong></span> <span class='ocrx_word' id='word_1_118' title='bbox 277 1820 378 1883; x_wconf 87' lang='lat' dir='ltr'><strong><em>paene</em></strong></span> <span class='ocrx_word' id='word_1_119' title='bbox 407 1797 539 1862; x_wconf 86' lang='lat' dir='ltr'><strong><em>confecti</em></strong></span> <span class='ocrx_word' id='word_1_120' title='bbox 566 1796 720 1882; x_wconf 90' lang='lat' dir='ltr'><strong><em>proelium</em></strong></span> <span class='ocrx_word' id='word_1_121' title='bbox 743 1799 974 1878; x_wconf 88' lang='lat' dir='ltr'><strong><em>continuarunt,</em></strong></span> <span class='ocrx_word' id='word_1_122' title='bbox 996 1797 1030 1859; x_wconf 90' lang='lat' dir='ltr'><strong><em>id</em></strong></span> <span class='ocrx_word' id='word_1_123' title='bbox 1052 1795 1148 1882; x_wconf 81' lang='lat' dir='ltr'><strong><em>quoti·</em></strong></span> 
     </span>
     <span class='ocr_line' id='line_1_19' title="bbox 185 1882 1149 1967; baseline 0 -21"><span class='ocrx_word' id='word_1_124' title='bbox 185 1883 249 1946; x_wconf 90' lang='lat' dir='ltr'><strong><em>iam</em></strong></span> <span class='ocrx_word' id='word_1_125' title='bbox 272 1882 398 1946; x_wconf 81' lang='lat' dir='ltr'><strong><em>calones</em></strong></span> <span class='ocrx_word' id='word_1_126' title='bbox 421 1892 452 1946; x_wconf 87' lang='lat' dir='ltr'><strong><em>et</em></strong></span> <span class='ocrx_word' id='word_1_127' title='bbox 481 1884 603 1967; x_wconf 84' lang='lat' dir='ltr'><strong><em>equites</em></strong></span> <span class='ocrx_word' id='word_1_128' title='bbox 624 1883 858 1966; x_wconf 83' lang='lat' dir='ltr'><strong><em>praestitemmt,</em></strong></span> <span class='ocrx_word' id='word_1_129' title='bbox 882 1882 992 1946; x_wconf 88' lang='lat' dir='ltr'><strong><em>eodem</em></strong></span> <span class='ocrx_word' id='word_1_130' title='bbox 1014 1891 1149 1966; x_wconf 50' lang='lat' dir='ltr'><strong><em>tempo?</em></strong></span> 
     </span>
     <span class='ocr_line' id='line_1_20' title="bbox 184 1966 1149 2051; baseline -0.002 -20"><span class='ocrx_word' id='word_1_131' title='bbox 184 1969 229 2031; x_wconf 87' lang='lat' dir='ltr'><strong><em>ris</em></strong></span> <span class='ocrx_word' id='word_1_132' title='bbox 262 1977 418 2031; x_wconf 84' lang='lat' dir='ltr'><strong><em>momento</em></strong></span> <span class='ocrx_word' id='word_1_133' title='bbox 450 1968 518 2031; x_wconf 91' lang='lat' dir='ltr'><strong><em>fieri</em></strong></span> <span class='ocrx_word' id='word_1_134' title='bbox 547 1967 744 2051; x_wconf 84' lang='lat' dir='ltr'><strong><em>nequivisse,</em></strong></span> <span class='ocrx_word' id='word_1_135' title='bbox 775 1968 830 2030; x_wconf 82' lang='lat' dir='ltr'><strong><em>vix</em></strong></span> <span class='ocrx_word' id='word_1_136' title='bbox 857 1977 905 2031; x_wconf 88' lang='lat' dir='ltr'><strong><em>est</em></strong></span> <span class='ocrx_word' id='word_1_137' title='bbox 926 1983 984 2030; x_wconf 88' lang='lat' dir='ltr'><strong><em>cur</em></strong></span> <span class='ocrx_word' id='word_1_138' title='bbox 1006 1966 1149 2030; x_wconf 78' lang='lat' dir='ltr'><strong><em>demon·-</em></strong></span> 
     </span>
     <span class='ocr_line' id='line_1_21' title="bbox 188 2051 1132 2136; baseline -0.002 -20"><span class='ocrx_word' id='word_1_139' title='bbox 188 2061 293 2116; x_wconf 87' lang='lat' dir='ltr'><strong><em>strem.</em></strong></span> <span class='ocrx_word' id='word_1_140' title='bbox 338 2051 471 2116; x_wconf 78' lang='lat' dir='ltr'><strong><em>Calones</em></strong></span> <span class='ocrx_word' id='word_1_141' title='bbox 508 2055 592 2116; x_wconf 88' lang='lat' dir='ltr'><strong><em>enim</em></strong></span> <span class='ocrx_word' id='word_1_142' title='bbox 626 2060 657 2114; x_wconf 86' lang='lat' dir='ltr'><strong><em>et</em></strong></span> <span class='ocrx_word' id='word_1_143' title='bbox 690 2054 812 2136; x_wconf 87' lang='lat' dir='ltr'><strong><em>equites</em></strong></span> <span class='ocrx_word' id='word_1_144' title='bbox 845 2051 920 2136; x_wconf 81' lang='lat' dir='ltr'><strong><em>fuge</em></strong></span> <span class='ocrx_word' id='word_1_145' title='bbox 955 2053 989 2115; x_wconf 92' lang='lat' dir='ltr'><strong><em>in</em></strong></span> <span class='ocrx_word' id='word_1_146' title='bbox 1023 2073 1132 2116; x_wconf 87' lang='lat' dir='ltr'><strong><em>omnes</em></strong></span> 
     </span>
     <span class='ocr_line' id='line_1_22' title="bbox 185 2135 1134 2223; baseline -0.002 -23"><span class='ocrx_word' id='word_1_147' title='bbox 185 2146 292 2222; x_wconf 82' lang='lat' dir='ltr'><strong><em>partes</em></strong></span> <span class='ocrx_word' id='word_1_148' title='bbox 329 2137 497 2223; x_wconf 87' lang='lat' dir='ltr'><strong><em>dissipatos</em></strong></span> <span class='ocrx_word' id='word_1_149' title='bbox 532 2157 596 2201; x_wconf 88' lang='lat' dir='ltr'><strong><em>non</em></strong></span> <span class='ocrx_word' id='word_1_150' title='bbox 623 2137 710 2220; x_wconf 89' lang='lat' dir='ltr'><strong><em>prius</em></strong></span> <span class='ocrx_word' id='word_1_151' title='bbox 732 2139 765 2200; x_wconf 91' lang='lat' dir='ltr'><strong><em>in</em></strong></span> <span class='ocrx_word' id='word_1_152' title='bbox 786 2135 940 2222; x_wconf 89' lang='lat' dir='ltr'><strong><em>proelium</em></strong></span> <span class='ocrx_word' id='word_1_153' title='bbox 961 2137 1134 2199; x_wconf 79' lang='lat' dir='ltr'><strong><em>revertisse</em></strong></span> 
     </span>
     <span class='ocr_line' id='line_1_23' title="bbox 187 2219 1149 2306; baseline -0.001 -23"><span class='ocrx_word' id='word_1_154' title='bbox 187 2243 280 2306; x_wconf 86' lang='lat' dir='ltr'><strong><em>quam</em></strong></span> <span class='ocrx_word' id='word_1_155' title='bbox 306 2221 362 2285; x_wconf 87' lang='lat' dir='ltr'><strong><em>illa</em></strong></span> <span class='ocrx_word' id='word_1_156' title='bbox 387 2224 451 2286; x_wconf 84' lang='lat' dir='ltr'><strong><em>iam</em></strong></span> <span class='ocrx_word' id='word_1_157' title='bbox 479 2221 562 2285; x_wconf 88' lang='lat' dir='ltr'><strong><em>faeta</em></strong></span> <span class='ocrx_word' id='word_1_158' title='bbox 591 2230 674 2286; x_wconf 85' lang='lat' dir='ltr'><strong><em>esset</em></strong></span> <span class='ocrx_word' id='word_1_159' title='bbox 695 2243 802 2286; x_wconf 86' lang='lat' dir='ltr'><strong><em>rerum</em></strong></span> <span class='ocrx_word' id='word_1_160' title='bbox 824 2221 1032 2299; x_wconf 81' lang='lat' dir='ltr'><strong><em>commutatio,</em></strong></span> <span class='ocrx_word' id='word_1_161' title='bbox 1055 2219 1149 2305; x_wconf 65' lang='lat' dir='ltr'><strong><em>ipsis-¹</em></strong></span> 
     </span>
     <span class='ocr_line' id='line_1_24' title="bbox 185 2305 1150 2387; baseline -0.001 -18"><span class='ocrx_word' id='word_1_162' title='bbox 185 2305 291 2370; x_wconf 85' lang='lat' dir='ltr'><strong><em>verbis</em></strong></span> <span class='ocrx_word' id='word_1_163' title='bbox 314 2320 372 2370; x_wconf 86' lang='lat' dir='ltr'><strong><em>tuni</em></strong></span> <span class='ocrx_word' id='word_1_164' title='bbox 395 2315 518 2372; x_wconf 84' lang='lat' dir='ltr'><strong><em>catones</em></strong></span> <span class='ocrx_word' id='word_1_165' title='bbox 536 2315 782 2387; x_wconf 84' lang='lat' dir='ltr'><strong><em>perterritos</em></strong></span> <span class='ocrx_word' id='word_1_166' title='bbox 803 2313 936 2370; x_wconf 76' lang='lat' dir='ltr'><strong><em>nostes</em></strong></span> <span class='ocrx_word' id='word_1_167' title='bbox 963 2313 1150 2384; x_wconf 67' lang='lat' dir='ltr'><strong><em>conspicati</em></strong></span> 
     </span>
     <span class='ocr_line' id='line_1_25' title="bbox 186 2389 1133 2476; baseline -0.001 -22"><span class='ocrx_word' id='word_1_168' title='bbox 186 2390 298 2455; x_wconf 85' lang='lat' dir='ltr'><strong><em>elucet.</em></strong></span> <span class='ocrx_word' id='word_1_169' title='bbox 321 2390 431 2476; x_wconf 86' lang='lat' dir='ltr'><strong><em>Itaque</em></strong></span> <span class='ocrx_word' id='word_1_170' title='bbox 453 2402 574 2456; x_wconf 88' lang='lat' dir='ltr'><strong><em>tantum</em></strong></span> <span class='ocrx_word' id='word_1_171' title='bbox 597 2390 695 2472; x_wconf 88' lang='lat' dir='ltr'><strong><em>abest,</em></strong></span> <span class='ocrx_word' id='word_1_172' title='bbox 717 2401 753 2454; x_wconf 71' lang='lat' dir='ltr'><strong><em>&#39;ut</em></strong></span> <span class='ocrx_word' id='word_1_173' title='bbox 774 2393 808 2453; x_wconf 92' lang='lat' dir='ltr'><strong><em>in</em></strong></span> <span class='ocrx_word' id='word_1_174' title='bbox 829 2391 868 2453; x_wconf 85' lang='lat' dir='ltr'><strong><em>iis</em></strong></span> <span class='ocrx_word' id='word_1_175' title='bbox 884 2412 964 2474; x_wconf 84' lang='lat' dir='ltr'><strong><em>quae</em></strong></span> <span class='ocrx_word' id='word_1_176' title='bbox 988 2389 1027 2453; x_wconf 91' lang='lat' dir='ltr'><strong><em>de</em></strong></span> <span class='ocrx_word' id='word_1_177' title='bbox 1050 2389 1133 2454; x_wconf 89' lang='lat' dir='ltr'><strong><em>calo-</em></strong></span> 
     </span>
     <span class='ocr_line' id='line_1_26' title="bbox 185 2475 1151 2560; baseline 0 -22"><span class='ocrx_word' id='word_1_178' title='bbox 185 2475 279 2539; x_wconf 85' lang='lat' dir='ltr'><strong><em>nibus</em></strong></span> <span class='ocrx_word' id='word_1_179' title='bbox 302 2485 332 2540; x_wconf 87' lang='lat' dir='ltr'><strong><em>et</em></strong></span> <span class='ocrx_word' id='word_1_180' title='bbox 355 2477 511 2560; x_wconf 86' lang='lat' dir='ltr'><strong><em>equitibus</em></strong></span> <span class='ocrx_word' id='word_1_181' title='bbox 538 2476 725 2556; x_wconf 85' lang='lat' dir='ltr'><strong><em>referuntur,</em></strong></span> <span class='ocrx_word' id='word_1_182' title='bbox 756 2475 889 2539; x_wconf 89' lang='lat' dir='ltr'><strong><em>eandem</em></strong></span> <span class='ocrx_word' id='word_1_183' title='bbox 912 2475 1151 2538; x_wconf 59' lang='lat' dir='ltr'><strong><em>enuntiationis</em></strong></span> 
     </span>
     <span class='ocr_line' id='line_1_27' title="bbox 186 2560 1150 2640; baseline 0 -16"><span class='ocrx_word' id='word_1_184' title='bbox 186 2563 450 2625; x_wconf 80' lang='lat' dir='ltr'><strong><em>constructionem</em></strong></span> <span class='ocrx_word' id='word_1_185' title='bbox 479 2561 654 2624; x_wconf 81' lang='lat' dir='ltr'><strong><em>continuari</em></strong></span> <span class='ocrx_word' id='word_1_186' title='bbox 686 2581 817 2624; x_wconf 87' lang='lat' dir='ltr'><strong><em>necesse</em></strong></span> <span class='ocrx_word' id='word_1_187' title='bbox 850 2562 898 2640; x_wconf 89' lang='lat' dir='ltr'><strong><em>sit,</em></strong></span> <span class='ocrx_word' id='word_1_188' title='bbox 928 2569 963 2623; x_wconf 89' lang='lat' dir='ltr'><strong><em>ut</em></strong></span> <span class='ocrx_word' id='word_1_189' title='bbox 984 2581 1041 2623; x_wconf 89' lang='lat' dir='ltr'><strong><em>suo</em></strong></span> <span class='ocrx_word' id='word_1_190' title='bbox 1063 2560 1150 2624; x_wconf 73' lang='lat' dir='ltr'><strong><em>iure-</em></strong></span> 
     </span>
     <span class='ocr_line' id='line_1_28' title="bbox 185 2643 1133 2730; baseline -0.001 -21"><span class='ocrx_word' id='word_1_191' title='bbox 185 2647 320 2710; x_wconf 85' lang='lat' dir='ltr'><strong><em>arctiore</em></strong></span> <span class='ocrx_word' id='word_1_192' title='bbox 348 2667 434 2708; x_wconf 89' lang='lat' dir='ltr'><strong><em>nexu</em></strong></span> <span class='ocrx_word' id='word_1_193' title='bbox 461 2644 636 2729; x_wconf 77' lang='lat' dir='ltr'><strong><em>solvantur3</em></strong></span> <span class='ocrx_word' id='word_1_194' title='bbox 667 2646 713 2708; x_wconf 86' lang='lat' dir='ltr'><strong><em>sic</em></strong></span> <span class='ocrx_word' id='word_1_195' title='bbox 742 2644 866 2708; x_wconf 90' lang='lat' dir='ltr'><strong><em>demum</em></strong></span> <span class='ocrx_word' id='word_1_196' title='bbox 887 2643 1042 2730; x_wconf 81' lang='lat' dir='ltr'><strong><em>particula</em></strong></span> <span class='ocrx_word' id='word_1_197' title='bbox 1061 2657 1133 2722; x_wconf 81' lang='lat' dir='ltr'><strong><em>tune,</em></strong></span> 
     </span>
     <span class='ocr_line' id='line_1_29' title="bbox 208 2729 1151 2819; baseline -0.002 -25"><span class='ocrx_word' id='word_1_198' title='bbox 208 2753 269 2794; x_wconf 87' lang='lat' dir='ltr'><strong><em>uae</em></strong></span> <span class='ocrx_word' id='word_1_199' title='bbox 290 2740 418 2814; x_wconf 89' lang='lat' dir='ltr'><strong><em>recepta</em></strong></span> <span class='ocrx_word' id='word_1_200' title='bbox 446 2729 593 2794; x_wconf 85' lang='lat' dir='ltr'><strong><em>lectione</em></strong></span> <span class='ocrx_word' id='word_1_201' title='bbox 614 2743 810 2796; x_wconf 86' lang='lat' dir='ltr'><strong><em>occurrerent</em></strong></span> <span class='ocrx_word' id='word_1_202' title='bbox 829 2731 885 2794; x_wconf 87' lang='lat' dir='ltr'><strong><em>vix</em></strong></span> <span class='ocrx_word' id='word_1_203' title='bbox 906 2729 1068 2819; x_wconf 69' lang='lat' dir='ltr'><strong><em>toleranda</em></strong></span> <span class='ocrx_word' id='word_1_204' title='bbox 1088 2729 1151 2793; x_wconf 60' lang='lat' dir='ltr'><strong><em>vi·v</em></strong></span> 
     </span>
     <span class='ocr_line' id='line_1_30' title="bbox 185 2753 1150 2900; baseline -0.002 -20"><span class='ocrx_word' id='word_1_205' title='bbox 185 2753 284 2896; x_wconf 72' lang='lat' dir='ltr'><strong><em>istm,</em></strong></span> <span class='ocrx_word' id='word_1_206' title='bbox 308 2815 423 2900; x_wconf 91' lang='lat' dir='ltr'><strong><em>optime</em></strong></span> <span class='ocrx_word' id='word_1_207' title='bbox 446 2837 480 2878; x_wconf 86' lang='lat' dir='ltr'><strong><em>se</em></strong></span> <span class='ocrx_word' id='word_1_208' title='bbox 503 2814 606 2878; x_wconf 83' lang='lat' dir='ltr'><strong><em>hebet.</em></strong></span> <span class='ocrx_word' id='word_1_209' title='bbox 649 2815 760 2900; x_wconf 88' lang='lat' dir='ltr'><strong><em>Neque</em></strong></span> <span class='ocrx_word' id='word_1_210' title='bbox 783 2824 831 2878; x_wconf 87' lang='lat' dir='ltr'><strong><em>est</em></strong></span> <span class='ocrx_word' id='word_1_211' title='bbox 853 2837 908 2879; x_wconf 87' lang='lat' dir='ltr'><strong><em>cur</em></strong></span> <span class='ocrx_word' id='word_1_212' title='bbox 929 2814 1028 2880; x_wconf 85' lang='lat' dir='ltr'><strong><em>verba</em></strong></span> <span class='ocrx_word' id='word_1_213' title='bbox 1050 2822 1150 2894; x_wconf 70' lang='lat' dir='ltr'><strong><em>equi·</em></strong></span> 
     </span>
     <span class='ocr_line' id='line_1_31' title="bbox 185 2907 1151 2981; baseline 0 -17"><span class='ocrx_word' id='word_1_214' title='bbox 185 2915 231 2966; x_wconf 82' lang='lat' dir='ltr'><strong><em>ius</em></strong></span> <span class='ocrx_word' id='word_1_215' title='bbox 253 2920 334 2978; x_wconf 86' lang='lat' dir='ltr'><strong><em>uero,</em></strong></span> <span class='ocrx_word' id='word_1_216' title='bbox 351 2912 384 2963; x_wconf 93' lang='lat' dir='ltr'><strong><em>ut</em></strong></span> <span class='ocrx_word' id='word_1_217' title='bbox 397 2908 612 2980; x_wconf 76' lang='lat' dir='ltr'><strong><em>turpitudinem</em></strong></span> <span class='ocrx_word' id='word_1_218' title='bbox 624 2908 720 2981; x_wconf 78' lang='lat' dir='ltr'><strong><em>supce</em></strong></span> <span class='ocrx_word' id='word_1_219' title='bbox 734 2909 843 2965; x_wconf 87' lang='lat' dir='ltr'><strong><em>uirtute</em></strong></span> <span class='ocrx_word' id='word_1_220' title='bbox 861 2907 1000 2976; x_wconf 80' lang='lat' dir='ltr'><strong><em>delerent,</em></strong></span> <span class='ocrx_word' id='word_1_221' title='bbox 1018 2920 1096 2964; x_wconf 85' lang='lat' dir='ltr'><strong><em>omn</em></strong></span> <span class='ocrx_word' id='word_1_222' title='bbox 1106 2907 1151 2964; x_wconf 54' lang='grc' dir='ltr'><strong><em>τῖ’</em></strong></span> 
     </span>
    </p>
   </div>
   <div class='ocr_carea' id='block_1_3' title="bbox 184 2992 1250 3066">
    <p class='ocr_par' dir='ltr' id='par_1_3' title="bbox 184 2992 1250 3066">
     <span class='ocr_line' id='line_1_32' title="bbox 184 2992 1250 3066; baseline 0 -14"><span class='ocrx_word' id='word_1_223' title='bbox 184 2993 254 3052; x_wconf 82' lang='lat' dir='ltr'><strong><em>bus</em></strong></span> <span class='ocrx_word' id='word_1_224' title='bbox 277 2994 315 3050; x_wconf 92' lang='lat' dir='ltr'><strong><em>in</em></strong></span> <span class='ocrx_word' id='word_1_225' title='bbox 337 2992 437 3050; x_wconf 84' lang='lat' dir='ltr'><strong><em>locis</em></strong></span> <span class='ocrx_word' id='word_1_226' title='bbox 459 2999 648 3066; x_wconf 67' lang='lat' dir='ltr'><strong><em>puerant,</em></strong></span> <span class='ocrx_word' id='word_1_227' title='bbox 680 3008 738 3064; x_wconf 86' lang='lat' dir='ltr'><strong><em>quo</em></strong></span> <span class='ocrx_word' id='word_1_228' title='bbox 771 3009 804 3050; x_wconf 85' lang='lat' dir='ltr'><strong><em>se</em></strong></span> <span class='ocrx_word' id='word_1_229' title='bbox 833 2993 1012 3064; x_wconf 75' lang='lat' dir='ltr'><strong><em>lepionuriis</em></strong></span> <span class='ocrx_word' id='word_1_230' title='bbox 1033 2992 1151 3049; x_wconf 68' lang='lat' dir='ltr'><strong><em>militi-²</em></strong></span> <span class='ocrx_word' id='word_1_231' title='bbox 1249 3045 1250 3052; x_wconf 72' lang='grc'>,</span> 
     </span>
    </p>
   </div>
   <div class='ocr_carea' id='block_1_4' title="bbox 182 3069 1151 3582">
    <p class='ocr_par' dir='ltr' id='par_1_4' title="bbox 182 3069 1151 3582">
     <span class='ocr_line' id='line_1_33' title="bbox 184 3069 1131 3156; baseline -0.004 -18"><span class='ocrx_word' id='word_1_232' title='bbox 184 3079 240 3138; x_wconf 82' lang='lat' dir='ltr'><strong><em>bus</em></strong></span> <span class='ocrx_word' id='word_1_233' title='bbox 258 3078 452 3151; x_wconf 82' lang='lat' dir='ltr'><strong><em>praeferrent</em></strong></span> <span class='ocrx_word' id='word_1_234' title='bbox 472 3072 651 3156; x_wconf 87' lang='lat' dir='ltr'><strong><em>suspicione</em></strong></span> <span class='ocrx_word' id='word_1_235' title='bbox 672 3083 863 3156; x_wconf 83' lang='lat' dir='ltr'><strong><em>premantur.</em></strong></span> <span class='ocrx_word' id='word_1_236' title='bbox 908 3069 971 3148; x_wconf 77' lang='lat' dir='ltr'><strong><em>Qui</em></strong></span> <span class='ocrx_word' id='word_1_237' title='bbox 994 3071 1131 3135; x_wconf 91' lang='lat' dir='ltr'><strong><em>enimin</em></strong></span> 
     </span>
     <span class='ocr_line' id='line_1_34' title="bbox 185 3154 1151 3242; baseline -0.003 -22"><span class='ocrx_word' id='word_1_238' title='bbox 185 3178 232 3238; x_wconf 89' lang='lat' dir='ltr'><strong><em>eo,</em></strong></span> <span class='ocrx_word' id='word_1_239' title='bbox 256 3155 339 3242; x_wconf 91' lang='lat' dir='ltr'><strong><em>quod</em></strong></span> <span class='ocrx_word' id='word_1_240' title='bbox 362 3158 482 3241; x_wconf 89' lang='lat' dir='ltr'><strong><em>equites</em></strong></span> <span class='ocrx_word' id='word_1_241' title='bbox 504 3158 538 3218; x_wconf 92' lang='lat' dir='ltr'><strong><em>in</em></strong></span> <span class='ocrx_word' id='word_1_242' title='bbox 565 3156 709 3221; x_wconf 86' lang='lat' dir='ltr'><strong><em>omnibus</em></strong></span> <span class='ocrx_word' id='word_1_243' title='bbox 738 3156 816 3220; x_wconf 89' lang='lat' dir='ltr'><strong><em>locis</em></strong></span> <span class='ocrx_word' id='word_1_244' title='bbox 838 3155 1030 3240; x_wconf 89' lang='lat' dir='ltr'><strong><em>pugnabant,</em></strong></span> <span class='ocrx_word' id='word_1_245' title='bbox 1053 3154 1151 3218; x_wconf 68' lang='lat' dir='ltr'><strong><em>nihil&#39;</em></strong></span> 
     </span>
     <span class='ocr_line' id='line_1_35' title="bbox 183 3239 1151 3323; baseline -0.002 -19"><span class='ocrx_word' id='word_1_246' title='bbox 183 3241 289 3305; x_wconf 84' lang='lat' dir='ltr'><strong><em>inesse</em></strong></span> <span class='ocrx_word' id='word_1_247' title='bbox 312 3241 510 3323; x_wconf 85' lang='lat' dir='ltr'><strong><em>arbitrantur,</em></strong></span> <span class='ocrx_word' id='word_1_248' title='bbox 555 3241 618 3306; x_wconf 91' lang='lat' dir='ltr'><strong><em>uod</em></strong></span> <span class='ocrx_word' id='word_1_249' title='bbox 640 3243 672 3306; x_wconf 91' lang='lat' dir='ltr'><strong><em>in</em></strong></span> <span class='ocrx_word' id='word_1_250' title='bbox 703 3263 811 3305; x_wconf 90' lang='lat' dir='ltr'><strong><em>eorum</em></strong></span> <span class='ocrx_word' id='word_1_251' title='bbox 833 3239 958 3305; x_wconf 82' lang='lat' dir='ltr'><strong><em>laudem</em></strong></span> <span class='ocrx_word' id='word_1_252' title='bbox 979 3249 1151 3322; x_wconf 70' lang='lat' dir='ltr'><strong><em>vertatur,·‘</em></strong></span> 
     </span>
     <span class='ocr_line' id='line_1_36' title="bbox 183 3264 1151 3412; baseline -0.001 -23"><span class='ocrx_word' id='word_1_253' title='bbox 183 3347 295 3410; x_wconf 85' lang='lat' dir='ltr'><strong><em>parum</em></strong></span> <span class='ocrx_word' id='word_1_254' title='bbox 315 3348 366 3390; x_wconf 89' lang='lat' dir='ltr'><strong><em>res</em></strong></span> <span class='ocrx_word' id='word_1_255' title='bbox 390 3327 475 3391; x_wconf 88' lang='lat' dir='ltr'><strong><em>icere</em></strong></span> <span class='ocrx_word' id='word_1_256' title='bbox 497 3264 643 3390; x_wconf 73' lang='lat' dir='ltr'><strong><em>viientur</em></strong></span> <span class='ocrx_word' id='word_1_257' title='bbox 666 3327 819 3412; x_wconf 85' lang='lat' dir='ltr'><strong><em>equestris</em></strong></span> <span class='ocrx_word' id='word_1_258' title='bbox 840 3325 953 3410; x_wconf 86' lang='lat' dir='ltr'><strong><em>proelii</em></strong></span> <span class='ocrx_word' id='word_1_259' title='bbox 974 3335 1151 3407; x_wconf 72' lang='lat' dir='ltr'><strong><em>naturam,</em></strong></span> 
     </span>
     <span class='ocr_line' id='line_1_37' title="bbox 184 3348 1131 3496; baseline 0.003 -25"><span class='ocrx_word' id='word_1_260' title='bbox 184 3429 280 3492; x_wconf 89' lang='lat' dir='ltr'><strong><em>quum</em></strong></span> <span class='ocrx_word' id='word_1_261' title='bbox 301 3411 329 3473; x_wconf 93' lang='lat' dir='ltr'><strong><em>si</em></strong></span> <span class='ocrx_word' id='word_1_262' title='bbox 352 3348 407 3474; x_wconf 79' lang='lat' dir='ltr'><strong><em>uili</em></strong></span> <span class='ocrx_word' id='word_1_263' title='bbox 428 3410 560 3476; x_wconf 90' lang='lat' dir='ltr'><strong><em>militum</em></strong></span> <span class='ocrx_word' id='word_1_264' title='bbox 576 3413 685 3496; x_wconf 89' lang='lat' dir='ltr'><strong><em>generi</em></strong></span> <span class='ocrx_word' id='word_1_265' title='bbox 707 3420 793 3474; x_wconf 88' lang='lat' dir='ltr'><strong><em>certe</em></strong></span> <span class='ocrx_word' id='word_1_266' title='bbox 816 3409 972 3496; x_wconf 89' lang='lat' dir='ltr'><strong><em>equitibus</em></strong></span> <span class='ocrx_word' id='word_1_267' title='bbox 996 3419 1027 3473; x_wconf 92' lang='lat' dir='ltr'><strong><em>et</em></strong></span> <span class='ocrx_word' id='word_1_268' title='bbox 1047 3409 1131 3474; x_wconf 88' lang='lat' dir='ltr'><strong><em>loco·</em></strong></span> 
     </span>
     <span class='ocr_line' id='line_1_38' title="bbox 182 3493 1133 3582; baseline 0.007 -29"><span class='ocrx_word' id='word_1_269' title='bbox 182 3512 253 3554; x_wconf 87' lang='lat' dir='ltr'><strong><em>rum</em></strong></span> <span class='ocrx_word' id='word_1_270' title='bbox 274 3493 329 3558; x_wconf 92' lang='lat' dir='ltr'><strong><em>ubi</em></strong></span> <span class='ocrx_word' id='word_1_271' title='bbox 350 3505 498 3580; x_wconf 80' lang='lat' dir='ltr'><strong><em>pugnent,</em></strong></span> <span class='ocrx_word' id='word_1_272' title='bbox 521 3505 553 3561; x_wconf 87' lang='lat' dir='ltr'><strong><em>et</em></strong></span> <span class='ocrx_word' id='word_1_273' title='bbox 573 3496 834 3578; x_wconf 82' lang='lat' dir='ltr'><strong><em>adversariorum,</em></strong></span> <span class='ocrx_word' id='word_1_274' title='bbox 857 3494 1044 3582; x_wconf 86' lang='lat' dir='ltr'><strong><em>quibuscum</em></strong></span> <span class='ocrx_word' id='word_1_275' title='bbox 1054 3505 1133 3560; x_wconf 83' lang='lat' dir='ltr'><strong><em>con·</em></strong></span> 
     </span>
    </p>
   </div>
   <div class='ocr_carea' id='block_1_5' title="bbox 0 0 1270 3968">
    <p class='ocr_par' dir='ltr' id='par_1_5' title="bbox 0 0 1270 3968">
     <span class='ocr_line' id='line_1_39' title="bbox 0 0 1270 3968; baseline 0 2"><span class='ocrx_word' id='word_1_276' title='bbox 0 0 1270 3968; x_wconf 95' lang='lat' dir='ltr'><strong><em> </em></strong></span> 
     </span>
    </p>
   </div>
  </div>
 </body>
</html>
