2562 3966
380 238 515 324 corni.
537 239 599 304 vn
621 237 714 304 oar.
737 238 873 301 ram.
1017 213 1103 302 '165

151 409 333 473 Admiratus
357 411 478 496 quaerit
501 433 542 474 ex
560 411 699 497 perfugis
715 429 859 492 causam3
883 430 1016 494 quorum
1037 429 1102 471 ma-

151 516 231 578 gnus
250 493 291 557 ad
306 516 377 557 cum
393 496 531 581 quotidie
545 517 693 560 numerus
717 492 905 558 confluebat.
929 491 1104 558 Constabat

151 579 233 643 inter
255 601 372 663 omncs,
389 580 481 728 (quod
501 583 565 644 iam
585 581 655 665 ipse
674 579 793 644 Caesar
814 600 872 664 per
888 578 1103 664 exploratores

143 670 357 749 cognoverat,
411 687 517 728 orsum
544 687 615 730 esse
644 665 712 728 eius
733 664 800 750 iugi
827 663 972 728 silvestre
995 673 1025 726 et
1048 687 1102 727 an-

151 758 293 833 gustum,
315 749 380 814 'sed
401 749 476 812 hinc
496 773 596 837 prope
626 771 771 836 aequum,
797 770 859 834 qua
890 758 974 812 esset
999 748 1103 814 aditus

152 834 192 897 ad
222 833 353 898 alteram
381 844 504 920 partem
534 858 551 899 o
576 835 658 920 pidi3
690 835 894 898 vehementer
931 833 1005 897 huic
1031 832 1102 897 illos

152 919 220 982 loco
241 920 351 983 timere
373 941 432 983 nec
453 921 517 983 iam
540 856 630 984 aliter
652 921 767 986 sentire
792 916 855 982 uno
878 918 958 983 colle
980 918 1020 982 ab
1042 917 1103 981 Ro·

152 1005 251 1067 manis
281 1014 446 1090 occupato,
480 1008 507 1069 si
535 1004 668 1069 alterum
691 1005 878 1086 amisissent,
905 1005 981 1106 quin
1002 1005 1103 1089 paene

152 1088 379 1152 circumvallati
396 1099 494 1176 ‘atque
518 1092 602 1154 omni
625 1090 712 1153 exitu
735 1098 766 1152 et
786 1089 988 1172 pabulatronc
1009 1092 1103 1152 inter·

151 1173 232 1237 clusi
251 1174 448 1238 viderentur:
472 1175 512 1238 ad
534 1176 618 1239 hunc
639 1173 843 1238 muniendum
859 1197 967 1238 omncs
990 1171 1103 1238 aVer-

151 1261 343 1344 cingetorige
369 1269 525 1325 evocatos.

213 1344 264 1407 45.
304 1345 375 1408 Hac
406 1367 441 1408 rc
474 1346 600 1430 cognita
638 1344 758 1409 Caesar
794 1345 888 1408 mittit
927 1343 1103 1430 complures

151 1430 290 1514 equitum
318 1439 454 1512 turmas3
492 1433 537 1494 eis
564 1431 603 1495 de
635 1429 740 1494 media
768 1439 860 1494 nocte
888 1431 1053 1515 imperat,
1069 1437 1105 1492 ut

174 1513 244 1579 aulo
266 1514 485 1583 tumultuosius
509 1515 653 1579 omnibus
676 1514 753 1580 locis
774 1523 974 1600 vagarentur.
997 1515 1104 1577 Prima

151 1536 221 1662 luce
242 1621 391 1685 magnum
412 1623 578 1665 numerum
606 1600 900 1686 impedimentorum
930 1621 970 1664 ex
992 1599 1103 1662 castris

152 1683 367 1770 mulorumque
399 1686 530 1771 produci
563 1685 664 1771 deque
696 1686 746 1750 his
780 1693 950 1748 stramenta
981 1683 1104 1748 detrahi

153 1768 368 1854 mulionesque
387 1791 458 1835 cum
481 1770 656 1834 cassidibus
676 1770 814 1856 equitum
838 1771 943 1854 specie
958 1791 996 1832 ac
1011 1770 1104 1832 simu-

153 1853 269 1918 latione
292 1854 424 1919 ccllibus
447 1855 638 1919 circumvehi
659 1854 755 1918 iubet.
800 1855 861 1918 His
876 1875 993 1939 paucos
1016 1852 1104 1917 addit

151 1941 285 2024 equites,
320 1942 372 2026 qui
401 1938 495 2004 latius
525 1941 739 2005 ostentationis
773 1962 870 2004 causa
901 1948 1102 2023 vagarentur.

151 2023 261 2110 Longo
284 2025 416 2089 circuitu
439 2026 566 2089 easdem
585 2047 693 2090 omnes
715 2024 803 2089 iubet
822 2033 931 2111 petere
946 2025 1102 2110 regiones.

151 2109 240 2172 Haec
251 2110 360 2195 procul
375 2133 414 2173 cx
430 2110 545 2197 oppido
560 2109 759 2192 videbantur,
782 2119 817 2174 ut
832 2119 899 2174 erat
914 2109 1104 2194 aGergovia

151 2193 318 2278 despectus
340 2197 373 2257 in
396 2207 508 2278 castra,
531 2218 635 2280 neque
657 2204 744 2258 tanto
775 2197 890 2281 spatio,
921 2195 999 2258 certi
1049 2194 1104 2257 uid

150 2288 236 2343 esset
248 2327 257 2360 ,
291 2279 448 2365 explorari
482 2289 615 2366 poterat
658 2281 832 2365 Legionem
864 2303 959 2343 unam
992 2217 1103 2343 collem

150 2366 224 2448 iugo
247 2365 340 2428 mittit
362 2373 392 2428 et
413 2365 542 2450 paulum
563 2387 766 2451 progressam
780 2365 929 2429 inferiore
945 2365 1104 2428 constituit

151 2447 220 2514 loco
259 2449 408 2535 silvisque
443 2451 588 2515 occultat.
638 2451 783 2534 Augetur
815 2450 917 2514 Gallis
956 2451 1102 2534 suspicio,

151 2543 245 2619 atque
278 2557 387 2598 omnes
415 2536 469 2599 illo
504 2537 710 2600 munitionum
745 2537 854 2621 copiae
886 2535 1101 2598 traducuntur.

115 2647 121 2660 ·
154 2619 260 2682 Vacua
281 2630 383 2684 castra
404 2620 539 2685 hostium
557 2620 676 2685 Caesar
698 2623 895 2706 conspicatus
918 2621 1009 2684 tectis
1029 2621 1103 2683 insi-

150 2703 265 2789 gnibus
289 2727 414 2769 suorum
438 2706 662 2791 occultatisque
685 2708 783 2792 signis
805 2705 992 2768 militaribus
1014 2711 1103 2768 raros

150 2789 274 2872 milites,
302 2812 343 2852 ne
373 2813 413 2853 ex
443 2791 556 2876 oppido
580 2791 913 2873 animadverterentur,
943 2813 983 2854 ex
1005 2791 1102 2854 maio·

150 2873 238 2936 ribus
261 2878 371 2939 castris
394 2877 427 2938 in
448 2879 569 2940 minora
582 2876 720 2940 traducit
738 2876 923 2962 legatisque,
947 2898 1024 2961 quos
1042 2877 1103 2937 sin·

149 2959 232 3042 gulis
249 2958 424 3043 legionibus
439 2961 642 3047 praefecerat,
668 2961 743 3046 quid
758 2962 825 3025 lieri
840 2959 926 3042 velit,
951 2960 1099 3026 ostendit:

149 3046 303 3128 imprimis
336 3057 458 3127 monet,
492 3056 525 3108 ut
558 3049 737 3109 contineant
769 3046 898 3127 milites,
931 3067 972 3108 ne
1001 3043 1103 3108 studio

149 3129 312 3214 pugnandi
345 3140 398 3193 aut
434 3153 489 3216 spe
521 3130 658 3216 praedae
691 3130 815 3216 longius
847 3130 1103 3216 prog1·ediantu'r;

151 3214 227 3299 quid
247 3216 395 3298 iniquitas
418 3215 479 3279 loci
501 3215 616 3280 habeat
635 3217 835 3299 incommodi,
858 3216 1016 3301 proponit:
1044 3214 1105 3290 ho‘c

151 3320 214 3362 una
237 3299 397 3365 celeritate
411 3323 505 3386 posse
520 3303 651 3384 mutari3
675 3303 848 3382 occasionis
861 3323 931 3363 esse
942 3321 1018 3381 rem,
1041 3321 1105 3362 non

149 3383 271 3470 proclii.
304 3385 364 3446 His
386 3386 481 3449 rebus
505 3387 654 3470 expositis
675 3387 798 3471 signum
814 3387 868 3450 dat
883 3394 914 3448 ct
936 3384 976 3448 ab
992 3385 1105 3449 dextra

148 3479 239 3555 parte
268 3469 330 3534 alio
360 3493 491 3534 ascensu
521 3470 632 3535 eodem
658 3480 800 3555 tempore
822 3469 973 3534 Haeduos
1001 3471 1104 3534 mittit.
