2562 3970
170 166 372 234 LXXXVIII
537 163 792 230 PRAEFATIO.

193 359 268 401 uum
292 337 395 401 eidem
420 336 549 400 Rabirio
578 333 678 400 altera
704 357 828 420 quoque
858 332 1003 398 Caesaris
1027 353 1121 396 man·

172 359 245 485 data
265 421 459 506 perficienda
479 422 574 484 luisse
595 420 744 502 facimus;
766 420 844 483 haec
859 417 957 482 altera
970 416 1121 481 mandata

170 508 300 570 minIme
321 517 427 570 tantae
448 529 556 570 morae
577 506 718 586 fuerunt,
749 513 883 590 quantae
908 502 1120 588 Nipperdeius

171 614 210 658 ca
230 591 341 654 haberi
362 591 438 654 vult.
466 591 619 654 Narratur
641 591 725 655 eninr
747 611 773 652 c.
797 589 833 670 7,
860 587 997 673 reliquas
1018 607 1120 649 naves

173 699 279 743 errore
313 675 433 740 ablatas
460 675 597 757 ,Uticam
628 697 738 738 versus
767 675 885 758 petere‘
919 694 989 736 esse
1021 675 1118 752 visas,

172 761 257 827 unde
279 770 373 845 patet,
397 761 521 825 Uticam
542 760 679 823 maxime
695 759 870 822 adeundam
885 758 980 821 fuisse
1003 757 1041 836 ei,
1065 756 1121 842 qui

174 868 271 910 naves
303 845 374 909 illas
408 847 594 929 conquirere
627 846 730 908 iussus
764 853 856 906 esset.
897 843 940 906 At
972 840 1120 906 Caesaris

172 931 282 1002 classis
317 930 357 994 ad
390 929 504 1015 Leptin
541 929 658 1010 stabat,
698 927 976 992 transmittentibus
1014 935 1120 989 autem

170 1016 263 1101 Lepti
270 1013 457 1100 Lilybaeum
464 1015 596 1079 Uticain
604 1016 672 1100 ipso
684 1015 749 1078 fere
762 1035 856 1076 cursu
864 1015 924 1074 sita
936 1023 999 1093 est3
1012 1013 1119 1095 itaque

172 1103 210 1181 el,
234 1103 287 1186 qui
308 1101 496 1186 Lilybaeum
522 1109 659 1187 peteret,
692 1099 779 1162 nulla
804 1098 869 1160 fere
898 1119 986 1160 mora
1012 1117 1119 1158 move·

171 1185 280 1265 batur,
311 1207 403 1270 quum
434 1184 677 1270 praetervehens
705 1185 854 1248 stationes
883 1182 983 1245 litoris
1004 1181 1119 1245 Uticae

171 1270 344 1334 adiacentis
365 1272 550 1355 perquirere
572 1269 740 1334 iuberetur.
775 1268 879 1347 Quum
907 1267 990 1330 idem
1013 1268 1119 1330 iussus

171 1365 254 1424 esset
276 1354 367 1418 simul
389 1377 477 1437 mare
499 1355 539 1418 ab
561 1355 703 1418 hostibus
724 1357 820 1434 tueri,
850 1352 883 1415 id
904 1375 968 1416 non
991 1351 1118 1426 omnino

171 1440 211 1504 de
226 1440 404 1505 exercenda
418 1442 513 1504 maris
529 1440 671 1504 custodia
686 1461 756 1504 esse
771 1437 1026 1522 intellegendum,
1042 1435 1118 1499 inde

172 1527 248 1590 satis
270 1527 418 1610 aperitur,
435 1525 518 1611 quod
534 1533 631 1590 decem
647 1525 809 1610 longarum
823 1525 951 1586 navium
966 1544 1118 1585 numerus

172 1611 304 1675 ridicule
326 1612 428 1674 minor
451 1620 534 1674 esset
557 1611 709 1674 eiusmodi
723 1609 858 1696 negotio,
876 1617 985 1676 contra
1007 1629 1117 1670 earum

171 1719 320 1760 numerus
344 1696 528 1778 sufficiebat,
551 1706 586 1759 ut
606 1695 764 1780 praesidio
791 1703 896 1757 essent
923 1702 954 1755 et
980 1691 1117 1755 navibus

172 1803 212 1844 ex
228 1804 333 1846 errore
348 1784 494 1866 receptis,
512 1803 573 1867 quo
585 1790 670 1844 tutae
685 1780 725 1843 ab
737 1779 877 1844 hostibus
890 1779 930 1842 ad
942 1776 1115 1841 Caesarem

173 1865 412 1948 deducerentur,
433 1877 464 1930 et
481 1866 590 1930 vacuis
609 1864 672 1929 illis
692 1865 841 1947 navibus,
863 1886 943 1950 quae
961 1861 1001 1925 ad
1013 1883 1117 1925 arces·

169 1951 300 2014 sendum
320 1951 492 2014 secundum
511 1959 718 2014 commeatum
735 1952 767 2014 in
787 1951 928 2016 SiciIiam
943 1948 1118 2034 subseque-

167 2034 293 2099 bantur.
306 2036 391 2100 Fieri
401 2038 506 2121 itaque
517 2037 626 2120 potuit,
639 2045 672 2098 ut
684 2036 785 2099 eidem
795 2035 913 2100 homini
926 2035 987 2096 tria
997 2033 1052 2097 illa
1062 2057 1117 2098 ne-

118 2153 123 2157 ·
168 2124 253 2204 gotia
264 2121 489 2185 mandarentur
499 2131 530 2184 et
547 2131 581 2183 ut
600 2121 710 2186 eodem
721 2133 860 2206 ternpore
876 2121 1115 2202 conficerentur,

168 2205 238 2268 dico
253 2208 285 2269 in
297 2206 436 2270 Siciliam
454 2205 495 2269 ad
506 2206 729 2270 arcessendum
741 2216 946 2271 commeatum
958 2207 1117 2268 transmit-

167 2300 245 2371 tere,
258 2313 354 2354 naves
370 2314 451 2376 quae
466 2291 666 2354 deerrassent
680 2293 874 2376 conquirere,
883 2313 969 2354 mare
981 2291 1002 2352 i.
1019 2313 1046 2354 e.
1061 2313 1116 2354 na·

167 2376 253 2438 vium
262 2377 419 2460 praesidio
437 2378 671 2440 commissarum
683 2399 808 2440 cursum
822 2377 861 2440 ab
873 2375 1016 2440 hostibus
1023 2378 1115 2440 tueri.

167 2458 315 2546 Denique
342 2461 471 2525 Rabirio
499 2464 561 2524 ista
587 2483 658 2525 esse
677 2462 823 2525 mandata
837 2463 911 2526 inde
926 2460 1116 2526 concludere

167 2542 251 2627 licet,
275 2547 359 2632 quod
381 2550 407 2610 si
428 2547 507 2609 alius
533 2548 647 2609 missus
669 2557 765 2628 esset,
789 2549 841 2610 cui
862 2556 988 2632 praeter
1016 2569 1115 2610 naves

169 2631 398 2716 conquirendas
416 2630 536 2694 nullum
552 2630 638 2694 aliud
652 2631 833 2696 mandatum
848 2641 931 2696 esset
945 2633 1115 2716 negotium,

167 2737 231 2779 non
252 2717 368 2780 factum
391 2725 483 2797 esset,
506 2724 541 2779 ut
561 2738 636 2780 mox
659 2716 777 2780 Caesar
799 2721 868 2804 ipse
887 2717 1020 2781 classem
1042 2738 1114 2780 con·
1145 2726 1148 2733 '

168 2800 334 2864 scanderet
354 2823 463 2883 naves,
479 2801 518 2866 de
541 2801 653 2886 quibus
674 2802 824 2868 sollicitus
847 2811 923 2884 erat,
945 2802 1115 2885 investiga-

167 2892 255 2949 turus
279 2885 318 2971 (c.
344 2885 553 2986 10.11.).Id
581 2887 665 2950 enirn
694 2910 751 2951 cur
778 2890 894 2954 Iactum
924 2887 978 2968 sit,
1000 2887 1114 2949 mirum

166 2971 262 3120 plane
283 2993 346 3036 non
369 2981 426 3052 est,
450 2993 477 3034 s1
498 2971 668 3053 Rabirium,
693 2995 786 3058 quum
809 2996 907 3038 naves
930 2993 1037 3036 errore
1060 2970 1114 3034 ab·

189 3067 277 3120 uctas
300 3057 341 3120 ad
367 3057 493 3121 Uticam
522 3080 586 3121 non
614 3058 803 3140 invenisset,
833 3080 960 3122 cursum
981 3059 1014 3121 in
1037 3055 1114 3120 Sici-

166 3138 241 3228 Iiam
270 3144 469 3207 continuasse
490 3141 641 3224 facimus3
664 3153 787 3225 contra,
814 3147 841 3208 si
862 3143 957 3207 aliurn
980 3141 1020 3206 ad
1043 3163 1113 3204 con-

167 3227 336 3311 quirendas
358 3251 456 3292 naves
478 3228 609 3291 missum
633 3249 702 3292 esse
725 3231 897 3310 statuimus,
927 3229 996 3293 veri
1025 3225 1113 3289 dissi·

167 3311 332 3375 millimum
355 3325 410 3392 est,
435 3311 604 3376 Caesarem
628 3323 795 3398 antequam
816 3315 843 3378 is
858 3335 1005 3378 reversus
1022 3323 1113 3393 esset,

166 3395 271 3480 ipsum
297 3419 395 3461 naves
433 3398 680 3482 conquisiturum
717 3399 849 3464 classem
883 3397 1113 3478 conscendisse,
