2562 3966
185 194 245 258 176
438 194 500 258 DE
520 191 664 258 BELLO
688 192 879 258 GALLlOO

181 365 331 430 Romanis
360 373 455 450 atque
484 366 623 430 evocatis
653 387 751 452 equos
783 366 878 428 sumit
908 363 1140 453 Germanisque

182 451 348 516 distribuit.

246 536 295 601 66.
319 535 453 618 Interea,
483 533 558 598 dum
585 534 665 600 haec
687 543 847 620 geruntur,
870 533 1008 599 hostium
1030 538 1139 622 copiae

182 643 224 686 ex
244 622 398 686 Arvernis
420 621 615 706 equitesque,
640 622 694 706 qui
714 621 772 685 toti
784 619 908 686 Galliae
930 631 1021 685 erant
1041 623 1137 706 impe-

179 708 250 789 rati,
274 709 473 771 conveniunt.
502 705 619 789 Magno
633 705 746 770 horum
762 715 870 770 coacto
885 728 1025 790 numero,
1043 729 1137 792 quum

182 790 303 880 Caesar
328 794 362 856 in
391 791 554 876 Sequanos
583 813 641 875 per
670 799 828 855 extremos
856 789 1037 875 Lingonum
1058 791 1137 856 fines

180 877 241 941 iter
261 877 390 958 faceret,
420 897 481 960 quo
510 874 632 938 facilius
660 875 835 939 subsidium
856 877 1038 960 provinciae
1059 876 1135 940 ferri

179 971 302 1048 posset,
331 962 456 1025 circiter
483 959 571 1024 milia
597 983 748 1046 passuum
774 959 885 1025 decem
917 960 956 1026 ab
989 961 1136 1028 Romanis

179 1048 270 1110 trinis
298 1048 410 1110 castris
439 1044 682 1130 Vercingetorix
718 1046 861 1110 consedit
893 1049 1135 1134 convocatisque

180 1131 223 1195 ad
244 1131 412 1196 concilium
432 1130 599 1214 praefectis
623 1132 761 1215 equitum
782 1133 910 1196 venisse
938 1141 1063 1215 tempus
1091 1133 1135 1194 vi-

180 1217 298 1282 ctoriae
320 1215 521 1282 demonstrat.
564 1215 690 1300 Fugere
713 1216 745 1279 in
760 1217 956 1301 provinciam
977 1215 1136 1280 Romanos

181 1300 286 1366 Gallia
307 1324 348 1366 ue
363 1301 538 1366 excedere.
570 1300 609 1363 Id
631 1300 691 1364 sibi
713 1301 754 1364 ad
774 1311 973 1386 praesentem
996 1300 1134 1366 obtinen—

180 1385 253 1450 dam
275 1323 454 1451 lilrertatem
469 1387 545 1449 satis
561 1407 645 1467 esse3
668 1386 709 1449 ad
726 1386 840 1472 reliqui
854 1387 1005 1470 temporis
1026 1408 1134 1470 pacem

180 1480 275 1558 atque
297 1474 395 1536 otium
415 1494 529 1558 parum
557 1471 684 1556 profici:
717 1470 889 1535 maioribus
913 1471 996 1534 enim
1019 1473 1135 1534 coactis

179 1558 277 1642 copiis
315 1578 499 1622 reversuros
534 1579 640 1620 neue
678 1556 773 1620 finem
811 1555 952 1619 bellandi
987 1556 1133 1620 facturos.

178 1641 315 1707 Proinde
345 1643 469 1728 agmine
495 1642 579 1727 impe
604 1643 662 1706 ‘tos
692 1641 896 1707 adorirentur.
952 1639 987 1704 Si
1013 1641 1135 1726 pedites

179 1728 244 1792 suis
266 1727 417 1792 auxilium
445 1729 547 1792 ferant
577 1737 670 1813 atque
699 1729 732 1790 in
755 1749 792 1791 eo
814 1735 986 1808 morentur,
1009 1727 1070 1790 iter
1091 1726 1134 1790 fa-

128 1847 136 1858 ·
180 1834 252 1876 cere
273 1835 337 1876 non
359 1835 468 1899 posse;
493 1813 528 1894 si,
551 1811 586 1874 id
608 1811 692 1898 quod
713 1815 813 1896 magis
835 1812 973 1875 futurum
991 1811 1135 1888 confidat,

178 1897 296 1961 relictis
324 1898 554 1983 impedimentis
583 1919 658 1960 suae
691 1897 786 1970 saluti
813 1896 993 1978 consulant,
1024 1905 1056 1959 et
1077 1919 1134 1960 usu

178 2003 284 2046 rerum
305 1985 558 2048 necessariarum
574 1991 605 2044 et
620 1981 771 2065 dignitate
787 1980 955 2066 spoliatum
977 1983 1024 2046 iri.
1054 1981 1133 2044 Nam

178 2066 219 2132 de
248 2067 403 2154 equitibus
432 2068 585 2147 hostium,
617 2068 693 2152 quin
725 2090 818 2132 nemo
851 2089 960 2130 eorum
987 2065 1132 2152 progredi

177 2151 272 2218 modo
295 2164 385 2217 extra
407 2175 521 2238 agmen
543 2150 666 2232 audeat,
691 2161 722 2215 et
742 2154 753 2214 i
777 2175 829 2216 sos
852 2152 979 2239 quidem
1001 2173 1065 2215 non
1081 2151 1132 2214 de-

178 2237 256 2302 bere
278 2238 433 2321 dubitare,
462 2247 493 2301 et
522 2258 584 2322 quo
612 2237 731 2302 maiore
752 2175 868 2302 ldciant
890 2239 1002 2318 animo,
1026 2257 1063 2298 co
1085 2237 1132 2298 ias

179 2343 213 2387 se
235 2345 344 2387 omnes
366 2346 423 2409 pro
451 2323 561 2387 castris
594 2320 774 2386 habiturum
804 2332 835 2386 et
856 2323 969 2387 terrori
990 2258 1132 2384 hostilius

137 2418 141 2424 '
177 2407 324 2472 futurum.
348 2407 555 2474 Conclamant
570 2407 705 2492 equites:
722 2409 918 2472 sanctissimo
932 2405 1131 2470 iureiurando

178 2493 357 2556 confirmari
379 2503 533 2578 oportere,
562 2514 603 2555 ne
626 2501 707 2558 tecto
729 2494 906 2578 recipiatur,
929 2513 969 2553 ne
992 2489 1033 2552 ad
1055 2489 1131 2554 libe-

177 2599 239 2658 ros,
261 2599 302 2641 ne
325 2578 550 2663 adparentes,
578 2576 619 2641 ad
640 2599 771 2643 uxorem
793 2578 910 2641 aditum
932 2574 1054 2658 habeat,
1079 2576 1131 2660 qui

176 2684 240 2726 non
262 2663 311 2726 bis
355 2686 390 2726 er
412 2684 526 2747 agmen
547 2661 684 2726 hostium
705 2665 943 2748 perequitasset.

242 2747 292 2811 67.
324 2686 462 2812 llrobata
481 2769 517 2809 re
539 2756 633 2833 atque
662 2748 805 2812 omnibus
826 2745 1028 2810 iureiurando
1058 2745 1130 2810 ada-

178 2833 236 2895 ctis
257 2842 383 2917 postero
403 2832 453 2895 die
468 2834 502 2894 in
516 2841 579 2896 tres
595 2840 701 2917 partes
717 2831 882 2896 distributo
896 2831 1036 2917 equitatu
1051 2830 1131 2896 duae

178 2939 213 2980 se
241 2919 326 2981 acies
355 2916 395 2982 ab
424 2916 545 2980 duobus
573 2916 724 2981 lateribus
748 2917 924 2997 ostendunt,
947 2938 1012 2979 una
1031 2917 1131 3002 primo

177 3003 302 3086 agmine
323 3005 384 3066 iter
405 3001 558 3086 impedire
581 3004 691 3086 coepit.
736 3001 865 3080 Quare
886 3003 1028 3066 nuntiata
1053 2999 1130 3066 an-

177 3108 230 3150 sar
253 3109 344 3151 suum
366 3109 490 3173 quoque
509 3088 680 3171 equitatum
700 3088 856 3172 tripertito
872 3087 1007 3150 divisum
1022 3094 1130 3150 contra

176 3170 299 3235 hostem
319 3175 365 3236 ire
383 3171 479 3235 iubet.
517 3171 564 3234 Pu
587 3180 680 3234 natur
693 3193 757 3236 una
772 3172 916 3237 omnibus
930 3173 963 3234 in
977 3170 1129 3257 partibus,

177 3253 328 3320 Consistit
339 3279 469 3340 agmen3
484 3195 708 3340 impedimenta.
721 3259 805 3322 inter
819 3257 962 3344 legiones
976 3258 1129 3341 recipiun·

175 3346 237 3401 tur.
282 3340 317 3404 Si
344 3363 407 3426 qua
433 3341 467 3404 in
495 3349 586 3425 parte
616 3343 717 3407 nostri
744 3341 904 3410 laborare¹
920 3351 974 3406 aut
1002 3343 1130 3426 gravius

176 3425 277 3516 premi
298 3425 495 3508 videbantur,
524 3427 677 3511 eosigna
697 3427 806 3494 inferri
828 3427 948 3494 Caesar
969 3430 1129 3512 aciemque

1271 257 1273 348 l
