2562 3966
371 311 374 316 Ι
413 223 548 291 cosm.
571 223 601 286 v
623 223 717 289 oar.
738 223 875 289 ,ιι-ιιι.
1060 221 1121 288 ros

233 400 284 464 34.
307 399 352 463 At
371 396 516 462 barbaris
539 395 704 462 consilium
717 418 782 461 non
796 395 905 462 deluit.
927 393 1008 461 Nam
1023 396 1120 462 duces

167 507 280 550 eorum
308 491 375 550 tota
404 482 472 547 acie‘
492 483 697 584 pronuntiare
718 482 894 563 iusserunt,
923 503 964 546 ne
987 484 1057 567 quis
1079 481 1120 583 ab

166 571 238 635 loco
268 568 460 634 discederet:
496 567 623 633 illorum
650 587 721 631 esse
752 567 904 652 praedam
933 575 1027 653 atque
1056 565 1120 632 ilhs

59 735 64 742 υ
166 655 339 757 reservari,
361 673 578 755 quaecumque
592 652 727 717 Romani
740 652 957 738 reliquissent:
986 653 1120 738 proinde

167 761 275 806 omma
295 763 329 804 ιιι
350 747 483 803 victoria
502 739 606 825 posita
628 739 853 802 existimarent
882 737 984 801 Erant
1005 747 1037 802 et
1058 739 1117 803 vir·

41 835 48 846 '
167 833 236 891 tute
258 834 289 890 et
309 845 441 889 numero
462 845 506 909 pu
551 822 634 888 ando
663 843 756 908 pares
782 825 900 906 nostri3
930 826 1058 888 tametsi
1079 823 1119 888 ab

168 910 251 978 duce
272 919 304 975 et
325 931 345 974 a
365 909 491 974 fortuna
528 907 740 980 caecabantur,
767 917 874 972 tamen
889 929 1015 973 omnem
1030 929 1120 994 spem

169 994 279 1062 salutis
300 996 334 1060 in
354 997 470 1060 virtute
492 992 662 1080 ponebant,
686 1002 717 1058 ct
740 995 885 1080 quotiens
907 1015 1052 1080 quaeque
1069 1016 1119 1058 co-

167 1081 244 1146 hors
265 1087 478 1168 procurrcrat,
501 1079 542 1145 ab
566 1101 605 1144 ea
625 1089 715 1166 parte
736 1101 870 1166 magnus
892 1101 1041 1144 numerus
1064 1079 1118 1144 ho-

169 1169 263 1232 stium
285 1166 427 1232 cadebat
470 1164 599 1246 Quare
621 1164 841 1230 animadversa
861 1164 1029 1230 Ambiorix
1049 1182 1119 1251 pro·

168 1253 307 1316 nuntiari
327 1252 424 1332 iubet,
447 1260 482 1315 ut
502 1251 614 1336 procul
635 1249 700 1314 tela
721 1251 889 1316 coniiciant
910 1273 973 1315 nen
987 1253 1118 1336 propius

168 1337 321 1402 accedant
343 1345 389 1419 et,
424 1357 517 1422 quam
539 1336 572 1400 in
593 1345 716 1422 partem
737 1335 872 1401 Romani
903 1338 947 1400 im
970 1348 1055 1400 etum
1076 1335 1117 1400 fe·

168 1423 279 1504 cerint,
302 1422 418 1487 cedant
444 1420 586 1509 (levitate
608 1443 767 1487 armorum
794 1431 826 1485 et
848 1359 1031 1507 quotidiana
1065 1433 1119 1486 ex·-

168 1509 351 1573 ercitatione
373 1506 451 1572 nihil
473 1508 511 1571 iis
533 1508 641 1571 noceri
656 1507 772 1592 posse),
795 1527 903 1571 rursus
920 1528 955 1570 so
970 1506 1119 1592 adsigna

168 1595 234 1657 reci
256 1595 357 1659 ientes
379 1595 594 1679 insequantur.

231 1617 282 1743 dh.
306 1678 378 1757 Quo
392 1686 561 1764 praecepto
577 1677 618 1742 ab
632 1677 671 1740 iis
687 1677 926 1826 diligentissime
941 1677 1118 1760 observato,

168 1785 264 1850 quum
293 1765 460 1852 quaepiam
490 1761 602 1828 cohors
631 1783 673 1826 ex
705 1785 783 1827 ore
813 1772 993 1827 excesserat
1025 1773 1058 1827 at
1079 1785 1119 1826 ue

167 1852 318 1935 impetum
339 1849 471 1930 fecerat,
494 1848 600 1912 hostes
611 1846 812 1913 velocissime
822 1847 1030 1934 refugiebant
1058 1787 1118 1912 lu-

168 1936 260 2000 terim
283 1943 494 2021 campartem
516 1933 629 1998 nudari
650 1955 781 1999 necesse
804 1943 872 1998 erat
904 1943 936 1999 et
957 1933 997 1998 ab
1021 1933 1119 2000 latere

168 2030 275 2106 aperto
304 2019 370 2085 tela
397 2020 505 2104 recipi.
549 2017 686 2102 Rursus,
715 2041 812 2105 quum
847 2020 881 2084 in
910 2042 982 2084 eum
1004 2018 1118 2101 locum,

166 2105 251 2169 unde
273 2114 364 2170 erant
385 2105 514 2191 egressi,
537 2105 655 2168 reverti
676 2113 854 2190 coeperant,
878 2114 910 2170 et
931 2104 971 2170 ab
993 2105 1041 2188 iis,
1065 2107 1118 2191 qui

166 2201 338 2272 cesserant,
362 2199 394 2255 et
415 2189 455 2254 ab
477 2191 525 2272 iis,
549 2191 603 2276 qui
625 2191 761 2338 proximi
784 2199 950 2272 steterant,
988 2191 1118 2255 circum·

166 2274 392 2359 veniebantur3
421 2276 470 2340 sin
497 2284 602 2340 autem
647 2297 738 2340 ocum
759 2284 868 2340 tenere
896 2275 1029 2359 vellent,
1059 2298 1118 2340 nec

166 2362 275 2425 virtuti
296 2361 384 2426 locus
405 2360 660 2448 relinquebatur,
683 2383 787 2446 neque
809 2361 849 2425 ab
871 2371 960 2426 tanta
981 2360 1118 2425 multitu·

166 2446 241 2511 dine
264 2449 406 2511 coniecta
426 2444 492 2511 tela
516 2443 649 2512 conferti
676 2448 777 2511 vitare
798 2456 951 2532 poterant.
996 2447 1117 2510 Tamen

166 2541 213 2598 tot
234 2531 440 2597 incommodis
466 2531 655 2612 conflictati,
688 2531 796 2596 multis
818 2532 1004 2597 vulneribus
1030 2553 1117 2596 acce·

166 2619 228 2704 ptis
243 2617 435 2682 resistebant
448 2626 480 2682 et
494 2638 610 2703 magna
623 2626 712 2703 parte
726 2617 790 2683 diei
805 2627 998 2704 consumpta,
1022 2639 1118 2704 quum

167 2703 310 2790 aprima
330 2702 401 2768 luce
430 2702 470 2766 ad
492 2701 601 2768 horam
630 2709 774 2767 octavam
828 2715 1014 2789 ugnaretur,
1030 2701 1118 2784 nihil,

189 2787 253 2853 uod
273 2789 352 2874 ipsis
364 2797 448 2853 essct
458 2787 632 2873 indignum,
656 2725 899 2853 committebant.
939 2788 1020 2852 Tum
1047 2787 1118 2852 Tito

166 2811 344 2956 halventio,
368 2875 422 2962 qui
445 2876 608 2960 superiore
630 2894 713 2938 anno
734 2875 870 2959 primum
899 2873 999 2961 pilum
1021 2872 1119 2936 duxe-

166 2967 225 3041 rat,
247 2960 316 3026 viro
337 2959 410 3024 forti
432 2967 464 3024 et
490 2981 624 3044 magnae
646 2961 855 3042 auctoritatis,
885 2968 1054 3060 utrumque
1075 2957 1118 3022 fe-

166 3067 238 3108 mur
263 3043 389 3130 tragula
409 3045 580 3127 traiicitur,
611 3042 748 3124 Quintus
769 3043 946 3128 Lucanius,
977 3042 1119 3108 elusdem

166 3128 296 3212 ordinis,
308 3131 478 3195 fortissime
488 3150 642 3278 pugnans,
656 3129 731 3192 dum
741 3129 955 3194 circumvento
966 3127 1031 3193 filio
1046 3126 1119 3192 sub·

167 3214 476 3297 vanitinterficitur3
516 3215 606 3278 ucius
615 3213 708 3278 Cotta
718 3214 841 3300 legatus
853 3235 963 3280 omnes
974 3212 1120 3278 cohortos

167 3299 295 3364 ordines
318 3322 359 3365 ue
369 3300 539 3365 adhortans
550 3299 761 3364 inadversum
773 3321 808 3364 os
819 3299 916 3364 funda
927 3298 1120 3363 vulneratur.

230 3385 283 3449 36.
339 3386 364 3448 ‘s
386 3383 483 3450 rebus
504 3393 665 3472 permotus
693 3383 832 3464 Quintus
852 3385 1001 3466 Titurius,
1025 3405 1121 3485 quum

168 3469 278 3546 procul
299 3468 517 3557 Ambiorigem
540 3492 614 3536 suos
648 3471 863 3535 cohortantem
892 3477 1120 3556 conspexisset,
