2562 3970
393 233 526 300 ccam.
549 236 566 299 1
589 201 681 302 cnr.
706 235 838 298 10-13.
1070 233 1091 297 a
1153 306 1156 314 ,

139 407 204 469 ceri
226 427 260 470 se
282 405 315 470 in
330 407 525 491 provinciam
538 408 654 470 iturum
676 427 789 492 neque,
812 414 994 490 antequem
1008 404 1092 467 diem
1159 435 1166 465 t

138 491 240 555 iturus
263 493 311 572 sit,
346 491 486 574 definire,
520 503 563 572 ut,
595 493 621 554 si
643 501 770 577 peracto
792 487 951 576 postulatu
972 488 1092 553 Caesar

138 577 297 660 proiectus
334 586 427 659 esset,
470 576 558 640 nulla
600 587 706 640 tamen
748 575 903 638 mendacii
939 574 1091 662 religione

139 661 306 725 obstrictus
328 662 501 728 videretur:
523 671 647 747 tempus
668 683 745 726 vcro
767 659 922 748 colloquio
938 670 1001 725 'non
1016 660 1091 724 dare

139 767 242 831 neque
264 769 463 813 accessurum
486 747 628 832 polliceri
655 767 801 832 magnam
830 747 917 832 pacis
944 747 1091 831 despera·

138 831 256 896 tionem
284 832 445 897 afferebat.
475 833 586 919 Itaque
614 832 655 897 ab
682 832 824 895 Arimino
840 831 893 896 III
921 832 1091 895 Antonium

138 937 210 980 cum
232 917 413 982 cohortibus
435 919 466 982 V
480 919 641 982 Arretium
656 918 764 997 mittit3
785 919 853 1002 ipse
870 916 1006 980 Arimini
1020 938 1091 979 cum

137 1001 259 1065 duabus
276 1002 417 1068 subsistit
432 1003 539 1090 ibique
552 1003 708 1068 delectum
730 1001 848 1067 habere
869 1004 1018 1084 instituit3
1041 1002 1089 1066 Pi-

137 1107 273 1169 saurum,
288 1088 420 1170 Fanum,
434 1090 596 1154 Anconam
611 1086 743 1174 singulis
755 1087 935 1152 cohortibus
948 1098 1089 1172 occupat.

177 1173 251 1254 Ι12.
284 1173 411 1238 [nterea
449 1177 564 1239 certior
606 1174 706 1238 factus
744 1172 889 1258 Iguvium
920 1172 1091 1236 Thermum

134 1267 316 1342 praetorem
343 1259 523 1324 cohortibus
560 1259 589 1322 V
624 1269 743 1337 tenere,
780 1258 929 1344 oppidum
957 1259 1089 1338 munire,

143 1344 344 1430 omniumque
367 1367 436 1409 esse
452 1346 655 1431 Iguvinorum
672 1344 821 1428 optimam
835 1366 912 1430 erga
932 1366 967 1408 se
982 1343 1090 1408 volun-

133 1437 239 1509 tatem,
256 1427 425 1494 Curionem
447 1453 518 1494 cum
545 1428 647 1494 tribus
662 1428 852 1511 cohortibus,
869 1452 946 1515 quas
967 1428 1091 1492 Pisauri

134 1522 167 1577 et
193 1515 329 1579 Arimini
358 1517 505 1598 habebat,
535 1517 637 1578 mittit.
673 1513 770 1578 Cuius
804 1515 942 1578 adventu
964 1517 1090 1600 cognito

134 1597 256 1664 diffisus
289 1602 451 1686 municipii
487 1600 639 1666 voluntati
680 1585 835 1664 Thermus
872 1600 1017 1665 cohortes
1050 1623 1091 1665 ex

135 1684 215 1747 urbe
244 1686 367 1752 reducit
395 1698 426 1750 et
454 1687 600 1773 prodigit.
624 1684 746 1750 ‘Milites
775 1686 809 1748 in
836 1687 951 1750 itinere
977 1688 1017 1751 ab
1051 1708 1089 1752 eo

133 1770 302 1835 discedunt
337 1795 375 1836 ac
408 1772 533 1837 domum
577 1780 786 1834 revertuntur.
838 1769 934 1835 Curio
971 1793 1091 1838 summa
1178 1833 1181 1845 ,

134 1858 273 1919 omnium
294 1857 457 1922 voluntate
479 1859 625 1943 lguvium
639 1857 760 1940 recipit.
785 1856 907 1936 Quibus
922 1856 1016 1921 rebus
1039 1879 1089 1923 co·

134 1941 230 2026 gnitis
254 1944 389 2008 confisus
412 1945 654 2029 municipiorum
675 1941 888 2006 voluntatibus
902 1941 1020 2006 Caesar
1040 1964 1089 2007 co·

45 2025 56 2034 ’
134 2026 240 2090 hortas
262 2026 394 2113 legionis
416 2037 479 2091 XIII
501 2051 542 2092 ex
567 2027 734 2114 praesidiis
756 2027 884 2092 deducit
905 2028 1090 2093 Auximum·

134 2134 195 2197 que
224 2113 448 2198 proficiscitur3
478 2115 563 2200 quod
591 2115 740 2199 oppidum
773 2114 876 2178 Attius
910 2113 1089 2178 cohortibus

133 2197 319 2264 introductis
341 2199 469 2264 tenebat
490 2198 709 2285 delectumque
731 2207 795 2264 toto
817 2199 934 2264 Piceno
958 2201 1088 2264 circum-

132 2285 237 2348 missis
260 2285 459 2350 senatoribus
481 2284 628 2348 habebat.
687 2297 688 2308 ¹

199 2371 249 2434 13.
272 2369 422 2434 Adventu
445 2369 590 2435 Caesaris
607 2371 732 2456 cognito
756 2369 943 2435 decuriones
959 2370 1090 2436 Auxhni

133 2454 175 2518 ad
195 2456 317 2530 Attium
338 2456 458 2520 Varum
478 2457 659 2542 frequentes
682 2457 889 2520 conveniunt:
913 2456 1091 2521 docent'sui

130 2539 240 2604 iudicii
261 2563 329 2605 rem
349 2563 414 2606 non
437 2563 524 2622 esse3
554 2563 658 2626 neque
680 2562 715 2605 se
736 2563 840 2626 neque
861 2540 1000 2628 reliquos
1023 2565 1088 2607 mu·

131 2626 252 2712 nicipes
263 2628 329 2711 pati
341 2649 434 2712 posse
447 2625 483 2692 C.
507 2626 677 2690 Caesarem
699 2628 929 2711 imperatorem,
953 2627 1034 2694 bene
1049 2629 1089 2694 de

132 2711 296 2796 republica
307 2713 461 2794 meritum,
473 2713 568 2776 tantis
577 2711 671 2776 rebus
680 2713 777 2798 gestis
789 2712 903 2798 oppido
911 2714 1089 2780 moenibus*

133 2817 194 2882 que
205 2797 380 2882 prohiberi:
397 2797 530 2945 proinde
541 2797 657 2861 habeat
667 2799 817 2862 rationem
829 2801 1034 2884 inposterum
1046 2802 1088 2864 ci-

131 2881 238 2946 vitatis
250 2891 281 2946 et
291 2885 400 2968 pericu
414 2883 425 2945 i
437 2883 494 2946 sui.
509 2881 651 2962 Quorum
663 2884 802 2947 oratione
814 2893 972 2968 permotus
984 2885 1088 2952 Varus

132 2967 342 3051 praesidium,
374 2967 458 3054 quod
479 2967 713 3050 introduxerat,
737 2991 778 3032 ax
793 2969 908 3055 oppido
931 2970 1036 3046 educit
1051 2993 1088 3036 ac

131 3051 278 3138 profugit.
290 3054 386 3118 Hunc
393 3075 434 3117 ex
442 3053 541 3139 primo
550 3052 759 3138 ordinepauci
771 3053 919 3119 Caesaris
928 3059 1089 3122 consecuti

89 3163 93 3167 ’
133 3137 249 3204 milites
272 3140 445 3204 consistere
468 3146 646 3224 coegerunt.
670 3137 843 3204 Commisso
855 3141 979 3224 proelio
999 3140 1088 3206 dese·

132 3223 213 3287 ritur
235 3246 255 3288 a
276 3225 341 3290 suis
370 3223 492 3288 Varus:
522 3223 677 3288 nonnulla¹
700 3246 774 3310 pars
802 3224 935 3289 militum
961 3227 1088 3290 domum

132 3307 282 3392 discedit;
304 3310 419 3396 reliqui
440 3307 481 3372 ad
504 3307 674 3373 Caesarem
694 3314 892 3396 perveniunt,
915 3321 1008 3398 atque
1023 3333 1088 3376 una

131 3414 204 3457 cum
230 3394 269 3458 iis
296 3394 471 3482 deprensus
504 3393 541 3458 L.
571 3394 705 3481 Pupius,
732 3397 825 3482 primi
854 3395 908 3481 pili
934 3399 1085 3482 centurio,
1127 3479 1129 3482 v

130 3479 306 3562 adducitur,
331 3482 384 3567 qui
405 3479 488 3544 hunc
504 3480 637 3545 eundem
651 3480 793 3546 ordinem
814 3485 848 3546 in
870 3483 1010 3547 exercitu
1027 3482 1085 3547 Cn.
