2562 3970
171 281 215 348 54
460 283 521 347 DE
542 281 687 348 BELLO
710 281 845 348 CIVILI

171 463 313 538 tuerunt3
343 456 432 520 cuius
460 456 595 520 musculi
615 454 695 522 haee
724 465 793 520 erat
820 455 931 521 forma
953 456 1047 522 Duae
1068 460 1134 544 pri·

171 563 258 606 mum
279 541 387 606 trabes
407 543 442 605 in
470 540 538 608 solo
560 564 662 629 aeque
682 542 798 628 longae
820 541 972 606 distantes
993 545 1076 608 inter
1097 567 1134 610 se

171 627 270 714 pedes
299 635 346 690 1111
378 627 581 710 collocantur,
611 629 707 714 inque
736 630 782 692 eis
809 627 994 692 columellae
1014 630 1133 716 pedum

171 715 205 778 in
226 712 425 778 altitudinem
448 722 472 775 V
506 713 696 800 defiguntur.
724 713 793 777 Has
814 715 898 778 inter
919 735 954 778 se
976 715 1134 801 capreolis

173 799 262 865 molli
290 800 416 884 fastigio
445 801 649 884 coniungunt,
678 799 734 864 ubi
760 801 856 884 tigna,
886 821 968 885 quae
996 801 1133 866 musculi

171 885 302 971 tegendi
324 907 421 950 causa
439 895 576 987 ponant,
607 884 811 950 collocentur.
844 885 894 949 Eo
923 907 1018 971 super
1043 888 1136 972 tigna
1257 945 1258 984 ἢ

172 970 206 1036 bi
230 969 333 1034 adalia
361 971 506 1036 iniierunt
587 992 628 1034 ue
655 970 780 1034 laminis
803 968 966 1056 clavisque
986 971 1132 1056 religant

171 993 227 1120 Al
254 1065 430 1120 extremum
461 1079 551 1121 muse
586 1058 593 1072 ‘
623 1067 741 1121 tectum
772 1055 941 1141 trabesque
973 1066 1134 1122 extremas

172 1141 343 1228 quadratas
364 1141 493 1228 regulas
519 1151 568 1204 llll
589 1151 733 1228 patentes
748 1141 863 1227 digitos
885 1141 1035 1227 defigunt,
1052 1165 1135 1229 quae

172 1227 299 1311 lateres,
328 1228 383 1313 qui
410 1249 507 1314 super
540 1227 704 1315 [musculo]
738 1235 909 1310 struantur,
943 1230 1135 1294 contineant

171 1313 222 1378 Ita
243 1312 390 1397 fastigato
416 1322 451 1403 at
473 1335 513 1377 ue
528 1313 696 1379 ordinatim
719 1323 837 1378 sbucto
859 1325 946 1392 tecto,
969 1325 1004 1379 ut
1024 1314 1135 1378 trabes

173 1406 265 1463 erant
290 1398 324 1462 in
353 1335 507 1484 capredlis
534 1399 716 1481 collocatae,
743 1399 895 1464 lateribus
916 1398 1045 1486 lutoque
1066 1421 1135 1464 mu-

173 1483 290 1564 sculus,
306 1493 340 1548 ut
362 1484 402 1549 ab
424 1485 500 1570 igni,
523 1486 633 1572 quiex
646 1505 737 1570 muro
751 1488 916 1566 iaceretur,
938 1494 1024 1549 tutus
1039 1493 1134 1568 esset,

127 1589 130 1600 ’
173 1571 361 1656 contegitur.
383 1569 487 1656 Super
507 1570 623 1636 lateres
646 1572 733 1635 coria
753 1571 955 1652 inducuntur,
976 1593 1018 1636 ne
1040 1591 1134 1634 cana·

172 1655 256 1720 libus
279 1675 363 1744 aqua
383 1657 524 1720 immissa
537 1656 654 1721 lateres
677 1655 799 1722 diluere
819 1665 937 1742 posset
961 1654 1058 1720 Coria
1079 1677 1134 1720 su-

171 1751 247 1824 tem,
269 1763 310 1806 ne
332 1763 442 1806 rursus
464 1742 531 1827 igni
556 1763 595 1805 ac
609 1741 767 1828 lapidibus
789 1751 1038 1826 corrumpantur,
1061 1763 1133 1806 cen·

172 1828 299 1892 tonibus
322 1836 540 1913 conteguntur.
569 1825 640 1892 Hoc
667 1849 746 1913 opus
769 1849 862 1892 omne
887 1835 1005 1891 tectum
1030 1827 1134 1891 vineis

173 1913 215 1978 ad
243 1916 346 1978 isam
374 1915 485 1978 burim
512 1913 681 1998 perficiunt
709 1913 875 1998 subitoque
897 1914 949 1976 ino
972 1911 1134 1978 inentibus

172 1935 317 2065 bostilus
339 1999 570 2064 machinatione
585 1997 702 2080 navali,
724 1997 893 2084 phalangis
916 1935 1076 2080 subiectis,
1092 1997 1132 2062 sd

51 2145 53 2152 .
172 2087 287 2150 turrim
308 2085 445 2149 hostium
467 2085 646 2165 admovent,
669 2093 704 2148 ut
725 2084 869 2150 aedificio
890 2085 1046 2232 iungatur.

240 2173 290 2238 11.
314 2170 385 2250 Quo
418 2170 502 2235 malo
534 2171 695 2256 perterriti
731 2169 835 2234 subito
872 2170 1022 2255 oppiani
1055 2189 1136 2232 saxa

174 2280 270 2346 quam
296 2258 435 2322 maxima
462 2266 596 2341 possunt
621 2254 765 2320 vectibus
790 2263 982 2404 promovent
1012 2253 1134 2340 praeci·

173 2345 335 2429 pitataque
356 2363 446 2406 muro
461 2343 495 2406 in
516 2341 694 2407 musculum
709 2341 790 2406 devo
803 2348 891 2405 vunt.
912 2339 1015 2404 Ictum
1036 2340 1134 2404 firmi·

173 2438 223 2494 tas
254 2429 407 2492 materiae
439 2429 587 2509 sustinet,
621 2437 653 2492 et
705 2425 835 2512 uiequid
867 2426 978 2490 incidit
1008 2425 1134 2510 fastigio

173 2513 309 2578 musculi
336 2513 480 2578 elabitur.
506 2512 546 2577 Id
573 2512 629 2577 ubi
656 2449 776 2597 vident,
798 2521 921 2578 mutant
949 2509 1132 2576 consilium:

174 2621 272 2686 cupas
298 2599 393 2664 taeda
421 2620 459 2663 ac
484 2601 555 2684 pice
581 2599 714 2664 refertas
743 2597 916 2662 incendunt
949 2617 1065 2682 easque
1093 2594 1133 2659 de

173 2706 265 2750 muro
296 2686 330 2749 in
366 2683 544 2748 musculum
566 2684 746 2750 devolvunt
776 2683 941 2748 Involutae
973 2681 1132 2762 labuntur,

174 2771 322 2858 delapsae
355 2769 395 2835 ab
417 2768 569 2834 lateribus
591 2769 745 2855 longuriis
778 2770 875 2834 fineis
898 2789 939 2832 ue
968 2767 1008 2832 ab
1036 2785 1133 2852 opere

172 2866 384 2922 removentur.
414 2855 544 2920 Interim
578 2856 637 2921 sub
663 2855 807 2920 musculo
840 2793 956 2918 milites
987 2851 1132 2918 vectibus

172 2943 281 3008 infima
310 2964 390 3006 saxa
410 2943 506 3006 turris
528 2941 674 3024 hostium,
718 2940 812 3006 uibus
833 2939 1038 3004 fundamenta
1059 2948 1137 3002 con·‘

171 3029 363 3109 tinebantur,
387 3026 578 3092 convellunt.
600 2963 763 3092 Musctilus
786 3049 827 3092 ex
848 3029 928 3090 turri
949 3023 1092 3089 latericia
1114 3043 1135 3084 a

171 3117 288 3181 nostris
302 3113 375 3178 telis
390 3115 617 3200 tormentisque
638 3113 833 3195 defenditur3
855 3111 962 3177 hostes
984 3131 1026 3174 ex
1040 3129 1133 3172 muro

173 3223 211 3266 ao
232 3199 371 3265 turribus
387 3198 613 3264 submoventur
628 3197 726 3286 [mon
745 3198 838 3262 datur
859 3196 961 3262 libera
981 3195 1065 3259 muri
1079 3194 1132 3258 de-

171 3285 321 3352 fendendi
342 3284 497 3372 facultasl.
521 3283 743 3434 Compluribus
765 3287 828 3348 iam
849 3278 1006 3368 lapidibus
1029 3303 1070 3344 ex
1085 3301 1133 3362 ea,

173 3393 254 3458 quae
284 3371 422 3453 suberat,
450 3371 530 3436 turm
558 3392 596 3434 su
619 3371 722 3434 ductis
750 3373 916 3455 repentina
944 3369 1036 3431 ruina
1057 3387 1133 3452 pars
1257 3411 1258 3416 .

173 3458 241 3519 eius
262 3459 358 3521 turris
374 3458 520 3538 concidit,
542 3477 615 3542 pars
630 3455 754 3542 reliqua
769 3475 965 3542 consequens
987 3473 1130 3538 procum·

173 3537 284 3604 bebat:
300 3563 396 3627 quum
410 3541 517 3610 hostes
531 3541 619 3606 urbis
631 3541 807 3626 direptione
821 3540 981 3627 perterriti
996 3540 1134 3624 inermes
