2534 3970
176 191 218 258 62
432 191 492 256 DE
512 192 655 256 BELLO
678 188 869 256 GALHOO

174 361 213 426 In
236 384 373 448 quos-eo
394 364 521 448 gravius
545 361 663 426 Caesar
677 359 899 426 vindicandum
924 359 1041 441 statuit,
1063 379 1125 446 quo

177 445 357 531 diligentius
377 447 411 511 in
431 447 586 534 reliquum
607 458 730 533 tempus
752 469 772 510 a
792 443 935 509 barbaris
963 445 1012 509 ius
1041 442 1125 530 lega·

176 542 279 598 torum
311 544 560 598 conservaretur.
607 531 718 632 Itaque
750 531 835 596 omni
868 540 979 594 senatu
1012 537 1125 593 necato

175 615 234 682 reli
256 639 313 682 uos
336 617 394 682 sub
416 640 532 683 corona
552 617 703 682 vendid1t.

235 641 290 767 ll.
327 701 415 768 Dum
444 702 524 767 haec
554 703 587 768 in
622 702 752 766 Venetis
786 708 954 785 geruntur,
991 697 1126 776 Quintus

176 785 316 854 Titurius
343 786 480 853 Sabinus
513 810 585 852 cum
616 788 655 852 iis
688 788 800 874 copiis,
834 808 912 886 quas
941 807 961 847 a
989 783 1127 848 Caesare

177 883 350 1022 acceperat,
372 874 406 936 in
426 873 505 938 fines
519 871 705 938 Unellorum
718 882 871 958 pervenit
903 869 963 934 His
981 878 1128 955 praeerat

176 959 246 1026 Viri
312 959 319 973 '
700 958 707 973 ‘

269 979 344 1024 ov1x
365 980 403 1023 ac
418 980 572 1022 summam
585 959 710 1043 imperii
724 956 852 1021 tenebat
866 977 975 1022 earum
990 955 1128 1020 omnium

99 1085 102 1096 ·
177 1044 349 1126 civitatum,
370 1065 451 1129 quae
466 1043 657 1126 defecerant,
683 1065 725 1108 ex
745 1039 859 1128 quibus
875 1041 1049 1108 exercitum
1063 1060 1128 1101 ma·

177 1149 319 1278 quasque
341 1128 446 1214 copias
469 1137 629 1213 coegerat3
661 1136 755 1228 atque
791 1125 841 1190 his
876 1126 984 1212 paucis
1017 1123 1128 1190 diebus

207 1211 306 1280 ulerci
325 1212 520 1279 Eburovices
541 1211 677 1279 Lexovii
698 1235 739 1276 ue
753 1219 866 1276 senatu
881 1233 937 1276 suo
955 1209 1128 1292 interfecto,

178 1297 263 1385 quod
284 1307 429 1364 auctores
450 1298 527 1364 belli
550 1321 622 1363 esse
642 1236 800 1381 nolebant,
823 1305 932 1382 portas
950 1295 1130 1375 clauserunt

178 1405 275 1470 seque
291 1405 362 1449 cum
376 1382 556 1449 Viridovice
572 1385 820 1466 coniunxerunt3
841 1403 1021 1468 magnaque
1038 1401 1128 1468 prae·

177 1477 266 1534 terea
292 1467 458 1535 multitudo
485 1469 624 1556 undique
652 1492 694 1535 ex
720 1468 825 1536 Gallia
852 1467 1046 1556 perditorum
1074 1467 1128 1532 ho-

177 1554 297 1617 minum
310 1552 529 1641 latronumque
551 1563 750 1638 convenerat,
775 1577 852 1641 quos
868 1577 940 1640 spes
955 1551 1128 1639 praedandi

178 1639 377 1725 studiumque
406 1638 551 1704 bellandi
581 1640 622 1704 ab
655 1638 847 1726 agricultura
883 1649 914 1704 et
948 1637 1128 1726 quotidiano

177 1721 286 1790 labore
320 1723 501 1790 revocabat.
544 1724 680 1790 Sabinus
712 1725 825 1790 idoneo
859 1723 1003 1789 omnibus
1034 1721 1128 1787 rebus

177 1808 248 1878 loeo
280 1811 392 1874 enanis
423 1833 494 1876 sese
524 1810 667 1892 tenebat,
701 1833 797 1896 quum
822 1809 988 1875 Vnidovix
1021 1817 1130 1873 contra

179 1915 250 1958 eum
284 1893 382 1961 duum
412 1894 533 1960 milium
565 1896 665 1982 spatio
703 1895 898 1960 consedisset
930 1893 1130 1981 quotidieque

177 1979 339 2065 productis
361 1980 459 2067 copiis
480 1979 642 2066 pugnandi
662 1989 848 2068 potestatem
869 1981 996 2062 faceret,
1017 1979 1129 2043 utiam

178 2085 243 2128 non
254 2063 357 2130 solum
366 2062 508 2130 hostibus
523 2065 556 2130 in
571 2066 833 2152 contemptionem
848 2064 983 2131 Sabinus
997 2065 1129 2145 veniret,

180 2147 237 2214 sed
259 2151 354 2214 etiam
373 2159 552 2214 nostrorum
573 2149 707 2216 militum
731 2150 863 2216 vocibus
891 2149 1035 2215 nonnihil
1064 2171 1130 2214 car·

178 2244 319 2334 peretur3
348 2243 531 2321 tantamque
558 2236 737 2321 opinionem
763 2236 883 2302 timoris
909 2234 1068 2323 praebuit,
1096 2242 1131 2298 ut

178 2341 242 2383 mm
264 2319 305 2384 ad
325 2318 444 2384 vallum
466 2329 638 2388 castrorum
660 2320 767 2388 hostes
789 2319 942 2387 accedere
969 2319 1129 2384 auderent,

178 2401 218 2468 Id
239 2425 277 2468 ea
299 2403 340 2468 de
361 2426 457 2469 causa
476 2404 622 2488 faciebat,
646 2405 815 2492 quodcum
830 2415 920 2472 tanta
933 2404 1130 2470 multitudine

179 2487 317 2554 hostium
336 2492 522 2575 praesertim
544 2512 581 2556 eo
600 2489 740 2575 absente,
764 2493 818 2578 qui
839 2513 994 2556 summam
1007 2491 1132 2576 imperii

179 2582 312 2656 teneret,
331 2575 393 2640 nisi
415 2598 515 2662 aequo
530 2575 600 2641 loeo
623 2587 678 2642 aut
692 2578 924 2663 opportunitate
939 2575 1044 2663 aliqua
1058 2575 1132 2650 data

179 2657 284 2745 legato
307 2658 517 2725 dimicandum
538 2682 602 2727 non
624 2661 833 2727 existimabat

245 2744 295 2808 18.
332 2743 403 2808 Hae
436 2747 620 2811 confirmata
652 2747 799 2812 oinione
830 2749 952 2813 timoris
983 2745 1131 2812 idoneum

181 2829 338 2930 quendam
358 2828 517 2896 hominem
539 2840 570 2896 et
596 2770 745 2897 callilum
767 2832 892 2920 delegit,
916 2831 1057 2914 Gallum,
1079 2854 1131 2896 fex

180 2915 229 2998 in,
252 2937 331 3001 quos
352 2915 463 2980 auxilii
482 2939 578 2980 causa
600 2938 707 2982 secum
728 2915 874 2982 habebat.
906 2917 991 2982 Huic
1009 2918 1131 3004 magnis

179 3001 328 3088 praemiis
349 2999 690 3086 pollicitationibusque
704 3003 887 3088 persuadet,
910 3004 956 3076 uti
970 3003 1012 3069 ad
1024 3002 1131 3068 hostes

180 3095 336 3167 transeat,
369 3095 409 3168 et,
437 3086 513 3172 quid
544 3085 615 3150 fieri
640 3086 725 3169 velit,
756 3087 876 3154 edocet.
910 3087 973 3168 Qui
994 3086 1049 3153 ubi
1074 3109 1131 3174 pro

180 3171 312 3258 per-firgo
333 3171 375 3235 ad
397 3193 451 3236 eos
472 3172 568 3254 venit,
591 3172 734 3237 timorem
749 3173 961 3240 Romanorum
975 3174 1130 3258 proponit,

181 3254 294 3404 quibus
323 3257 476 3340 angustiis
507 3257 576 3342 ipse
609 3254 727 3322 Caesar
753 3281 778 3322 a
803 3257 933 3330 Venetis
962 3267 1131 3344 prematur,

203 3351 286 3423 caet,
314 3363 418 3406 neue
451 3340 575 3427 longius
607 3341 735 3424 abesse,
765 3344 840 3429 quin
868 3345 1012 3429 proxima
1039 3352 1132 3408 nocte

181 3423 317 3492 Sabinus
370 3448 421 3490 am
443 3448 484 3490 ex
499 3426 609 3491 castris
632 3429 805 3493 exereitum
824 3429 937 3493 educat
951 3428 1038 3494 etad
1053 3427 1131 3494 an-
