2562 3970
476 259 732 325 omnesne.
937 245 1094 326 exxvu

202 421 325 496 Rutu.
354 431 483 495 ALEX.
507 455 534 495 e.
564 433 580 494 1
604 453 662 516 pro
684 433 790 516 inepto
817 443 977 512 optantur,
1005 429 1092 516 quoti

139 517 214 582 libri
225 517 353 582 'habent
375 523 511 594 (Interim
529 525 709 580 munitiones
731 523 863 594 qnotidie
879 523 1024 596 operibus
1037 537 1090 583 ur·

139 615 258 681 ocatur,
282 616 371 682 utque
393 625 494 667 omncs
517 608 624 682 oppidi
643 614 764 684 portes,
795 623 872 680 quoe
900 609 997 665 minus
1027 612 1096 668 esst

138 697 245 765 firmae
266 695 414 763 ridentur,
439 693 638 752 testudinibus
660 709 698 751 oc
712 694 855 750 musculis
877 697 1033 764 optentur)
1049 687 1092 751 N.

141 785 321 849 temptantur
350 795 391 837 ex
418 774 600 838 coniectura
632 772 752 856 posuit,
785 771 883 834 malui
911 783 1093 850 opponentur

141 857 279 922 scribere
294 858 378 943 quod
389 858 564 921 litterarum
580 855 783 920 similitudine
798 858 926 940 propius
949 857 990 920 ad
1004 855 1092 921 iilam

140 941 293 1006 librorum
317 943 484 1006 lectionem
512 942 643 1005 accedit.
666 941 816 1004 -Infra
841 941 976 1025 probavi
998 963 1093 1027 quem

138 1027 349 1112 Nipperdcius
362 1051 403 1092 ex
413 1027 513 1090 Paris.
526 1049 588 1090 sec.
601 1025 688 1089 dedit
698 1025 867 1090 verborum
876 1025 1034 1090 ordinem:
1051 1028 1094 1105 nti

140 1135 207 1176 cum
230 1121 260 1176 in
284 1120 361 1176 dnos
378 1127 485 1194 portes
508 1125 586 1176 esset
607 1119 726 1184 divium
748 1112 792 1174 ita
808 1113 891 1174 enim
906 1110 1007 1174 verba
1029 1110 1091 1177 ool*

139 1196 244 1260 locata
266 1206 338 1260 sunt
360 1198 455 1260 etiam
476 1199 509 1260 in
535 1196 617 1261 libro
639 1195 793 1278 vindoc,
821 1205 854 1258 at
883 1195 1012 1258 exhibet
1041 1195 1095 1260 hic

138 1281 220 1346 liber
240 1305 304 1346 non
327 1282 603 1356 trissadorio,
635 1302 698 1366 qua
723 1282 757 1343 in
779 1282 880 1344 forma
903 1282 997 1344 etiam
1020 1303 1093 1346 con·

139 1367 260 1451 spirant
282 1368 409 1432 codices
429 1367 519 1430 Leid.
542 1389 590 1452 pr.
612 1366 733 1429 Levan.
756 1365 867 1446 Palat,
883 1387 943 1430 nec
965 1387 1028 1429 non
1052 1389 1093 1430 ex

137 1471 173 1514 re
202 1453 272 1537 ipsa
306 1455 462 1537 genitivus
496 1473 587 1516 casus
620 1449 771 1536 postulari
802 1449 936 1513 videtur.
988 1449 1094 1530 Quum

139 1539 224 1600 enim
247 1537 366 1601 Caesar
387 1537 420 1600 id
441 1540 578 1600 maxime
601 1545 766 1621 spectaret,
790 1544 825 1598 ut
840 1536 924 1598 acies
941 1558 1003 1600 uno
1020 1557 1093 1600 con*

140 1621 210 1686 silio
233 1632 327 1708 atque
342 1624 475 1707 imperio
491 1622 771 1701 administraretur,
794 1620 828 1682 id
849 1620 1002 1704 imprimis
1025 1643 1092 1686 mo·

138 1709 207 1768 neri
222 1709 381 1786 intererat,
405 1728 475 1770 eam
490 1729 552 1770 non
568 1708 600 1768 in
615 1729 678 1769 uno
694 1705 868 1790 eodemque
884 1705 973 1768 urbis
988 1716 1091 1768 tractu

138 1790 322 1856 collocatam
344 1793 441 1854 fuisse
464 1792 521 1854 sed
544 1799 669 1855 dinisam
692 1799 723 1853 in
745 1798 824 1855 duur
859 1797 945 1852 urbis
972 1805 1090 1868 parter,

136 1875 247 1962 Itaque
271 1877 373 1940 edidi:
389 1883 464 1941 iliad
477 1891 626 1960 spectans,
641 1884 779 1957 primum,
803 1889 843 1950 ut,
861 1896 949 1952 qnam
965 1883 995 1939 in
1011 1883 1090 1940 duos

135 1976 243 2040 parter
266 1977 343 2026 esset
363 1969 474 2026 urbis
495 1969 593 2025 diviso
615 1969 714 2037 ocior,
743 1965 803 2024 nno
835 1967 964 2025 corrrilio
1002 1975 1093 2040 otone

138 2053 262 2126 imperio
285 2053 558 2128 administraretur,
583 2053 689 2111 deinde
711 2067 735 2110 c.
761 2068 788 2125 q.
812 2069 836 2109 r.
1086 2063 1089 2069 ’

202 2130 237 2195 O.
262 2132 281 2195 8
305 2133 388 2195 edidi
410 2142 445 2196 ut
458 2132 570 2216 vulgo:
598 2137 702 2196 Omnia
731 2132 828 2194 enim
853 2138 944 2195 litora
965 2145 1084 2196 nutura

138 2224 205 2280 liter
227 2239 325 2296 oquae
348 2225 445 2282 dulcis
467 2239 560 2281 oenus
583 2224 703 2280 nubere.
728 2215 843 2280 Omisit
863 2216 901 2279 N.
925 2223 1003 2279 enim
1019 2223 1086 2300 paul

135 2301 280 2380 aculam,
310 2325 406 2388 quum
432 2301 514 2366 absit
536 2325 556 2365 a
577 2301 647 2367 cod.
677 2301 775 2366 Puris.
805 2323 885 2383 sec,
915 2310 948 2364 at
970 2301 1091 2384 dubito,

135 2407 212 2448 num
234 2389 328 2450 etiam
350 2389 383 2450 in
405 2387 559 2452 eiusmodi
576 2411 611 2451 re
626 2387 707 2450 libre
729 2386 778 2449 illi
799 2386 917 2472 ubique
936 2386 1015 2449 fides
1037 2386 1093 2450 ha-

135 2471 242 2536 benda
263 2473 311 2535 sit.
345 2473 459 2534 Exstat
482 2481 557 2536 enim
579 2475 664 2536 etin
685 2471 778 2534 Vind.
802 2470 894 2552 libro,
919 2481 950 2534 et
973 2473 1000 2534 si
1037 2471 1093 2538 uid

136 2577 178 2618 cx
200 2557 417 2642 Oudendorpii
445 2557 569 2621 silentio
600 2556 749 2642 colligere
771 2555 859 2638 licet,
890 2558 1031 2622 inomni
1054 2579 1092 2620 us

136 2641 253 2726 quibus
280 2642 332 2706 hic
360 2665 436 2706 usus
466 2653 514 2708 est
542 2643 713 2707 codicibus.
741 2679 785 2688 —
813 2642 947 2706 Restitui
977 2641 1092 2706 deinde

138 2729 404 2811 praepositionem
441 2750 479 2792 en
514 2727 554 2791 ab
588 2727 782 2814 Nipperdeie
820 2729 1027 2812 exstirpatam
1059 2728 1093 2790 in

135 2811 258 2874 verbis:
280 2817 396 2890 Moeno
418 2821 539 2890 acontio
563 2822 689 2892 inpetus
718 2820 847 2876 tortium
876 2819 1022 2876 adversor
1045 2834 1092 2878 cn

135 2903 349 2961 munitionibus
372 2906 516 2962 sustineri
522 2925 534 2972 ,·
557 2921 653 2984 quum
680 2898 765 2968 enim
799 2898 879 2961 haec
913 2899 1090 2981 excipiant:

137 2988 247 3058 quibos
268 2989 384 3046 relictis
406 3003 463 3047 nec
488 2991 554 3048 loco
577 3005 633 3048 nec
654 3003 777 3047 numero
789 3003 885 3062 parer
900 3003 966 3046 esse
983 3003 1089 3066 posse,

136 3067 230 3130 etism
259 3075 359 3151 patet,
381 3073 563 3132 sententiae
592 3070 657 3132 vim
686 3068 808 3131 versari
828 3069 863 3130 in
885 3065 1093 3150 significando

135 3147 220 3232 loco,
249 3152 334 3216 unde
363 3163 594 3238 propugnatur,
618 3176 681 3219 non
707 3157 740 3218 in
768 3151 960 3215 defensionis
989 3161 1024 3215 ut
1045 3152 1092 3214 ita

134 3233 238 3300 dicam
258 3238 476 3303 instrumento.
498 3237 537 3302 Id
558 3241 661 3321 enam,
685 3236 769 3323 quod
784 3236 878 3301 dictio
893 3243 1022 3300 nostium
1038 3243 1091 3299 int-

133 3333 231 3398 petum
252 3331 471 3387 munitionibus
493 3332 645 3388 sustinere
666 3323 810 3386 usitatior
832 3333 880 3384 est
902 3321 1012 3402 alteru,
1035 3319 1091 3385 ob.··

135 3417 219 3470 sture
240 3407 373 3488 videtur,
397 3411 564 3494 queminus
586 3407 667 3473 libro
689 3408 858 3488 Parisino,
890 3429 931 3470 ue
948 3405 1021 3470 -solo
1044 3406 1092 3470 ui·

134 3491 409 3576 titurNipperdeii
425 3495 591 3578 scriptura,
608 3493 828 3578 obsequamur.
851 3429 1092 3556 Piuru‘turbatu
