2532 3968
452 176 723 293 eaasrario.
947 227 1068 294 xevn

120 396 313 464 Brundisino
336 399 477 463 exercitu
506 402 689 464 commissas
715 397 887 464 verisimile
916 401 956 463 sit
982 421 1069 464 eom·

120 484 299 567 memorari,
323 485 451 569 scripsi:
475 492 506 548 ia
521 491 655 549 Sieitiom
671 491 828 549 Curionem
838 505 900 565 pro
919 498 1068 565 praetore

121 591 188 634 cam
202 577 372 648 ieoioaiitas
387 575 514 634 duabus.
538 568 702 648 Quomodo
717 579 823 633 autem
839 570 996 650 corrumpi
1011 592 1066 655 po·

121 656 215 719 tuerit
225 677 385 734 numerus,
401 652 474 720 inde
490 657 638 738 aperitur,
676 655 739 718 uod
754 653 876 718 dativus
892 653 944 718 vel
955 653 1067 720 ablati·

120 761 180 802 vas
195 741 318 802 numeri
340 739 423 821 ,duo‘
445 741 477 802 in
496 739 585 802 libris
600 678 682 804 hostii
698 761 771 803 raro
786 741 819 802 in
840 739 924 802 hunc
938 737 1067 803 modum

120 833 269 888 exaratus
292 835 356 887 est:
385 823 453 905 Hb3
480 823 531 887 vel
553 824 615 887 IIb'
638 823 734 972 asigla
756 825 839 886 enim
862 834 893 888 et
915 822 1068 972 &ciffi

119 910 296 974 inserviunt
317 908 542 994 significandae
565 907 646 994 sylla
670 932 707 973 ae
732 909 793 994 as).
815 908 868 972 Ex
893 931 913 972 a
971 910 1037 972 a'¹

119 991 256 1057 litterula
276 993 298 1058 b
321 1007 408 1058 ortus
430 994 543 1058 deinde
567 1005 614 1057 est
635 1016 784 1059 numerus
806 993 885 1076 ,mr

183 1078 219 1142 O.
249 1079 290 1142 35
320 1079 421 1144 edidi:
452 1101 518 1144 eam
541 1087 628 1158 qais
654 1087 734 1161 aoit3
767 1079 811 1142 ita
839 1080 872 1142 in
900 1077 995 1143 Vind.
1018 1101 1065 1166 pr.

118 1165 269 1248 scriptum
299 1174 362 1246 est3
391 1165 425 1226 in
453 1164 544 1226 Paris
574 1186 636 1228 sec.
667 1187 736 1230 cam
764 1172 802 1228 is.
831 1163 886 1228 N.:
914 1169 1066 1229 Comitis

117 1256 191 1326 aoit.
222 1287 262 1297 -
293 1248 391 1314 Paulo
422 1249 505 1312 infra
532 1250 665 1332 retinui,
695 1249 780 1336 quod
809 1271 917 1314 omnes
940 1247 1066 1314 codices

119 1331 255 1397 habent:
278 1341 379 1413 Neque
401 1343 452 1398 sai
473 1341 581 1399 iudicii
603 1355 700 1413 aeoae
722 1357 847 1398 saaram
869 1356 935 1398 esse
956 1341 1066 1400 viriam

116 1423 358 1495 discernere,
374 1432 442 1482 atro
453 1441 531 1500 pars
544 1427 700 1484 iustiorem
712 1427 823 1484 habeat
834 1439 966 1484 ooasom.
989 1418 1065 1504 Nip-

115 1503 246 1588 perdeio
256 1503 386 1587 vulgata
397 1503 548 1568 Gronovii
561 1506 742 1569 coniectura
758 1512 920 1569 decernere
958 1503 1062 1568 lacuit.

181 1586 217 1652 C.
236 1589 278 1651 36
300 1588 340 1652 de
363 1611 482 1666 oaooao
505 1611 627 1664 versas,
659 1591 742 1675 quod
765 1589 865 1670 edidi,
886 1526 961 1652 viiie
983 1603 1065 1674 quae

116 1695 213 1758 supra
234 1674 274 1736 ad
295 1674 327 1737 b.
351 1673 389 1738 G.
412 1672 469 1755 III,
493 1675 534 1736 23
556 1677 712 1739 annotavi.

182 1757 287 1821 Verba
309 1758 421 1845 quibus
443 1759 532 1823 initio
556 1782 582 1822 c.
599 1760 640 1822 39
665 1759 931 1845 Pompeianorum
954 1761 1065 1842 copiae

116 1851 353 1925 enumerantur,
383 1845 522 1928 graviter
552 1855 700 1929 corrupta
735 1867 822 1926 esse,
853 1843 1064 1929 Nipperdeius

115 1929 192 1992 satis
220 1927 334 1992 docuit.
366 1928 494 1992 Retinui
522 1931 628 2014 itaque
659 1951 758 1993 uncos
788 1932 822 1993 in
849 1929 926 1993 locis
957 1928 997 1992 ab
1025 1950 1064 1994 eo

114 2015 305 2076 monstratis.
339 2013 383 2076 At
404 2035 467 2076 non
483 2036 552 2079 esse
573 2013 713 2095 videtur,
743 2038 800 2079 cur
828 2017 922 2078 etiam
952 2013 1064 2097 despe-

113 2108 202 2161 retur
213 2097 252 2162 de
264 2097 466 2162 emendandis
474 2098 589 2180 verbis,
606 2099 719 2185 quibus
728 2097 936 2164 Caesarianae
948 2097 1063 2162 deinde

113 2183 224 2267 sepiae
246 2195 455 2268 exponuntur,
479 2183 519 2246 ab
541 2185 734 2269 Nipperdeio
756 2187 800 2247 ita
816 2185 923 2250 editis:
948 2191 1063 2250 Caesar

112 2274 250 2344 ieoioaes
279 2276 309 2332 ia
337 2275 516 2348 Hispaniam
549 2277 751 2349 praemiserat
781 2275 841 2350 [ad]
878 2275 920 2335 VI
944 2267 1061 2356 {mitia}

112 2359 239 2416 Auxilia
262 2361 398 2433 peditam
419 2404 426 2415 .
451 2360 572 2426 fmilia,
597 2363 725 2432 equitata
747 2360 801 2420 III
819 2361 901 2420 mitia
924 2361 1062 2419 omnious

112 2444 327 2516 superioribas
357 2443 442 2502 bellis
469 2445 617 2504 habuerat
645 2451 673 2504 et
688 2462 796 2520 parem
819 2463 858 2504 ea
882 2445 981 2504 Gallia
1003 2463 1060 2503 aava

111 2543 232 2598 meram,
256 2545 343 2601 qaam
365 2531 431 2603 ipse
452 2536 638 2603 pacaverat,
668 2533 841 2590 nominatim
863 2547 901 2589 ex
924 2532 1062 2590 omoibas

113 2613 286 2672 civitatibus
306 2615 493 2672 nobilissimo
518 2630 636 2688 qaoque
658 2623 796 2685 evocato,
820 2616 840 2687 †
862 2616 934 2676 iriae
958 2617 1062 2690 optimi

110 2701 236 2770 orneris
258 2699 407 2757 iromiaam
428 2715 466 2758 ex
489 2701 650 2772 Aoaitaais
671 2703 891 2773 montanisque,
917 2703 970 2774 qai
990 2701 1061 2760 Gai·

112 2784 183 2842 liam
199 2785 393 2859 provinciam
420 2785 573 2856 attiaaaat
593 2827 696 2844 .....
718 2787 740 2859 's
763 2787 911 2844 Audierat
934 2786 1060 2859 Pompe-

111 2870 172 2926 iam
201 2884 225 2926 e.
250 2885 277 2940 q.
301 2887 326 2926 s.
360 2862 437 2926 Post
467 2869 593 2928 Aaxitia
622 2873 755 2946 peditam
781 2866 906 2948 numeri
935 2867 1061 2950 signum

112 2946 280 3028 excidisse,
310 2947 406 3034 idque
437 2947 487 3029 ,V‘
517 2949 613 3014 fuisse
625 2999 634 3032 ‚
665 2951 875 3036 Nipperdeius
910 2949 1060 3013 adhibitis

111 3031 275 3096 Ciceronis
297 3033 339 3096 ad
359 3032 500 3095 Atticum
522 3034 628 3098 verbis
650 3035 706 3116 IX,
731 3035 823 3116 13,·4
847 3036 964 3120 optime
986 3056 1059 3098 con-

109 3117 194 3180 iecit.
237 3117 356 3201 Recepi
384 3118 467 3180 hunc
497 3140 662 3182 numerum
701 3131 732 3184 et
760 3120 861 3184 verba
889 3121 953 3184 iam
979 3117 1060 3181 haec

112 3203 277 3265 constitui:
309 3209 422 3267 Caesar
449 3210 583 3280 teriones
606 3212 637 3268 ia
659 3211 839 3285 Hispaniam
856 3213 1061 3284 praemiserat

116 3290 166 3350 VI.
200 3294 250 3351 Aet
269 3295 282 3351 i
289 3293 342 3351 lia
370 3294 487 3352 aaaiiia
503 3297 639 3369 peditam
674 3296 822 3373 thtta,
852 3297 981 3368 eqaitam
1008 3290 1061 3353 Ill

106 3379 208 3446 mitia,
242 3394 335 3450 qaae
364 3379 501 3437 amathas
533 3383 748 3455 superioribas
782 3381 868 3440 ostiis
901 3380 1058 3459 habuerat,

109 3469 140 3522 et
156 3478 265 3536 parem
293 3479 331 3522 ea
356 3463 453 3521 Gattia
486 3481 653 3537 eameram,
679 3483 784 3540 qoem
807 3467 873 3540 ipse
890 3480 1059 3541 parave-
