2562 3966
179 207 239 273 168
430 207 490 272 Du
512 209 655 276 BELLO
678 209 868 278 &Antioc

176 387 315 465 tempore
335 378 453 443 Lucius
478 380 597 444 Fabius
619 382 760 447 centurio
782 384 896 468 quique
919 405 981 446 una
1003 405 1126 448 murum

177 464 386 528 ascenderant
408 468 612 531 circumventi
634 477 727 552 atque
748 468 905 532 interfecti
925 490 1014 532 muro
1036 490 1126 552 prae-

177 548 395 636 cipitabantur.
445 550 572 614 Marcus
605 552 785 634 Petronius,
820 553 961 618 eiusdem
993 550 1125 637 legionis

178 635 327 716 centurio,
344 657 439 720 quum
453 644 559 719 portas
575 636 721 700 excidere
737 646 866 700 conatus
882 647 974 717 esset,
991 660 1010 699 a
1025 637 1124 700 multi·

177 718 285 781 tudine
308 741 475 803 oppressus
497 742 535 782 ac
557 721 617 784 sibi
632 721 803 806 desperans
818 721 925 786 multis
939 723 1003 786 iam
1018 721 1124 784 vulne·

178 803 264 866 ribus
286 805 423 888 acceptis
449 804 698 904 manipularibus
728 808 807 888 suis,
838 808 891 954 qpi
918 806 1126 870 illum-secuti

177 897 283 970 erant,
310 886 481 970 Quoniam,
503 893 617 974 mquit,
647 913 697 954 me
723 913 787 954 una
810 914 850 956 vo
874 893 973 954 iscum
999 913 1127 955 servare

176 995 239 1036 non
259 994 397 1057 possum,
421 985 545 1038 vestrae
568 975 694 1060 quidem
716 985 800 1040 certe
821 978 906 1039 vitae
950 998 1002 1040 ros
1024 977 1126 1057 iciam,

177 1079 255 1202 quos
277 1058 446 1143 cupiditate
467 1058 585 1142 gloriae
601 1059 753 1123 adductus
768 1062 802 1124 in
815 999 988 1145 periculdm
1000 998 1125 1124 deduxi.

206 1163 241 1206 os
263 1142 337 1205 duta
364 1143 509 1206 facultate
538 1144 628 1208 vobis
658 1143 820 1208 consulite.
865 1145 965 1210 Simul
997 1147 1029 1208 in
1061 1167 1126 1208 me·

177 1226 244 1290 dios
266 1227 372 1290 hostes
402 1229 512 1313 irrupit
534 1227 656 1293 duobus
679 1251 720 1292 ue
748 1229 919 1294 interfectis
947 1229 1085 1314 reliquos
1108 1252 1127 1292 a

176 1321 268 1458 porta
296 1311 423 1397 paulum
450 1313 616 1377 submovit.
695 1313 861 1378 onantibus
893 1313 1040 1378 auxiliari
1061 1316 1126 1377 suis

203 1405 315 1477 rustra,
350 1399 469 1482 inquit,
502 1420 592 1462 meae
635 1400 719 1462 vitae
761 1398 928 1464 subvenire
961 1401 1125 1478 conamini,

198 1503 271 1544 uem
291 1483 355 1544 iam
376 1483 503 1567 sanguis
518 1484 666 1569 viresque
685 1483 842 1547 deficiunt.
879 1483 1015 1548 Proinde
1031 1482 1125 1562 abite,

176 1505 251 1628 dum
274 1576 322 1630 est
342 1566 490 1648 facultas,
520 1591 641 1654 vosque
670 1569 711 1632 ad
731 1566 888 1652 legionem
910 1569 1052 1652 recipite.
1078 1567 1127 1631 Ita

175 1672 319 1734 pugnans
341 1662 413 1736 post
432 1651 561 1736 paulum
584 1653 720 1718 concidit
741 1675 778 1716 ac
801 1655 865 1716 suis
889 1651 981 1716 saluti
1002 1652 1069 1718 fuit.

238 1735 289 1799 51.
301 1735 416 1818 Nostri,
429 1759 525 1821 quum
538 1737 677 1825 undiquc
687 1748 914 1822 premerentur,
926 1745 1010 1799 XLVI
1022 1747 1127 1801 centn·

83 1819 86 1828 ¹
175 1821 315 1884 tionibus
337 1823 460 1885 amissis
483 1823 596 1887 deiecti
617 1831 689 1886 sunt
711 1821 790 1888 loco.
826 1821 890 1886 Sed
911 1822 1127 1912 intolerantius

176 1904 286 1970 Gallos
312 1907 512 1992 insequentes
541 1907 623 1992 legio
651 1907 774 1972 decima
795 1907 944 1989 tardavit,
990 1929 1047 1970 uae
1070 1929 1128 1992 pro

176 1990 315 2054 subsidio
360 1991 431 2056 aulo
453 1995 600 2077 aequiore
621 1991 690 2056 loco
713 1995 904 2056 constiterat.
981 2014 1041 2054 ano
1061 2014 1128 2054 rur·

175 2097 229 2138 sus
250 2083 312 2137 thl
334 2014 466 2160 legionis
482 2077 625 2142 cohortes
636 2085 837 2162 exceperunt,
860 2099 941 2160 quae
959 2099 1001 2140 ex
1015 2077 1127 2139 castris

175 2160 347 2224 minoribus
377 2161 507 2225 eductae
537 2183 607 2225 cum
630 2161 701 2226 Tito
723 2161 832 2226 Sextio
854 2161 956 2244 legato
979 2168 1127 2244 ceperant

177 2244 277 2308 locum
301 2249 504 2330 superiorem.
547 2246 714 2332 Legiones,
737 2245 792 2309 ubi
806 2247 941 2330 primurn
963 2243 1126 2329 planitiem

175 2331 352 2413 attigerunt,
375 2330 496 2394 infestis
523 2340 631 2394 contra
652 2331 758 2394 hostes
788 2331 886 2413 signis
908 2330 1125 2392 constiterunt.

176 2414 415 2499 Vercingetorix
430 2414 470 2479 ab
486 2415 644 2478 radicibus
659 2414 748 2478 collis
760 2435 833 2477 suos
844 2416 927 2476 intra
938 2413 1127 2476 munitiones

176 2499 308 2646 qedqprit.
350 2499 399 2562 Eo
422 2499 473 2563 die
495 2499 609 2564 milites
625 2510 697 2562 sunt
710 2496 804 2584 paulo
820 2500 922 2562 minus
938 2498 1128 2582 septingenti

198 2586 244 2647 esi
267 2585 354 2648 erati.

238 2669 289 2732 52.
311 2669 441 2732 Postero
463 2666 513 2730 die
536 2666 655 2732 Caesar
683 2663 833 2731 concione
856 2667 1009 2731 advocata
1029 2675 1127 2731 teme·

177 2754 300 2818 ritatem
333 2752 597 2838 cupiditatemque
631 2751 764 2818 militum
794 2752 1011 2837 reprehendit,
1044 2750 1128 2837 quod

178 2837 238 2903 sibi
262 2838 324 2922 ipsi
351 2837 590 2924 iudicavissent,
620 2860 680 2924 quo
708 2837 942 2923 procedendum
969 2845 1022 2900 aut
1052 2835 1128 2924 quid

176 2923 332 3008 agendum
353 2923 521 3003 videretur,
544 2944 646 3007 neque
669 2924 695 2986 si
739 2922 947 3007 orecipiendi
968 2921 1040 2986 dato
1055 2943 1128 2986 con·

176 3010 327 3072 stitissent
340 3030 442 3092 neque
454 3006 493 3070 ab
515 3006 648 3071 tribunis
663 2946 796 3072 ruditum
811 3006 984 3092 legatisque
998 3006 1128 3070 retineri

176 3095 357 3178 potuissent.
380 3088 544 3177 Exposuit,
568 3093 642 3178 quid
656 3094 804 3178 iniquitas
827 3091 889 3155 loci
910 3101 1026 3176 posset,
1050 3088 1127 3176 quid

176 3179 242 3264 ipse
264 3177 306 3242 ad
325 3177 497 3240 Avaricum
520 3179 678 3260 sensisset,
702 3200 798 3264 quum
820 3179 888 3240 sine
910 3175 991 3240 duce
1013 3184 1044 3238 et
1058 3175 1128 3240 sine

176 3264 315 3346 equitatu
337 3261 541 3346 deprehensis
568 3262 709 3327 hostibus
737 3261 932 3347 exploratam
963 3260 1127 3323 victoriam

177 3345 352 3426 dimisisset,
374 3369 415 3410 nc
436 3369 570 3432 parvum
591 3346 683 3412 modo
705 3346 927 3410 detrimentum
948 3347 981 3408 in
1000 3354 1128 3408 conten·

69 3509 73 3516 .
176 3437 259 3496 tione
273 3443 401 3517 propter
415 3433 611 3517 iniquitatem
626 3431 687 3495 loci
702 3432 868 3496 accideret.
892 3429 1017 3509 Quanto
1033 3449 1127 3514 opere
