2532 3968
213 209 371 294 ,xnuu
572 214 830 280 Punuenuo.

231 399 301 470 rat,
329 393 502 464 nominatim
537 406 577 449 en
611 392 750 450 omnibus
786 393 958 452 civitatibus
991 394 1177 456 nobilissimo

233 493 353 552 qnoque
376 482 523 548 euocato,
548 481 584 534 ei
604 475 676 534 bine
700 479 803 554 optimi
822 475 945 550 qeneris
967 477 1179 540 hominemex

232 565 396 636 Aquitanis
417 563 636 634 montanisque,
661 565 715 633 qni
731 561 857 643 Galliam
873 565 1067 638 prouinciam
1089 568 1178 624 attin·

231 655 317 721 qum,
341 649 511 707 addiderat.
536 645 685 704 Audierat
706 647 879 722 Pompeium
902 665 927 707 e.
948 665 975 722 q.
988 667 1012 709 s.
1037 643 1177 708 Verbum

231 735 394 792 addiderat
417 768 453 778 -
476 723 529 788 vel
543 724 627 810 quod
645 725 698 788 alii
709 724 889 791 maluerunt
903 736 1066 810 adiecerat,
1084 751 1177 816 quum

213 809 265 894 ,in
285 814 349 876 fine
371 810 591 875 enuntiationis
614 807 800 875 eolioeatum
824 821 916 895 esset,
940 812 980 876 ob
1003 813 1177 878 litterarum

231 918 303 960 curn
316 905 467 981 sequente
479 903 619 959 andierat
634 895 871 960 similitudinem
886 895 1020 980 excidit,
1037 908 1068 962 et
1083 921 1177 984 quum

229 981 331 1046 verbe
359 988 402 1046 ad
429 987 482 1044 itio
510 988 640 1065 propter
680 981 870 1046 antecedens
899 985 1024 1046 numeri
1054 985 1177 1069 signum

213 1066 297 1148 ¹,VI‘
318 1067 351 1129 in
381 1073 444 1133 ad.
463 1117 469 1129 .
486 1073 569 1129 mitio
598 1061 751 1150 abissent,
783 1065 926 1150 reliquae
949 1067 1063 1131 deinde
1083 1073 1176 1132 ‘seeu-

228 1161 280 1215 tae
302 1161 375 1215 sunt
389 1149 595 1234 corruptelae.
630 1153 698 1216 lam
720 1152 803 1215 enim
826 1158 974 1216 babuerat
993 1154 1176 1239 primarium

227 1235 361 1300 verbum
394 1236 536 1299 habitum
565 1242 628 1328 est,
662 1239 705 1300 ite
732 1246 767 1299 ut
799 1259 973 1322 pronomen
1008 1261 1084 1317 quae
1115 1260 1179 1303 non

228 1320 364 1406 emplius
386 1322 463 1385 ferri
484 1329 607 1405 posset,
636 1332 667 1392 et
694 1343 788 1406 quum
816 1323 988 1386 enuntiatio
1016 1332 1088 1408 post
1113 1346 1179 1389 euo-

228 1420 296 1472 ooto
329 1407 485 1488 finiretur,
519 1405 634 1474 factum
670 1417 733 1486 est,
770 1416 805 1470 ut
838 1408 933 1470 etiam
964 1407 1120 1493 particula
1153 1422 1182 1473 et

180 1561 183 1566 ,
214 1492 411 1574 eiiceretur,
445 1492 506 1553 nisi
540 1490 643 1560 finalis
680 1491 803 1576 syllaba
835 1497 988 1572 (eroea)to
1021 1494 1054 1556 in
1084 1515 1181 1575 eausa

226 1576 295 1660 fuit,
318 1600 375 1641 eur
396 1576 518 1640 librarii
541 1582 647 1645 oeulos
675 1573 831 1652 particula
853 1577 1013 1661 effugeret.
1030 1577 1181 1657 —Quod

226 1683 303 1727 vero
336 1661 377 1727 ud
408 1663 474 1724 vim
507 1657 650 1729 adverbii
681 1669 753 1726 birro
786 1663 913 1743 attinet,
946 1660 980 1725 id
1013 1685 1076 1726 unu
1108 1685 1181 1743 eum

227 1747 373 1812 ablativis
399 1769 439 1811 ex
463 1753 623 1824 Aquitanis
649 1751 874 1827 montanisque,
909 1768 986 1831 quos
1013 1749 1179 1834 praecipit,

225 1834 382 1918 superiori
408 1854 447 1896 ex
475 1837 571 1894 Gallia
594 1829 778 1920 respondet,
802 1832 976 1918 genitivum
999 1842 1103 1896 eutem
1126 1855 1181 1914 op·

227 1927 292 1982 timi
305 1926 429 1996 qeneris
444 1924 609 2005 hominnm,
631 1920 693 1983 nisi
715 1917 855 2003 pendere
876 1917 1008 1980 fecimus
1031 1937 1071 1981 ex
1094 1929 1181 1984 ante-

211 2003 359 2070 ·eedente
381 2025 548 2080 numerum,
573 2029 630 2070 suu
651 2004 750 2090 ipsius
772 2005 804 2066 vi
829 2003 977 2086 partitiva
999 2024 1070 2065 eum
1092 2002 1182 2066 edhi-

210 2087 327 2152 ¹bitum
349 2111 419 2153 esse
439 2096 553 2173 putere
568 2090 651 2174 lieet,
675 2087 937 2176 quemadmodum
958 2085 1041 2151 infra
1062 2087 1183 2153 factum

225 2182 274 2238 est
301 2173 323 2237 l·
345 2173 402 2256 III,
431 2196 457 2236 c·
481 2171 522 2235 4:
557 2184 625 2242 Hae
647 2181 827 2257 dardanos,
858 2179 988 2254 Bessos,
1013 2211 1053 2220 -
1078 2179 1183 2238 Mace·

212 2265 341 2336 donas,
386 2265 545 2324 Thessalos
586 2285 623 2327 oe
663 2266 896 2336 reliquorum
938 2266 1106 2336 qentium
1149 2273 1185 2325 et

214 2351 426 2424 'ciuitatum
449 2350 611 2412 adiecerat.

227 2447 229 2452 ’
289 2429 656 2498 omnituentes:
690 2435 756 2494 Huc
785 2449 851 2491 cunr
873 2435 1027 2492 cotidiana
1049 2449 1183 2494 consue-

225 2521 330 2580 tudine
351 2540 368 2581 e
375 2533 540 2594 pressae
560 2519 792 2596 pabulatoribus
806 2515 1185 2592 praesidiapropiore

220 2613 342 2680 ponte
370 2603 504 2678 teqianes
540 2605 697 2664 Fabianae
731 2603 808 2660 duae
840 2605 951 2674 fluctuem
984 2606 1182 2683 transissent,

212 2691 490 2764 impedimentaque
518 2694 544 2748 et
576 2694 671 2749 omnis
694 2689 843 2761 equitabis
865 2691 1053 2766 sequeretur,
1076 2690 1182 2750 subito

224 2777 428 2834 uiuentorum
452 2778 603 2848 itaquae
628 2774 835 2846 maqnitudine
857 2789 940 2847 pons
970 2780 1015 2832 est
1043 2776 1184 2835 interru-

220 2865 296 2935 ptus
318 2866 346 2918 et
365 2859 483 2930 reliqua
500 2862 656 2918 multitudo
674 2862 804 2932 equitum
820 2859 994 2917 interclusa.
1018 2852 1108 2916 Libri
1122 2853 1183 2918 ha·

223 2937 300 3002 bent
322 2960 524 3020 conpressae,
556 2939 640 3025 quod
670 2940 696 3001 si
725 2961 796 3002 eum
820 2960 963 3016 eqressae
986 2948 1183 3005 commutare

221 3021 378 3104 iubemur,
400 3025 536 3108 primum
560 3025 730 3088 videndum
755 3033 818 3103 est,
844 3023 999 3109 quomodo
1021 3025 1184 3109 particula

221 3123 283 3180 true
304 3131 376 3172 cum
398 3131 545 3184 eoressae
568 3112 735 3174 coniuncta
764 3115 805 3172 eit
828 3109 1022 3194 accipienda.
1047 3109 1182 3188 Quomi-

220 3221 282 3264 nus
309 3215 381 3258 eum
402 3193 548 3260 Kranero
577 3203 637 3260 buo
659 3232 698 3242 -
724 3217 868 3272 eqressoe
889 3196 1106 3278 interpreteris
1131 3197 1178 3276 ,in

218 3283 307 3348 diese
338 3278 480 3364 Gegend,
510 3303 559 3345 wo
583 3303 657 3344 man
684 3279 797 3344 Futter
826 3278 939 3360 holte‘,
970 3280 1002 3342 id
1033 3281 1075 3342 im
1100 3279 1179 3361 edit,

220 3370 305 3452 quod
334 3362 439 3445 loeus,
468 3366 552 3429 unde
580 3365 732 3450 pabulum
754 3373 926 3449 peteretur,
950 3362 1051 3428 altere
1072 3302 1180 3428 iumi-

216 3453 268 3514 nis
292 3456 372 3539 ripa,
386 3449 462 3522 situs
485 3459 560 3532 erut,
583 3452 628 3515 ite
649 3458 684 3513 ut
704 3449 784 3514 hue
805 3460 872 3513 tum
888 3449 1012 3513 demum
1032 3448 1179 3535 legiones
