2534 3970
267 169 270 177 '
347 164 483 233 comt.
504 167 552 232 IV
574 167 667 236 CAP.
689 168 825 234 22-26.
1020 169 1058 235 81

110 361 223 426 magno
245 349 278 405 et
298 341 390 426 gravi
412 359 507 403 onere
535 361 693 405 armorum
720 341 879 426 oppressis
909 339 1001 404 simul
1031 349 1062 404 et

110 427 148 491 de
158 426 295 491 navibus
307 423 516 489 desiliendum
532 433 563 490 et
573 425 606 488 in
620 421 767 490 fluctibus
782 423 1015 491 consistendum
1030 431 1071 490 et

111 533 181 577 eum
201 511 345 576 hostibus
360 519 428 576 crat
441 509 654 596 pugnandum,
677 533 773 596 quum
787 510 834 574 illi
849 519 903 574 aut
917 533 959 576 ex
972 507 1061 575 arido

110 608 163 663 aut
190 595 320 683 paulum
346 596 379 658 in
412 617 527 682 aquam
552 597 714 696 progressi
739 595 884 660 omnibus
910 595 1061 660 membris

111 681 274 769 expeditis,
307 681 478 746 notissimis
500 679 578 744 locis
605 680 754 745 audacter
781 680 846 746 tela
872 682 1062 746 coniicerent

111 778 141 835 et
163 788 260 855 equos
282 765 471 832 insuefactos
493 767 670 831 incitarent.
704 765 826 845 Quibus
847 767 943 831 rebus
961 767 1061 830 nocui

110 852 266 940 perterriti
281 862 374 938 atque
388 850 481 915 huius
495 851 621 915 omnino
663 853 765 916 eneris
783 873 909 937 pugnae
923 853 1061 939 imperiti

110 961 173 1004 non
201 937 313 1003 eadem
338 936 501 1000 ¹alacritate
530 957 568 1000 ac
590 944 639 1000 stu
664 938 701 1018 ¹0,
724 959 786 1022 quo
807 937 841 1000 in
862 937 1061 1023 pedestribus

110 1026 156 1088 uti
199 1022 305 1088 roeliis
328 1028 527 1104 consuerant,
549 1021 742 1086 nitebantur.

172 1047 223 1173 lb.
248 1106 341 1187 Quod
361 1106 417 1170 ubi
432 1105 552 1171 Caesar
566 1105 802 1188 animadvertit,
825 1127 924 1172 naves
939 1106 1060 1193 longas,

110 1217 243 1280 quarum
265 1203 296 1256 et
317 1193 438 1278 species
461 1200 533 1254 erat
551 1189 694 1256 barbaris
716 1193 893 1257 inusitatior
913 1202 945 1258 et
959 1204 1061 1259 motus

110 1280 149 1344 ad
170 1301 264 1342 usum
286 1277 461 1362 expeditior
468 1313 477 1357 ,·
506 1275 636 1361 paulum
662 1280 818 1342 removeri
840 1277 881 1342 ab
907 1280 1061 1344 onerariis

109 1364 243 1430 navibus
266 1372 297 1427 et
317 1364 416 1426 ramis·
426 1361 549 1448 incitari
571 1370 603 1426 ct
616 1361 657 1426 ad
671 1360 754 1426 latus
769 1372 911 1448 apertum
925 1363 1061 1429 hostium

110 1449 258 1516 constitui
279 1456 373 1534 atque
387 1446 462 1512 inde
483 1446 599 1528 fundis,
623 1448 754 1532 sagittis,
776 1450 940 1514 tormentis
954 1449 1061 1514 hostes

108 1533 245 1621 propelli
266 1555 303 1597 ac
325 1530 505 1596 submoveri
533 1533 639 1614 iussit3
669 1553 750 1618 quae
779 1554 831 1598 res
853 1555 968 1619 magno
990 1536 1062 1599 usui

108 1621 224 1686 nostris
239 1618 305 1682 filit.
327 1617 409 1681 Nam
432 1626 463 1680 et
482 1618 611 1681 navium
633 1617 735 1702 figura
756 1626 788 1682 et
802 1633 961 1682 remorum
974 1627 1061 1684 motu

109 1715 140 1771 et
172 1706 322 1768 inusitato
357 1723 473 1788 genere
509 1710 736 1767 tormentorum
768 1705 902 1788 permoti
933 1703 1061 1767 barbari

108 1792 318 1857 constiterunt
339 1810 377 1852 ac
397 1786 526 1873 paulum
547 1787 641 1851 modo
660 1787 775 1874 pedem
796 1789 979 1853 retulerunt.
1006 1789 1060 1852 At-

109 1899 170 1964 que
198 1876 316 1940 nostris
343 1872 495 1938 militibus
525 1873 753 1956 cunctantibus,
776 1876 919 1938 maxime·
933 1897 991 1960 pro
1007 1891 1012 1896 ’“
1027 1891 1062 1939 er

108 1960 305 2027 altitudinem
342 1960 438 2022 maris
450 2005 458 2040 ,
492 1958 546 2045 qui
583 1957 723 2024 decimae
755 1958 785 2024 le
810 1961 888 2024 ‘onis
964 1981 997 2024 ur
1010 1978 1060 2024 am

107 2047 240 2128 ferebat,
263 2053 454 2112 contestatus
477 2043 566 2125 deos,¹
586 2051 621 2106 ut
648 2064 686 2108 ea
706 2062 759 2108 res
800 2045 904 2132 egioni
929 2045 1073 2110 fe'citer-

108 2133 270 2199 eveniret:
315 2129 480 2205 Desilite,
514 2129 635 2213 inquit,
682 2128 817 2212 milites,
860 2131 923 2194 nisi
965 2130 1061 2195 vultis

107 2217 246 2320 aquilam
272 2215 414 2280 hostibus
442 2213 593 2301 prodere:
627 2235 686 2299 ego
716 2223 800 2278 certe
826 2237 932 2279 meum
957 2217 1005 2280 rei
1026 2237 1060 2280 u·

107 2303 212 2368 blrcae
245 2310 338 2388 atque
370 2299 553 2385 imperatori
582 2298 719 2364 officium
751 2302 947 2385 praestitero.
1023 2322 1061 2366 oc

108 2409 205 2477 quum
227 2409 306 2452 voce
326 2407 443 2470 magna
457 2384 599 2464 dixisset,
623 2405 656 2448 se
672 2404 712 2450 ex
731 2385 807 2449 navi
821 2387 952 2471 proiecit
967 2395 1061 2473 atque

106 2477 140 2540 in
161 2476 272 2540 hostes
293 2469 431 2558 aquilam
451 2471 533 2536 ferre
555 2470 667 2555 coepit.
701 2469 782 2534 Tum
796 2473 895 2536 nostri
910 2470 1062 2538 cohortati

106 2563 188 2626 inter
215 2581 267 2640 se,
293 2578 335 2624 ne
360 2565 485 2620 tantum
506 2554 645 2620 dedecus
667 2555 894 2639 admitteretur,
921 2559 1060 2621 universi

107 2667 148 2710 ex
169 2645 247 2708 navi
268 2639 470 2707 desiluemnt
506 2639 575 2704 Hos
597 2640 673 2704 item
695 2661 735 2704 ex
755 2643 906 2726 proximis
927 2642 1060 2707 navibus

107 2753 205 2818 quum
240 2728 495 2814 conspexissent,
527 2725 688 2790 subsecuti
719 2725 861 2792 hostibus
894 2729 1061 2814 appropin-

126 2823 253 2882 uarunt.
398 2835 402 2842 “
903 2837 905 2840 ·

106 2841 127 2904 q
171 2901 223 2964 26.
264 2900 443 2984 Pugnatum
474 2906 523 2963 est
551 2895 592 2960 ab
621 2897 762 2982 utrisque
794 2901 916 2964 acriter.
955 2899 1061 2966 Nostri

106 2997 231 3068 tamen,
255 2984 339 3071 quod
359 3005 463 3070 neque
489 2981 615 3048 ordines
644 3003 771 3046 servare
799 3005 903 3070 neque
931 2985 1061 3050 firmiter

106 3072 254 3136 insistere
267 3091 378 3154 neque
407 3070 497 3154 signa
518 3067 668 3152 subsequi
689 3077 841 3152 poterant,
864 3080 958 3154 atque
980 3069 1062 3135 alius

107 3157 171 3221 alia
200 3179 242 3220 ex
273 3156 363 3238 navi,
398 3154 647 3241 quibuscumque
676 3152 773 3237 signis
802 3163 994 3236 occurrerat,
1025 3175 1061 3222 se

107 3239 313 3328 aggregabat,
334 3259 527 3326 magnopere
548 3236 833 3323 perturbabantur;
855 3240 961 3305 hostes
981 3261 1060 3302 vero

107 3329 191 3392 notis
214 3325 359 3390 omnibus
380 3325 480 3407 vadis,
502 3323 558 3388 ubi
580 3345 620 3388 ex
634 3321 726 3388 litore
747 3324 869 3410 aliquos
884 3323 1061 3408 singulares

108 3434 151 3476 ex
161 3412 235 3476 navi
248 3409 444 3498 egredientes
458 3418 695 3495 conspexerant,
713 3411 848 3474 incitatis
861 3409 948 3496 equis
964 3410 1061 3496 impe·

153 3513 169 3553 (ἶ
170 3525 237 3558 cccccc
838 3494 859 3558 6
