<?xml version="1.0" encoding="UTF-8"?>
<!DOCTYPE html PUBLIC "-//W3C//DTD XHTML 1.0 Transitional//EN"
    "http://www.w3.org/TR/xhtml1/DTD/xhtml1-transitional.dtd">
<html xmlns="http://www.w3.org/1999/xhtml" xml:lang="en" lang="en">
 <head>
  <title>
</title>
<meta http-equiv="Content-Type" content="text/html;charset=utf-8" />
  <meta name='ocr-system' content='tesseract 3.04.00' />
  <meta name='ocr-capabilities' content='ocr_page ocr_carea ocr_par ocr_line ocrx_word'/>
</head>
<body>
  <div class='ocr_page' id='page_1' title='image "./ciuliicaesarisc01hirtgoog_0469.png"; bbox 0 0 2538 3978; ppageno 0'>
   <div class='ocr_carea' id='block_1_1' title="bbox 176 237 962 338">
    <p class='ocr_par' dir='ltr' id='par_1_1' title="bbox 176 237 962 338">
     <span class='ocr_line' id='line_1_1' title="bbox 176 237 962 338; baseline -0.006 -28"><span class='ocrx_word' id='word_1_1' title='bbox 176 245 238 312; x_wconf 78' lang='lat'>122</span> <span class='ocrx_word' id='word_1_2' title='bbox 461 241 524 308; x_wconf 86' lang='lat' dir='ltr'>nn</span> <span class='ocrx_word' id='word_1_3' title='bbox 545 240 689 310; x_wconf 78' lang='lat' dir='ltr'>sumo</span> <span class='ocrx_word' id='word_1_4' title='bbox 712 237 847 308; x_wconf 80' lang='lat' dir='ltr'>orum</span> <span class='ocrx_word' id='word_1_5' title='bbox 959 331 962 338; x_wconf 20' lang='grc' dir='ltr'><strong><em>Ι</em></strong></span> 
     </span>
    </p>
   </div>
   <div class='ocr_carea' id='block_1_2' title="bbox 175 410 1143 650">
    <p class='ocr_par' dir='ltr' id='par_1_2' title="bbox 175 410 1143 650">
     <span class='ocr_line' id='line_1_2' title="bbox 175 410 1143 496; baseline -0.006 -13"><span class='ocrx_word' id='word_1_6' title='bbox 175 416 310 482; x_wconf 89' lang='lat' dir='ltr'>militum</span> <span class='ocrx_word' id='word_1_7' title='bbox 332 416 472 480; x_wconf 89' lang='lat' dir='ltr'>animum</span> <span class='ocrx_word' id='word_1_8' title='bbox 485 410 656 496; x_wconf 77' lang='lat' dir='ltr'>videretur,</span> <span class='ocrx_word' id='word_1_9' title='bbox 680 413 866 480; x_wconf 86' lang='lat' dir='ltr'>tentandum</span> <span class='ocrx_word' id='word_1_10' title='bbox 888 411 1008 478; x_wconf 81' lang='lat' dir='ltr'>Caesar</span> <span class='ocrx_word' id='word_1_11' title='bbox 1029 415 1143 486; x_wconf 63' lang='lat' dir='ltr'>existi,</span> 
     </span>
     <span class='ocr_line' id='line_1_3' title="bbox 176 496 1142 650; baseline -0.003 -83"><span class='ocrx_word' id='word_1_12' title='bbox 176 504 284 584; x_wconf 80' lang='lat' dir='ltr'>mavit,</span> <span class='ocrx_word' id='word_1_13' title='bbox 308 501 458 650; x_wconf 76' lang='lat' dir='ltr'>quidnam</span> <span class='ocrx_word' id='word_1_14' title='bbox 481 501 651 585; x_wconf 90' lang='lat' dir='ltr'>Pompeius</span> <span class='ocrx_word' id='word_1_15' title='bbox 665 500 818 588; x_wconf 85' lang='lat' dir='ltr'>propositi</span> <span class='ocrx_word' id='word_1_16' title='bbox 840 508 894 562; x_wconf 89' lang='lat' dir='ltr'>aut</span> <span class='ocrx_word' id='word_1_17' title='bbox 907 496 1079 562; x_wconf 86' lang='lat' dir='ltr'>voluntatis</span> <span class='ocrx_word' id='word_1_18' title='bbox 1095 499 1142 564; x_wconf 88' lang='lat' dir='ltr'>ad</span> 
     </span>
    </p>
   </div>
   <div class='ocr_carea' id='block_1_3' title="bbox 109 585 1141 2464">
    <p class='ocr_par' dir='ltr' id='par_1_3' title="bbox 109 585 1141 2208">
     <span class='ocr_line' id='line_1_4' title="bbox 176 585 1141 672; baseline -0.005 -19"><span class='ocrx_word' id='word_1_19' title='bbox 176 588 312 653; x_wconf 85' lang='lat' dir='ltr'>dimioan</span> <span class='ocrx_word' id='word_1_20' title='bbox 336 609 389 650; x_wconf 91' lang='lat' dir='ltr'>um</span> <span class='ocrx_word' id='word_1_21' title='bbox 421 585 563 650; x_wconf 88' lang='lat' dir='ltr'>haberet.</span> <span class='ocrx_word' id='word_1_22' title='bbox 595 585 708 672; x_wconf 89' lang='lat' dir='ltr'>Itaque</span> <span class='ocrx_word' id='word_1_23' title='bbox 744 606 785 650; x_wconf 80' lang='lat' dir='ltr'>ex</span> <span class='ocrx_word' id='word_1_24' title='bbox 818 585 928 648; x_wconf 88' lang='lat' dir='ltr'>castris</span> <span class='ocrx_word' id='word_1_25' title='bbox 962 586 1141 648; x_wconf 87' lang='lat' dir='ltr'>exereitum</span> 
     </span>
     <span class='ocr_line' id='line_1_5' title="bbox 109 668 1140 757; baseline -0.007 -17"><span class='ocrx_word' id='word_1_26' title='bbox 109 730 111 740; x_wconf 33' lang='lat' dir='ltr'><em>s</em></span> <span class='ocrx_word' id='word_1_27' title='bbox 176 672 285 738; x_wconf 81' lang='lat' dir='ltr'><strong>eduxit</strong></span> <span class='ocrx_word' id='word_1_28' title='bbox 299 673 461 757; x_wconf 75' lang='lat' dir='ltr'>aciemque</span> <span class='ocrx_word' id='word_1_29' title='bbox 472 672 630 753; x_wconf 83' lang='lat' dir='ltr'>instruxit,</span> <span class='ocrx_word' id='word_1_30' title='bbox 645 671 784 756; x_wconf 89' lang='lat' dir='ltr'>primum</span> <span class='ocrx_word' id='word_1_31' title='bbox 799 672 863 734; x_wconf 90' lang='lat' dir='ltr'>suis</span> <span class='ocrx_word' id='word_1_32' title='bbox 879 669 956 733; x_wconf 89' lang='lat' dir='ltr'>locis</span> <span class='ocrx_word' id='word_1_33' title='bbox 977 668 1140 755; x_wconf 89' lang='lat' dir='ltr'>pauloque</span> 
     </span>
     <span class='ocr_line' id='line_1_6' title="bbox 178 753 1138 842; baseline -0.007 -19"><span class='ocrx_word' id='word_1_34' title='bbox 178 781 198 823; x_wconf 90' lang='lat' dir='ltr'>a</span> <span class='ocrx_word' id='word_1_35' title='bbox 220 758 333 822; x_wconf 84' lang='lat' dir='ltr'>castris</span> <span class='ocrx_word' id='word_1_36' title='bbox 355 756 487 842; x_wconf 78' lang='lat' dir='ltr'><strong>Pompei</strong></span> <span class='ocrx_word' id='word_1_37' title='bbox 508 755 644 841; x_wconf 90' lang='lat' dir='ltr'>longius,</span> <span class='ocrx_word' id='word_1_38' title='bbox 660 753 892 820; x_wconf 70' lang='lat' dir='ltr'>confinentibus</span> <span class='ocrx_word' id='word_1_39' title='bbox 914 776 990 818; x_wconf 89' lang='lat' dir='ltr'>vero</span> <span class='ocrx_word' id='word_1_40' title='bbox 1013 753 1138 835; x_wconf 87' lang='lat' dir='ltr'>diebus,</span> 
     </span>
     <span class='ocr_line' id='line_1_7' title="bbox 176 838 1139 929; baseline -0.005 -22"><span class='ocrx_word' id='word_1_41' title='bbox 176 853 211 907; x_wconf 88' lang='lat' dir='ltr'>ut</span> <span class='ocrx_word' id='word_1_42' title='bbox 232 841 479 929; x_wconf 79' lang='lat' dir='ltr'>progrederetur</span> <span class='ocrx_word' id='word_1_43' title='bbox 500 863 520 904; x_wconf 91' lang='lat' dir='ltr'>a</span> <span class='ocrx_word' id='word_1_44' title='bbox 546 843 658 906; x_wconf 85' lang='lat' dir='ltr'>castris</span> <span class='ocrx_word' id='word_1_45' title='bbox 686 841 751 904; x_wconf 88' lang='lat' dir='ltr'>suis</span> <span class='ocrx_word' id='word_1_46' title='bbox 778 839 974 925; x_wconf 87' lang='lat' dir='ltr'>collibusque</span> <span class='ocrx_word' id='word_1_47' title='bbox 1003 838 1139 924; x_wconf 90' lang='lat' dir='ltr'>Pompe-</span> 
     </span>
     <span class='ocr_line' id='line_1_8' title="bbox 175 925 1140 1005; baseline -0.004 -13"><span class='ocrx_word' id='word_1_48' title='bbox 175 929 257 992; x_wconf 89' lang='lat' dir='ltr'>ianis</span> <span class='ocrx_word' id='word_1_49' title='bbox 279 929 388 992; x_wconf 78' lang='lat' dir='ltr'>aciem&#39;</span> <span class='ocrx_word' id='word_1_50' title='bbox 403 926 581 992; x_wconf 86' lang='lat' dir='ltr'>subiiceret.</span> <span class='ocrx_word' id='word_1_51' title='bbox 605 925 762 1005; x_wconf 75' lang='lat' dir='ltr'>Quaeres</span> <span class='ocrx_word' id='word_1_52' title='bbox 783 926 816 988; x_wconf 90' lang='lat' dir='ltr'>in</span> <span class='ocrx_word' id='word_1_53' title='bbox 839 925 906 988; x_wconf 89' lang='lat' dir='ltr'>dies</span> <span class='ocrx_word' id='word_1_54' title='bbox 929 925 1140 990; x_wconf 83' lang='lat' dir='ltr'>confirmatio·</span> 
     </span>
     <span class='ocr_line' id='line_1_9' title="bbox 176 1009 1140 1096; baseline -0.002 -20"><span class='ocrx_word' id='word_1_55' title='bbox 176 1014 336 1078; x_wconf 89' lang='lat' dir='ltr'>remeius</span> <span class='ocrx_word' id='word_1_56' title='bbox 359 1014 532 1078; x_wconf 85' lang='lat' dir='ltr'>exercitum</span> <span class='ocrx_word' id='word_1_57' title='bbox 560 1010 725 1076; x_wconf 86' lang='lat' dir='ltr'>efficiebat.</span> <span class='ocrx_word' id='word_1_58' title='bbox 748 1009 901 1096; x_wconf 79' lang='lat' dir='ltr'>Superius</span> <span class='ocrx_word' id='word_1_59' title='bbox 923 1019 1029 1074; x_wconf 90' lang='lat' dir='ltr'>tamen</span> <span class='ocrx_word' id='word_1_60' title='bbox 1050 1011 1140 1074; x_wconf 83' lang='lat' dir='ltr'>insti·</span> 
     </span>
     <span class='ocr_line' id='line_1_10' title="bbox 176 1094 1139 1183; baseline -0.005 -21"><span class='ocrx_word' id='word_1_61' title='bbox 176 1108 279 1162; x_wconf 86' lang='lat' dir='ltr'>tutum</span> <span class='ocrx_word' id='word_1_62' title='bbox 299 1099 333 1162; x_wconf 90' lang='lat' dir='ltr'>in</span> <span class='ocrx_word' id='word_1_63' title='bbox 355 1097 521 1183; x_wconf 89' lang='lat' dir='ltr'>equitibus,</span> <span class='ocrx_word' id='word_1_64' title='bbox 552 1097 637 1183; x_wconf 89' lang='lat' dir='ltr'>quod</span> <span class='ocrx_word' id='word_1_65' title='bbox 659 1095 953 1177; x_wconf 86' lang='lat' dir='ltr'>demonstravimus,</span> <span class='ocrx_word' id='word_1_66' title='bbox 977 1094 1139 1176; x_wconf 88' lang='lat' dir='ltr'>servabat,</span> 
     </span>
     <span class='ocr_line' id='line_1_11' title="bbox 176 1180 1139 1268; baseline -0.005 -21"><span class='ocrx_word' id='word_1_67' title='bbox 176 1193 221 1263; x_wconf 90' lang='lat' dir='ltr'>ut,</span> <span class='ocrx_word' id='word_1_68' title='bbox 252 1184 402 1268; x_wconf 90' lang='lat' dir='ltr'>qnoniam</span> <span class='ocrx_word' id='word_1_69' title='bbox 430 1203 562 1247; x_wconf 89' lang='lat' dir='ltr'>numero</span> <span class='ocrx_word' id='word_1_70' title='bbox 593 1181 698 1246; x_wconf 89' lang='lat' dir='ltr'>multis</span> <span class='ocrx_word' id='word_1_71' title='bbox 726 1180 869 1267; x_wconf 89' lang='lat' dir='ltr'>partibus</span> <span class='ocrx_word' id='word_1_72' title='bbox 892 1189 977 1245; x_wconf 87' lang='lat' dir='ltr'>esset</span> <span class='ocrx_word' id='word_1_73' title='bbox 997 1181 1139 1260; x_wconf 88' lang='lat' dir='ltr'>inferior,</span> 
     </span>
     <span class='ocr_line' id='line_1_12' title="bbox 177 1265 1140 1354; baseline -0.004 -20"><span class='ocrx_word' id='word_1_74' title='bbox 177 1268 394 1334; x_wconf 77' lang='lat' dir='ltr'>adolescentes</span> <span class='ocrx_word' id='word_1_75' title='bbox 416 1276 510 1354; x_wconf 90' lang='lat' dir='ltr'>atque</span> <span class='ocrx_word' id='word_1_76' title='bbox 539 1267 704 1353; x_wconf 86' lang='lat' dir='ltr'>expeditos</span> <span class='ocrx_word' id='word_1_77' title='bbox 727 1289 769 1330; x_wconf 84' lang='lat' dir='ltr'>ex</span> <span class='ocrx_word' id='word_1_78' title='bbox 789 1267 1004 1351; x_wconf 80' lang='lat' dir='ltr'>antesignanis</span> <span class='ocrx_word' id='word_1_79' title='bbox 1027 1265 1140 1330; x_wconf 88' lang='lat' dir='ltr'>electis</span> 
     </span>
     <span class='ocr_line' id='line_1_13' title="bbox 178 1351 1139 1440; baseline -0.004 -22"><span class='ocrx_word' id='word_1_80' title='bbox 178 1353 221 1418; x_wconf 89' lang='lat' dir='ltr'>ad</span> <span class='ocrx_word' id='word_1_81' title='bbox 242 1355 460 1440; x_wconf 80' lang='lat' dir='ltr'>pernicitatem</span> <span class='ocrx_word' id='word_1_82' title='bbox 475 1354 571 1416; x_wconf 87' lang='lat' dir='ltr'>armis</span> <span class='ocrx_word' id='word_1_83' title='bbox 592 1354 675 1417; x_wconf 89' lang='lat' dir='ltr'>inter</span> <span class='ocrx_word' id='word_1_84' title='bbox 690 1352 811 1438; x_wconf 86' lang='lat' dir='ltr'>equites</span> <span class='ocrx_word' id='word_1_85' title='bbox 828 1351 983 1436; x_wconf 56' lang='lat' dir='ltr'>*proeliari</span> <span class='ocrx_word' id='word_1_86' title='bbox 1003 1351 1139 1432; x_wconf 90' lang='lat' dir='ltr'>iuberet,</span> 
     </span>
     <span class='ocr_line' id='line_1_14' title="bbox 179 1438 1140 1526; baseline -0.003 -24"><span class='ocrx_word' id='word_1_87' title='bbox 179 1439 232 1525; x_wconf 91' lang='lat' dir='ltr'>qui</span> <span class='ocrx_word' id='word_1_88' title='bbox 262 1439 443 1526; x_wconf 87' lang='lat' dir='ltr'>quotidiana</span> <span class='ocrx_word' id='word_1_89' title='bbox 472 1438 698 1503; x_wconf 87' lang='lat' dir='ltr'>consuetudine</span> <span class='ocrx_word' id='word_1_90' title='bbox 724 1459 817 1502; x_wconf 90' lang='lat' dir='ltr'>usum</span> <span class='ocrx_word' id='word_1_91' title='bbox 846 1459 972 1522; x_wconf 89' lang='lat' dir='ltr'>quoque</span> <span class='ocrx_word' id='word_1_92' title='bbox 994 1439 1061 1502; x_wconf 87' lang='lat' dir='ltr'>sius</span> <span class='ocrx_word' id='word_1_93' title='bbox 1083 1459 1140 1521; x_wconf 85' lang='lat' dir='ltr'>ge-</span> 
     </span>
     <span class='ocr_line' id='line_1_15' title="bbox 176 1521 1138 1610; baseline -0.002 -22"><span class='ocrx_word' id='word_1_94' title='bbox 176 1525 263 1589; x_wconf 91' lang='lat' dir='ltr'>neris</span> <span class='ocrx_word' id='word_1_95' title='bbox 279 1525 468 1609; x_wconf 91' lang='lat' dir='ltr'>proeliorum</span> <span class='ocrx_word' id='word_1_96' title='bbox 482 1525 689 1610; x_wconf 79' lang='lat' dir='ltr'>perciperent</span> <span class='ocrx_word' id='word_1_97' title='bbox 713 1523 772 1586; x_wconf 89' lang='lat' dir='ltr'>His</span> <span class='ocrx_word' id='word_1_98' title='bbox 788 1532 858 1586; x_wconf 88' lang='lat' dir='ltr'>erat</span> <span class='ocrx_word' id='word_1_99' title='bbox 871 1521 967 1586; x_wconf 90' lang='lat' dir='ltr'>rebus</span> <span class='ocrx_word' id='word_1_100' title='bbox 980 1524 1138 1603; x_wconf 88' lang='lat' dir='ltr'>effectum,</span> 
     </span>
     <span class='ocr_line' id='line_1_16' title="bbox 177 1607 1140 1696; baseline -0.003 -23"><span class='ocrx_word' id='word_1_101' title='bbox 177 1620 212 1673; x_wconf 90' lang='lat' dir='ltr'>ut</span> <span class='ocrx_word' id='word_1_102' title='bbox 234 1611 374 1696; x_wconf 90' lang='lat' dir='ltr'>equitum</span> <span class='ocrx_word' id='word_1_103' title='bbox 394 1609 480 1673; x_wconf 91' lang='lat' dir='ltr'>mille</span> <span class='ocrx_word' id='word_1_104' title='bbox 502 1610 598 1676; x_wconf 87' lang='lat' dir='ltr'>etiam</span> <span class='ocrx_word' id='word_1_105' title='bbox 620 1607 829 1693; x_wconf 84' lang='lat' dir='ltr'>apertioribus</span> <span class='ocrx_word' id='word_1_106' title='bbox 851 1607 928 1672; x_wconf 87' lang='lat' dir='ltr'>locis</span> <span class='ocrx_word' id='word_1_107' title='bbox 953 1616 1001 1670; x_wconf 88' lang='lat' dir='ltr'>Vll</span> <span class='ocrx_word' id='word_1_108' title='bbox 1016 1607 1140 1672; x_wconf 88' lang='lat' dir='ltr'>milium</span> 
     </span>
     <span class='ocr_line' id='line_1_17' title="bbox 176 1693 1140 1781; baseline 0 -23"><span class='ocrx_word' id='word_1_109' title='bbox 176 1695 440 1780; x_wconf 86' lang='lat' dir='ltr'>Pompeianorum</span> <span class='ocrx_word' id='word_1_110' title='bbox 454 1696 615 1781; x_wconf 85' lang='lat' dir='ltr'>impetum,</span> <span class='ocrx_word' id='word_1_111' title='bbox 631 1717 727 1780; x_wconf 91' lang='lat' dir='ltr'>quum</span> <span class='ocrx_word' id='word_1_112' title='bbox 744 1693 870 1758; x_wconf 81' lang='lat' dir='ltr'>adesset</span> <span class='ocrx_word' id='word_1_113' title='bbox 880 1715 967 1774; x_wconf 90' lang='lat' dir='ltr'>usus,</span> <span class='ocrx_word' id='word_1_114' title='bbox 980 1696 1140 1758; x_wconf 85' lang='lat' dir='ltr'>sustinere</span> 
     </span>
     <span class='ocr_line' id='line_1_18' title="bbox 179 1778 1138 1867; baseline -0.002 -24"><span class='ocrx_word' id='word_1_115' title='bbox 179 1780 334 1845; x_wconf 88' lang='lat' dir='ltr'>auderent</span> <span class='ocrx_word' id='word_1_116' title='bbox 354 1803 458 1867; x_wconf 89' lang='lat' dir='ltr'>neque</span> <span class='ocrx_word' id='word_1_117' title='bbox 472 1802 665 1866; x_wconf 83' lang='lat' dir='ltr'>magnopere</span> <span class='ocrx_word' id='word_1_118' title='bbox 687 1801 797 1844; x_wconf 88' lang='lat' dir='ltr'>eorum</span> <span class='ocrx_word' id='word_1_119' title='bbox 817 1778 1017 1844; x_wconf 87' lang='lat' dir='ltr'>multitudine</span> <span class='ocrx_word' id='word_1_120' title='bbox 1039 1789 1138 1842; x_wconf 86' lang='lat' dir='ltr'>terre·</span> 
     </span>
     <span class='ocr_line' id='line_1_19' title="bbox 178 1864 1137 1952; baseline -0.001 -23"><span class='ocrx_word' id='word_1_121' title='bbox 178 1875 296 1930; x_wconf 89' lang='lat' dir='ltr'>rentur.</span> <span class='ocrx_word' id='word_1_122' title='bbox 318 1865 463 1952; x_wconf 81' lang='lat' dir='ltr'>Namque</span> <span class='ocrx_word' id='word_1_123' title='bbox 486 1868 580 1930; x_wconf 88' lang='lat' dir='ltr'>etiam</span> <span class='ocrx_word' id='word_1_124' title='bbox 600 1888 659 1951; x_wconf 90' lang='lat' dir='ltr'>per</span> <span class='ocrx_word' id='word_1_125' title='bbox 681 1885 736 1930; x_wconf 89' lang='lat' dir='ltr'>eos</span> <span class='ocrx_word' id='word_1_126' title='bbox 758 1864 825 1929; x_wconf 89' lang='lat' dir='ltr'>dies</span> <span class='ocrx_word' id='word_1_127' title='bbox 847 1864 1004 1950; x_wconf 90' lang='lat' dir='ltr'>proelium</span> <span class='ocrx_word' id='word_1_128' title='bbox 1026 1885 1137 1928; x_wconf 86' lang='lat' dir='ltr'>secun·</span> 
     </span>
     <span class='ocr_line' id='line_1_20' title="bbox 180 1949 1137 2100; baseline -0.002 -85"><span class='ocrx_word' id='word_1_129' title='bbox 180 1951 255 2015; x_wconf 89' lang='lat' dir='ltr'>dum</span> <span class='ocrx_word' id='word_1_130' title='bbox 266 1961 411 2038; x_wconf 89' lang='lat' dir='ltr'>equestre</span> <span class='ocrx_word' id='word_1_131' title='bbox 425 1952 501 2015; x_wconf 84' lang='lat' dir='ltr'>feeit</span> <span class='ocrx_word' id='word_1_132' title='bbox 515 1960 609 2100; x_wconf 60' lang='lat' dir='ltr'>atque</span> <span class='ocrx_word' id='word_1_133' title='bbox 620 1973 718 2014; x_wconf 87' lang='lat' dir='ltr'>unum</span> <span class='ocrx_word' id='word_1_134' title='bbox 729 1949 937 2034; x_wconf 85' lang='lat' dir='ltr'>Allobrogem</span> <span class='ocrx_word' id='word_1_135' title='bbox 951 1973 992 2014; x_wconf 86' lang='lat' dir='ltr'>ex</span> <span class='ocrx_word' id='word_1_136' title='bbox 1003 1949 1137 2030; x_wconf 88' lang='lat' dir='ltr'>duobus,</span> 
     </span>
     <span class='ocr_line' id='line_1_21' title="bbox 178 2035 1139 2123; baseline 0 -23"><span class='ocrx_word' id='word_1_137' title='bbox 178 2058 257 2123; x_wconf 90' lang='lat' dir='ltr'>quos</span> <span class='ocrx_word' id='word_1_138' title='bbox 279 2036 454 2121; x_wconf 86' lang='lat' dir='ltr'>perfugisse</span> <span class='ocrx_word' id='word_1_139' title='bbox 476 2038 518 2101; x_wconf 86' lang='lat' dir='ltr'>ad</span> <span class='ocrx_word' id='word_1_140' title='bbox 572 2038 730 2122; x_wconf 93' lang='lat' dir='ltr'>ompeium</span> <span class='ocrx_word' id='word_1_141' title='bbox 751 2058 848 2122; x_wconf 84' lang='lat' dir='ltr'>supra</span> <span class='ocrx_word' id='word_1_142' title='bbox 869 2035 1042 2120; x_wconf 84' lang='lat' dir='ltr'>docuimus,</span> <span class='ocrx_word' id='word_1_143' title='bbox 1065 2057 1139 2100; x_wconf 88' lang='lat' dir='ltr'>cum</span> 
     </span>
     <span class='ocr_line' id='line_1_22' title="bbox 181 2120 554 2208; baseline 0.005 -23"><span class='ocrx_word' id='word_1_144' title='bbox 181 2120 369 2208; x_wconf 83' lang='lat' dir='ltr'>quibusdam</span> <span class='ocrx_word' id='word_1_145' title='bbox 390 2123 554 2187; x_wconf 87' lang='lat' dir='ltr'>interfecit.</span> 
     </span>
    </p>

    <p class='ocr_par' dir='ltr' id='par_1_4' title="bbox 177 2206 1140 2464">
     <span class='ocr_line' id='line_1_23' title="bbox 243 2206 1140 2294; baseline 0.002 -24"><span class='ocrx_word' id='word_1_146' title='bbox 243 2207 294 2270; x_wconf 81' lang='lat'>85.</span> <span class='ocrx_word' id='word_1_147' title='bbox 316 2207 494 2293; x_wconf 90' lang='lat' dir='ltr'>Pompeius,</span> <span class='ocrx_word' id='word_1_148' title='bbox 525 2209 579 2294; x_wconf 91' lang='lat' dir='ltr'>qui</span> <span class='ocrx_word' id='word_1_149' title='bbox 608 2217 712 2272; x_wconf 88' lang='lat' dir='ltr'>castra</span> <span class='ocrx_word' id='word_1_150' title='bbox 740 2214 774 2271; x_wconf 91' lang='lat' dir='ltr'>&#39;m</span> <span class='ocrx_word' id='word_1_151' title='bbox 803 2206 884 2271; x_wconf 91' lang='lat' dir='ltr'>colle</span> <span class='ocrx_word' id='word_1_152' title='bbox 917 2206 1066 2290; x_wconf 88' lang='lat' dir='ltr'>habebat,</span> <span class='ocrx_word' id='word_1_153' title='bbox 1096 2207 1140 2272; x_wconf 87' lang='lat' dir='ltr'>ad</span> 
     </span>
     <span class='ocr_line' id='line_1_24' title="bbox 177 2291 1139 2378; baseline 0.002 -24"><span class='ocrx_word' id='word_1_154' title='bbox 177 2292 302 2356; x_wconf 89' lang='lat' dir='ltr'>infimas</span> <span class='ocrx_word' id='word_1_155' title='bbox 322 2292 446 2358; x_wconf 88' lang='lat' dir='ltr'>radices</span> <span class='ocrx_word' id='word_1_156' title='bbox 474 2295 589 2358; x_wconf 88' lang='lat' dir='ltr'>montis</span> <span class='ocrx_word' id='word_1_157' title='bbox 612 2294 711 2357; x_wconf 86' lang='lat' dir='ltr'>aciem</span> <span class='ocrx_word' id='word_1_158' title='bbox 732 2291 908 2358; x_wconf 85' lang='lat' dir='ltr'>instruebat</span> <span class='ocrx_word' id='word_1_159' title='bbox 934 2314 1069 2378; x_wconf 88' lang='lat' dir='ltr'>semper,</span> <span class='ocrx_word' id='word_1_160' title='bbox 1101 2301 1139 2356; x_wconf 92' lang='lat' dir='ltr'>ut</span> 
     </span>
     <span class='ocr_line' id='line_1_25' title="bbox 177 2376 1138 2464; baseline 0.002 -24"><span class='ocrx_word' id='word_1_161' title='bbox 177 2376 354 2459; x_wconf 82' lang='lat' dir='ltr'>videbatur,</span> <span class='ocrx_word' id='word_1_162' title='bbox 391 2388 589 2463; x_wconf 82' lang='lat' dir='ltr'>exspectans,</span> <span class='ocrx_word' id='word_1_163' title='bbox 627 2381 654 2442; x_wconf 90' lang='lat' dir='ltr'>si</span> <span class='ocrx_word' id='word_1_164' title='bbox 689 2380 806 2464; x_wconf 87' lang='lat' dir='ltr'>iniquis</span> <span class='ocrx_word' id='word_1_165' title='bbox 839 2378 917 2442; x_wconf 85' lang='lat' dir='ltr'>loeis</span> <span class='ocrx_word' id='word_1_166' title='bbox 951 2377 1071 2443; x_wconf 80' lang='lat' dir='ltr'>Caesar</span> <span class='ocrx_word' id='word_1_167' title='bbox 1102 2399 1138 2442; x_wconf 87' lang='lat' dir='ltr'>se</span> 
     </span>
    </p>
   </div>
   <div class='ocr_carea' id='block_1_4' title="bbox 179 2461 1250 2549">
    <p class='ocr_par' dir='ltr' id='par_1_5' title="bbox 179 2461 1250 2549">
     <span class='ocr_line' id='line_1_26' title="bbox 179 2461 1250 2549; baseline 0.007 -25"><span class='ocrx_word' id='word_1_168' title='bbox 179 2461 357 2527; x_wconf 88' lang='lat' dir='ltr'>subiiceret.</span> <span class='ocrx_word' id='word_1_169' title='bbox 381 2462 512 2528; x_wconf 73' lang='lat' dir='ltr'>=Caesar</span> <span class='ocrx_word' id='word_1_170' title='bbox 544 2463 631 2528; x_wconf 90' lang='lat' dir='ltr'>nulla</span> <span class='ocrx_word' id='word_1_171' title='bbox 662 2466 784 2530; x_wconf 86' lang='lat' dir='ltr'>ratione</span> <span class='ocrx_word' id='word_1_172' title='bbox 816 2463 858 2528; x_wconf 88' lang='lat' dir='ltr'>ad</span> <span class='ocrx_word' id='word_1_173' title='bbox 888 2485 1031 2549; x_wconf 86' lang='lat' dir='ltr'>pugnam</span> <span class='ocrx_word' id='word_1_174' title='bbox 1067 2462 1137 2528; x_wconf 89' lang='lat' dir='ltr'>elici</span> <span class='ocrx_word' id='word_1_175' title='bbox 1248 2513 1250 2532; x_wconf 82' lang='grc'><strong>.</strong></span> 
     </span>
    </p>
   </div>
   <div class='ocr_carea' id='block_1_5' title="bbox 177 2548 1141 3147">
    <p class='ocr_par' dir='ltr' id='par_1_6' title="bbox 177 2548 1141 3147">
     <span class='ocr_line' id='line_1_27' title="bbox 177 2548 1135 2695; baseline 0.002 -85"><span class='ocrx_word' id='word_1_176' title='bbox 177 2569 272 2695; x_wconf 70' lang='lat' dir='ltr'>posse</span> <span class='ocrx_word' id='word_1_177' title='bbox 282 2548 468 2634; x_wconf 91' lang='lat' dir='ltr'>Pompeium</span> <span class='ocrx_word' id='word_1_178' title='bbox 480 2551 663 2613; x_wconf 84' lang='lat' dir='ltr'>existimans</span> <span class='ocrx_word' id='word_1_179' title='bbox 678 2549 761 2614; x_wconf 85' lang='lat' dir='ltr'>hanc</span> <span class='ocrx_word' id='word_1_180' title='bbox 776 2549 837 2613; x_wconf 91' lang='lat' dir='ltr'>sibi</span> <span class='ocrx_word' id='word_1_181' title='bbox 852 2549 1135 2620; x_wconf 83' lang='lat' dir='ltr'>commodissimam</span> 
     </span>
     <span class='ocr_line' id='line_1_28' title="bbox 203 2630 1139 2715; baseline 0 -20"><span class='ocrx_word' id='word_1_182' title='bbox 203 2630 257 2696; x_wconf 90' lang='lat' dir='ltr'>elli</span> <span class='ocrx_word' id='word_1_183' title='bbox 277 2634 430 2698; x_wconf 84' lang='lat' dir='ltr'>rationem</span> <span class='ocrx_word' id='word_1_184' title='bbox 446 2635 605 2715; x_wconf 80' lang='lat' dir='ltr'>iudicavit,</span> <span class='ocrx_word' id='word_1_185' title='bbox 621 2636 667 2697; x_wconf 84' lang='lat' dir='ltr'>uti</span> <span class='ocrx_word' id='word_1_186' title='bbox 681 2645 784 2698; x_wconf 86' lang='lat' dir='ltr'>castra</span> <span class='ocrx_word' id='word_1_187' title='bbox 804 2657 846 2699; x_wconf 81' lang='lat' dir='ltr'>er</span> <span class='ocrx_word' id='word_1_188' title='bbox 860 2657 898 2699; x_wconf 93' lang='lat' dir='ltr'>eo</span> <span class='ocrx_word' id='word_1_189' title='bbox 912 2634 983 2699; x_wconf 89' lang='lat' dir='ltr'>loeo</span> <span class='ocrx_word' id='word_1_190' title='bbox 997 2649 1139 2700; x_wconf 84' lang='lat' dir='ltr'>moveret</span> 
     </span>
     <span class='ocr_line' id='line_1_29' title="bbox 180 2718 1135 2805; baseline 0.002 -25"><span class='ocrx_word' id='word_1_191' title='bbox 180 2740 247 2782; x_wconf 87' lang='lat' dir='ltr'>sem</span> <span class='ocrx_word' id='word_1_192' title='bbox 270 2741 367 2805; x_wconf 91' lang='lat' dir='ltr'>erque</span> <span class='ocrx_word' id='word_1_193' title='bbox 391 2729 474 2783; x_wconf 84' lang='lat' dir='ltr'>esset</span> <span class='ocrx_word' id='word_1_194' title='bbox 495 2721 529 2783; x_wconf 91' lang='lat' dir='ltr'>in</span> <span class='ocrx_word' id='word_1_195' title='bbox 549 2718 724 2801; x_wconf 86' lang='lat' dir='ltr'>itineribus,</span> <span class='ocrx_word' id='word_1_196' title='bbox 741 2720 821 2784; x_wconf 89' lang='lat' dir='ltr'>haec</span> <span class='ocrx_word' id='word_1_197' title='bbox 842 2728 999 2804; x_wconf 86' lang='lat' dir='ltr'>spectans,</span> <span class='ocrx_word' id='word_1_198' title='bbox 1023 2729 1059 2784; x_wconf 85' lang='lat' dir='ltr'>ut</span> <span class='ocrx_word' id='word_1_199' title='bbox 1072 2725 1135 2782; x_wconf 87' lang='lat' dir='ltr'>mo-</span> 
     </span>
     <span class='ocr_line' id='line_1_30' title="bbox 178 2803 1137 2890; baseline 0.001 -24"><span class='ocrx_word' id='word_1_200' title='bbox 178 2825 242 2868; x_wconf 83' lang='lat' dir='ltr'>ven</span> <span class='ocrx_word' id='word_1_201' title='bbox 266 2806 291 2868; x_wconf 85' lang='lat' dir='ltr'>&#39;s</span> <span class='ocrx_word' id='word_1_202' title='bbox 307 2805 419 2868; x_wconf 86' lang='lat' dir='ltr'>castris</span> <span class='ocrx_word' id='word_1_203' title='bbox 431 2803 639 2890; x_wconf 79' lang='lat' dir='ltr'>pluribusque</span> <span class='ocrx_word' id='word_1_204' title='bbox 654 2804 808 2870; x_wconf 84' lang='lat' dir='ltr'>adeundis</span> <span class='ocrx_word' id='word_1_205' title='bbox 830 2803 908 2870; x_wconf 86' lang='lat' dir='ltr'>loeis</span> <span class='ocrx_word' id='word_1_206' title='bbox 925 2805 1137 2870; x_wconf 88' lang='lat' dir='ltr'>commodiore</span> 
     </span>
     <span class='ocr_line' id='line_1_31' title="bbox 177 2886 1136 2975; baseline 0.002 -25"><span class='ocrx_word' id='word_1_207' title='bbox 177 2886 382 2954; x_wconf 85' lang='lat' dir='ltr'>frumentaria</span> <span class='ocrx_word' id='word_1_208' title='bbox 396 2912 431 2954; x_wconf 91' lang='lat' dir='ltr'>re</span> <span class='ocrx_word' id='word_1_209' title='bbox 443 2897 593 2972; x_wconf 87' lang='lat' dir='ltr'>uteretur,</span> <span class='ocrx_word' id='word_1_210' title='bbox 607 2889 763 2975; x_wconf 88' lang='lat' dir='ltr'>simulque</span> <span class='ocrx_word' id='word_1_211' title='bbox 777 2893 811 2955; x_wconf 91' lang='lat' dir='ltr'>in</span> <span class='ocrx_word' id='word_1_212' title='bbox 821 2892 936 2955; x_wconf 86' lang='lat' dir='ltr'>itinere</span> <span class='ocrx_word' id='word_1_213' title='bbox 951 2901 986 2955; x_wconf 89' lang='lat' dir='ltr'>ut</span> <span class='ocrx_word' id='word_1_214' title='bbox 1000 2891 1136 2974; x_wconf 89' lang='lat' dir='ltr'>aliquam</span> 
     </span>
     <span class='ocr_line' id='line_1_32' title="bbox 178 2973 1141 3041; baseline 0.001 -4"><span class='ocrx_word' id='word_1_215' title='bbox 178 2977 375 3040; x_wconf 86' lang='lat' dir='ltr'>occasionem</span> <span class='ocrx_word' id='word_1_216' title='bbox 404 2973 575 3040; x_wconf 87' lang='lat' dir='ltr'>dimicandi</span> <span class='ocrx_word' id='word_1_217' title='bbox 601 2976 840 3040; x_wconf 88' lang='lat' dir='ltr'>nancisceretur</span> <span class='ocrx_word' id='word_1_218' title='bbox 861 2985 893 3040; x_wconf 89' lang='lat' dir='ltr'>et</span> <span class='ocrx_word' id='word_1_219' title='bbox 914 2976 1075 3041; x_wconf 90' lang='lat' dir='ltr'>insolitum</span> <span class='ocrx_word' id='word_1_220' title='bbox 1096 2973 1141 3038; x_wconf 87' lang='lat' dir='ltr'>ad</span> 
     </span>
     <span class='ocr_line' id='line_1_33' title="bbox 178 3057 1139 3147; baseline 0.004 -25"><span class='ocrx_word' id='word_1_221' title='bbox 178 3057 322 3124; x_wconf 89' lang='lat' dir='ltr'>laborem</span> <span class='ocrx_word' id='word_1_222' title='bbox 342 3060 475 3145; x_wconf 90' lang='lat' dir='ltr'>Pompei</span> <span class='ocrx_word' id='word_1_223' title='bbox 492 3063 666 3126; x_wconf 75' lang='lat' dir='ltr'>exercinrm</span> <span class='ocrx_word' id='word_1_224' title='bbox 687 3061 877 3147; x_wconf 85' lang='lat' dir='ltr'>quotidianis</span> <span class='ocrx_word' id='word_1_225' title='bbox 898 3062 1063 3126; x_wconf 88' lang='lat' dir='ltr'>itineribus</span> <span class='ocrx_word' id='word_1_226' title='bbox 1078 3059 1139 3126; x_wconf 85' lang='lat' dir='ltr'>de·</span> 
     </span>
    </p>
   </div>
   <div class='ocr_carea' id='block_1_6' title="bbox 177 3143 1250 3234">
    <p class='ocr_par' dir='ltr' id='par_1_7' title="bbox 177 3143 1250 3234">
     <span class='ocr_line' id='line_1_34' title="bbox 177 3143 1250 3234; baseline 0.005 -28"><span class='ocrx_word' id='word_1_227' title='bbox 177 3143 332 3229; x_wconf 84' lang='lat' dir='ltr'>fatigaret</span> <span class='ocrx_word' id='word_1_228' title='bbox 358 3145 417 3208; x_wconf 88' lang='lat' dir='ltr'>His</span> <span class='ocrx_word' id='word_1_229' title='bbox 439 3147 616 3210; x_wconf 76' lang='lat' dir='ltr'>constitutis</span> <span class='ocrx_word' id='word_1_230' title='bbox 630 3144 727 3211; x_wconf 87' lang='lat' dir='ltr'>rebus</span> <span class='ocrx_word' id='word_1_231' title='bbox 749 3147 840 3232; x_wconf 88' lang='lat' dir='ltr'>signo</span> <span class='ocrx_word' id='word_1_232' title='bbox 855 3149 920 3212; x_wconf 88' lang='lat' dir='ltr'>iam</span> <span class='ocrx_word' id='word_1_233' title='bbox 934 3146 1140 3234; x_wconf 86' lang='lat' dir='ltr'>profectionis</span> <span class='ocrx_word' id='word_1_234' title='bbox 1249 3179 1250 3198; x_wconf 60' lang='lat' dir='ltr'>r</span> 
     </span>
    </p>
   </div>
   <div class='ocr_carea' id='block_1_7' title="bbox 177 3227 1141 3576">
    <p class='ocr_par' dir='ltr' id='par_1_8' title="bbox 177 3227 1141 3576">
     <span class='ocr_line' id='line_1_35' title="bbox 178 3227 1139 3320; baseline 0.006 -28"><span class='ocrx_word' id='word_1_235' title='bbox 178 3227 252 3294; x_wconf 87' lang='lat' dir='ltr'>dato</span> <span class='ocrx_word' id='word_1_236' title='bbox 268 3229 545 3316; x_wconf 85' lang='lat' dir='ltr'>tabernaculisque</span> <span class='ocrx_word' id='word_1_237' title='bbox 557 3230 696 3296; x_wconf 89' lang='lat' dir='ltr'>detensis</span> <span class='ocrx_word' id='word_1_238' title='bbox 711 3232 967 3298; x_wconf 85' lang='lat' dir='ltr'>animadversum</span> <span class='ocrx_word' id='word_1_239' title='bbox 982 3243 1031 3298; x_wconf 87' lang='lat' dir='ltr'>est</span> <span class='ocrx_word' id='word_1_240' title='bbox 1045 3231 1139 3320; x_wconf 83' lang='lat' dir='ltr'>paulo</span> 
     </span>
     <span class='ocr_line' id='line_1_36' title="bbox 178 3315 1141 3403; baseline 0.007 -26"><span class='ocrx_word' id='word_1_241' title='bbox 178 3323 251 3379; x_wconf 87' lang='lat' dir='ltr'>ante</span> <span class='ocrx_word' id='word_1_242' title='bbox 261 3324 358 3393; x_wconf 86' lang='lat' dir='ltr'>extra</span> <span class='ocrx_word' id='word_1_243' title='bbox 373 3315 586 3401; x_wconf 84' lang='lat' dir='ltr'>quotidianam</span> <span class='ocrx_word' id='word_1_244' title='bbox 607 3317 868 3382; x_wconf 85' lang='lat' dir='ltr'>consuetudinem</span> <span class='ocrx_word' id='word_1_245' title='bbox 882 3318 1007 3403; x_wconf 91' lang='lat' dir='ltr'>longius</span> <span class='ocrx_word' id='word_1_246' title='bbox 1023 3317 1141 3384; x_wconf 83' lang='lat' dir='ltr'>avallo</span> 
     </span>
     <span class='ocr_line' id='line_1_37' title="bbox 179 3401 1141 3490; baseline 0.007 -28"><span class='ocrx_word' id='word_1_247' title='bbox 179 3415 249 3462; x_wconf 83' lang='lat' dir='ltr'>esse</span> <span class='ocrx_word' id='word_1_248' title='bbox 272 3403 371 3464; x_wconf 88' lang='lat' dir='ltr'>aciem</span> <span class='ocrx_word' id='word_1_249' title='bbox 393 3401 526 3486; x_wconf 89' lang='lat' dir='ltr'>Pompei</span> <span class='ocrx_word' id='word_1_250' title='bbox 553 3423 764 3487; x_wconf 85' lang='lat' dir='ltr'>progressam,</span> <span class='ocrx_word' id='word_1_251' title='bbox 792 3413 827 3467; x_wconf 91' lang='lat' dir='ltr'>ut</span> <span class='ocrx_word' id='word_1_252' title='bbox 853 3425 917 3468; x_wconf 92' lang='lat' dir='ltr'>non</span> <span class='ocrx_word' id='word_1_253' title='bbox 939 3406 1047 3490; x_wconf 90' lang='lat' dir='ltr'>iniquo</span> <span class='ocrx_word' id='word_1_254' title='bbox 1069 3403 1141 3470; x_wconf 88' lang='lat' dir='ltr'>looo</span> 
     </span>
     <span class='ocr_line' id='line_1_38' title="bbox 177 3484 1139 3576; baseline 0.011 -31"><span class='ocrx_word' id='word_1_255' title='bbox 177 3503 271 3568; x_wconf 85' lang='lat' dir='ltr'>posse</span> <span class='ocrx_word' id='word_1_256' title='bbox 298 3484 442 3550; x_wconf 88' lang='lat' dir='ltr'>dimicari</span> <span class='ocrx_word' id='word_1_257' title='bbox 470 3486 641 3552; x_wconf 88' lang='lat' dir='ltr'>videretur.</span> <span class='ocrx_word' id='word_1_258' title='bbox 669 3486 760 3552; x_wconf 81' lang='lat' dir='ltr'>Tunc</span> <span class='ocrx_word' id='word_1_259' title='bbox 789 3487 909 3554; x_wconf 79' lang='lat' dir='ltr'>Caesar</span> <span class='ocrx_word' id='word_1_260' title='bbox 937 3490 1023 3576; x_wconf 83' lang='lat' dir='ltr'>apud</span> <span class='ocrx_word' id='word_1_261' title='bbox 1055 3512 1139 3573; x_wconf 84' lang='lat' dir='ltr'>suos,</span> 
     </span>
    </p>
   </div>
   <div class='ocr_carea' id='block_1_8' title="bbox 0 0 1275 3978">
    <p class='ocr_par' dir='ltr' id='par_1_9' title="bbox 0 0 1275 3978">
     <span class='ocr_line' id='line_1_39' title="bbox 0 0 1275 3978; baseline 0 0"><span class='ocrx_word' id='word_1_262' title='bbox 0 0 1275 3978; x_wconf 95' lang='lat' dir='ltr'> </span> 
     </span>
    </p>
   </div>
  </div>
 </body>
</html>
