<?xml version="1.0" encoding="UTF-8"?>
<!DOCTYPE html PUBLIC "-//W3C//DTD XHTML 1.0 Transitional//EN"
    "http://www.w3.org/TR/xhtml1/DTD/xhtml1-transitional.dtd">
<html xmlns="http://www.w3.org/1999/xhtml" xml:lang="en" lang="en">
 <head>
  <title>
</title>
<meta http-equiv="Content-Type" content="text/html;charset=utf-8" />
  <meta name='ocr-system' content='tesseract 3.04.00' />
  <meta name='ocr-capabilities' content='ocr_page ocr_carea ocr_par ocr_line ocrx_word'/>
</head>
<body>
  <div class='ocr_page' id='page_1' title='image "./ciuliicaesarisc01hirtgoog_0499.png"; bbox 0 0 2538 3978; ppageno 0'>
   <div class='ocr_carea' id='block_1_1' title="bbox 173 208 888 280">
    <p class='ocr_par' dir='ltr' id='par_1_1' title="bbox 173 208 888 280">
     <span class='ocr_line' id='line_1_1' title="bbox 173 208 888 280; baseline 0.003 -4"><span class='ocrx_word' id='word_1_1' title='bbox 173 208 237 276; x_wconf 76' lang='lat'><strong>152</strong></span> <span class='ocrx_word' id='word_1_2' title='bbox 436 213 564 276; x_wconf 73' lang='lat' dir='ltr'><strong>nrJLLI</strong></span> <span class='ocrx_word' id='word_1_3' title='bbox 585 215 888 280; x_wconf 83' lang='lat' dir='ltr'>ALEXANDRINI</span> 
     </span>
    </p>
   </div>
   <div class='ocr_carea' id='block_1_2' title="bbox 164 382 1141 3466">
    <p class='ocr_par' dir='ltr' id='par_1_2' title="bbox 169 382 1141 1238">
     <span class='ocr_line' id='line_1_2' title="bbox 172 382 1141 471; baseline 0.006 -25"><span class='ocrx_word' id='word_1_4' title='bbox 172 391 205 448; x_wconf 85' lang='lat' dir='ltr'><strong>ct</strong></span> <span class='ocrx_word' id='word_1_5' title='bbox 234 382 376 449; x_wconf 76' lang='lat' dir='ltr'><strong>discessu</strong></span> <span class='ocrx_word' id='word_1_6' title='bbox 403 385 533 448; x_wconf 87' lang='lat' dir='ltr'><strong>navium</strong></span> <span class='ocrx_word' id='word_1_7' title='bbox 555 388 681 451; x_wconf 90' lang='lat' dir='ltr'><strong>omnino</strong></span> <span class='ocrx_word' id='word_1_8' title='bbox 709 387 813 452; x_wconf 81' lang='lat' dir='ltr'><strong>reditu</strong></span> <span class='ocrx_word' id='word_1_9' title='bbox 840 387 1141 471; x_wconf 86' lang='lat' dir='ltr'><strong>intereluderentur,</strong></span> 
     </span>
     <span class='ocr_line' id='line_1_3' title="bbox 173 469 1140 558; baseline 0.007 -27"><span class='ocrx_word' id='word_1_10' title='bbox 173 469 379 544; x_wconf 86' lang='lat' dir='ltr'><strong>munitionem</strong></span> <span class='ocrx_word' id='word_1_11' title='bbox 400 470 433 532; x_wconf 90' lang='lat' dir='ltr'><strong>in</strong></span> <span class='ocrx_word' id='word_1_12' title='bbox 478 481 551 535; x_wconf 93' lang='lat' dir='ltr'><strong>onte</strong></span> <span class='ocrx_word' id='word_1_13' title='bbox 566 473 738 536; x_wconf 87' lang='lat' dir='ltr'><strong>institutam</strong></span> <span class='ocrx_word' id='word_1_14' title='bbox 755 472 950 557; x_wconf 89' lang='lat' dir='ltr'><strong>reliquerunt</strong></span> <span class='ocrx_word' id='word_1_15' title='bbox 972 484 1003 536; x_wconf 89' lang='lat' dir='ltr'><strong>et</strong></span> <span class='ocrx_word' id='word_1_16' title='bbox 1017 495 1140 558; x_wconf 83' lang='lat' dir='ltr'><strong>magno</strong></span> 
     </span>
     <span class='ocr_line' id='line_1_4' title="bbox 172 493 1139 644; baseline 0.006 -28"><span class='ocrx_word' id='word_1_17' title='bbox 172 575 267 617; x_wconf 91' lang='lat' dir='ltr'><strong>cursu</strong></span> <span class='ocrx_word' id='word_1_18' title='bbox 288 556 409 618; x_wconf 88' lang='lat' dir='ltr'><strong>incitati</strong></span> <span class='ocrx_word' id='word_1_19' title='bbox 431 493 475 618; x_wconf 70' lang='lat' dir='ltr'><strong>ad</strong></span> <span class='ocrx_word' id='word_1_20' title='bbox 498 579 597 620; x_wconf 89' lang='lat' dir='ltr'><strong>naves</strong></span> <span class='ocrx_word' id='word_1_21' title='bbox 624 557 862 622; x_wconf 77' lang='lat' dir='ltr'><strong>contenderunt.</strong></span> <span class='ocrx_word' id='word_1_22' title='bbox 893 558 1036 636; x_wconf 79' lang='lat' dir='ltr'><strong>Quorum</strong></span> <span class='ocrx_word' id='word_1_23' title='bbox 1057 581 1139 644; x_wconf 88' lang='lat' dir='ltr'><strong>pars</strong></span> 
     </span>
     <span class='ocr_line' id='line_1_5' title="bbox 172 640 1138 728; baseline 0.005 -26"><span class='ocrx_word' id='word_1_24' title='bbox 172 640 334 725; x_wconf 87' lang='lat' dir='ltr'><strong>proximas</strong></span> <span class='ocrx_word' id='word_1_25' title='bbox 366 651 460 703; x_wconf 85' lang='lat' dir='ltr'><strong>nacta</strong></span> <span class='ocrx_word' id='word_1_26' title='bbox 487 663 585 706; x_wconf 87' lang='lat' dir='ltr'><strong>naves</strong></span> <span class='ocrx_word' id='word_1_27' title='bbox 618 642 818 707; x_wconf 89' lang='lat' dir='ltr'><strong>multitudine</strong></span> <span class='ocrx_word' id='word_1_28' title='bbox 847 643 1010 708; x_wconf 89' lang='lat' dir='ltr'><strong>hominum</strong></span> <span class='ocrx_word' id='word_1_29' title='bbox 1038 658 1138 728; x_wconf 91' lang='lat' dir='ltr'><strong>atque</strong></span> 
     </span>
     <span class='ocr_line' id='line_1_6' title="bbox 172 724 1138 813; baseline 0.004 -25"><span class='ocrx_word' id='word_1_30' title='bbox 172 747 269 789; x_wconf 90' lang='lat' dir='ltr'><strong>onere</strong></span> <span class='ocrx_word' id='word_1_31' title='bbox 291 724 444 810; x_wconf 88' lang='lat' dir='ltr'><strong>depressa</strong></span> <span class='ocrx_word' id='word_1_32' title='bbox 465 736 522 807; x_wconf 91' lang='lat' dir='ltr'><strong>est,</strong></span> <span class='ocrx_word' id='word_1_33' title='bbox 544 749 621 812; x_wconf 89' lang='lat' dir='ltr'><strong>pars</strong></span> <span class='ocrx_word' id='word_1_34' title='bbox 650 730 801 793; x_wconf 85' lang='lat' dir='ltr'><strong>resistens</strong></span> <span class='ocrx_word' id='word_1_35' title='bbox 824 739 855 791; x_wconf 91' lang='lat' dir='ltr'><strong>et</strong></span> <span class='ocrx_word' id='word_1_36' title='bbox 878 727 1034 810; x_wconf 88' lang='lat' dir='ltr'><strong>dubitans,</strong></span> <span class='ocrx_word' id='word_1_37' title='bbox 1057 727 1138 813; x_wconf 92' lang='lat' dir='ltr'><strong>quid</strong></span> 
     </span>
     <span class='ocr_line' id='line_1_7' title="bbox 171 810 1137 896; baseline 0.004 -22"><span class='ocrx_word' id='word_1_38' title='bbox 171 821 255 874; x_wconf 89' lang='lat' dir='ltr'><strong>esset</strong></span> <span class='ocrx_word' id='word_1_39' title='bbox 277 810 465 896; x_wconf 89' lang='lat' dir='ltr'><strong>capiendum</strong></span> <span class='ocrx_word' id='word_1_40' title='bbox 495 812 627 893; x_wconf 90' lang='lat' dir='ltr'><strong>consilii,</strong></span> <span class='ocrx_word' id='word_1_41' title='bbox 656 814 696 876; x_wconf 92' lang='lat' dir='ltr'><strong>ab</strong></span> <span class='ocrx_word' id='word_1_42' title='bbox 723 813 948 878; x_wconf 85' lang='lat' dir='ltr'><strong>Alexandrinis</strong></span> <span class='ocrx_word' id='word_1_43' title='bbox 969 813 1137 878; x_wconf 86' lang='lat' dir='ltr'><strong>interfecta</strong></span> 
     </span>
     <span class='ocr_line' id='line_1_8' title="bbox 172 896 1135 984; baseline 0.005 -27"><span class='ocrx_word' id='word_1_44' title='bbox 172 904 235 977; x_wconf 71' lang='lat' dir='ltr'><strong>est,</strong></span> <span class='ocrx_word' id='word_1_45' title='bbox 264 896 409 960; x_wconf 89' lang='lat' dir='ltr'><strong>nonnulli</strong></span> <span class='ocrx_word' id='word_1_46' title='bbox 436 896 578 961; x_wconf 80' lang='lat' dir='ltr'><strong>feliciore</strong></span> <span class='ocrx_word' id='word_1_47' title='bbox 608 900 696 962; x_wconf 86' lang='lat' dir='ltr'><strong>exitu</strong></span> <span class='ocrx_word' id='word_1_48' title='bbox 725 899 888 984; x_wconf 85' lang='lat' dir='ltr'><strong>expeditas</strong></span> <span class='ocrx_word' id='word_1_49' title='bbox 918 898 959 964; x_wconf 89' lang='lat' dir='ltr'><strong>ad</strong></span> <span class='ocrx_word' id='word_1_50' title='bbox 986 921 1135 964; x_wconf 76' lang='lat' dir='ltr'><strong>ancoram</strong></span> 
     </span>
     <span class='ocr_line' id='line_1_9' title="bbox 170 982 1135 1070; baseline 0.005 -27"><span class='ocrx_word' id='word_1_51' title='bbox 170 1003 270 1044; x_wconf 88' lang='lat' dir='ltr'><strong>naves</strong></span> <span class='ocrx_word' id='word_1_52' title='bbox 299 983 460 1046; x_wconf 85' lang='lat' dir='ltr'><strong>consecuti</strong></span> <span class='ocrx_word' id='word_1_53' title='bbox 488 982 662 1048; x_wconf 87' lang='lat' dir='ltr'><strong>incolumes</strong></span> <span class='ocrx_word' id='word_1_54' title='bbox 690 985 913 1066; x_wconf 88' lang='lat' dir='ltr'><strong>discesserunt,</strong></span> <span class='ocrx_word' id='word_1_55' title='bbox 942 987 1037 1070; x_wconf 90' lang='lat' dir='ltr'><strong>pauci</strong></span> <span class='ocrx_word' id='word_1_56' title='bbox 1057 983 1135 1048; x_wconf 82' lang='lat' dir='ltr'><strong>alle·</strong></span> 
     </span>
     <span class='ocr_line' id='line_1_10' title="bbox 169 1067 1137 1156; baseline 0.006 -28"><span class='ocrx_word' id='word_1_57' title='bbox 169 1067 253 1130; x_wconf 89' lang='lat' dir='ltr'><strong>vatis</strong></span> <span class='ocrx_word' id='word_1_58' title='bbox 276 1069 373 1130; x_wconf 88' lang='lat' dir='ltr'><strong>scutis</strong></span> <span class='ocrx_word' id='word_1_59' title='bbox 397 1079 429 1132; x_wconf 85' lang='lat' dir='ltr'><strong>et</strong></span> <span class='ocrx_word' id='word_1_60' title='bbox 450 1070 555 1134; x_wconf 87' lang='lat' dir='ltr'><strong>animo</strong></span> <span class='ocrx_word' id='word_1_61' title='bbox 578 1070 619 1133; x_wconf 89' lang='lat' dir='ltr'><strong>ad</strong></span> <span class='ocrx_word' id='word_1_62' title='bbox 642 1070 821 1134; x_wconf 89' lang='lat' dir='ltr'><strong>conandum</strong></span> <span class='ocrx_word' id='word_1_63' title='bbox 842 1070 904 1132; x_wconf 91' lang='lat' dir='ltr'><strong>nisi</strong></span> <span class='ocrx_word' id='word_1_64' title='bbox 925 1069 967 1134; x_wconf 87' lang='lat' dir='ltr'><strong>ad</strong></span> <span class='ocrx_word' id='word_1_65' title='bbox 988 1071 1137 1156; x_wconf 87' lang='lat' dir='ltr'><strong>proxima</strong></span> 
     </span>
     <span class='ocr_line' id='line_1_11' title="bbox 169 1152 519 1238; baseline 0.003 -23"><span class='ocrx_word' id='word_1_66' title='bbox 169 1154 298 1238; x_wconf 87' lang='lat' dir='ltr'><strong>navigia</strong></span> <span class='ocrx_word' id='word_1_67' title='bbox 320 1152 519 1228; x_wconf 80' lang='lat' dir='ltr'><strong>adnatarunt.</strong></span> 
     </span>
    </p>

    <p class='ocr_par' dir='ltr' id='par_1_3' title="bbox 166 1237 1135 2181">
     <span class='ocr_line' id='line_1_12' title="bbox 233 1237 1135 1327; baseline 0.004 -27"><span class='ocrx_word' id='word_1_68' title='bbox 233 1239 284 1301; x_wconf 74' lang='lat'><strong>21,</strong></span> <span class='ocrx_word' id='word_1_69' title='bbox 308 1237 438 1322; x_wconf 84' lang='lat' dir='ltr'><strong>Caesar,</strong></span> <span class='ocrx_word' id='word_1_70' title='bbox 455 1241 560 1325; x_wconf 85' lang='lat' dir='ltr'><strong>quoad</strong></span> <span class='ocrx_word' id='word_1_71' title='bbox 580 1243 681 1327; x_wconf 91' lang='lat' dir='ltr'><strong>potuit</strong></span> <span class='ocrx_word' id='word_1_72' title='bbox 696 1239 889 1307; x_wconf 80' lang='lat' dir='ltr'><strong>cohortando</strong></span> <span class='ocrx_word' id='word_1_73' title='bbox 905 1263 977 1305; x_wconf 89' lang='lat' dir='ltr'><strong>suos</strong></span> <span class='ocrx_word' id='word_1_74' title='bbox 1001 1239 1041 1304; x_wconf 93' lang='lat' dir='ltr'><strong>ad</strong></span> <span class='ocrx_word' id='word_1_75' title='bbox 1055 1263 1135 1326; x_wconf 89' lang='lat' dir='ltr'><strong>pon·</strong></span> 
     </span>
     <span class='ocr_line' id='line_1_13' title="bbox 168 1324 1134 1412; baseline 0.003 -25"><span class='ocrx_word' id='word_1_76' title='bbox 168 1332 232 1387; x_wconf 86' lang='lat' dir='ltr'><strong>tem</strong></span> <span class='ocrx_word' id='word_1_77' title='bbox 255 1346 293 1386; x_wconf 89' lang='lat' dir='ltr'><strong>ac</strong></span> <span class='ocrx_word' id='word_1_78' title='bbox 314 1327 504 1390; x_wconf 85' lang='lat' dir='ltr'><strong>munitiones</strong></span> <span class='ocrx_word' id='word_1_79' title='bbox 527 1329 698 1408; x_wconf 88' lang='lat' dir='ltr'><strong>continere,</strong></span> <span class='ocrx_word' id='word_1_80' title='bbox 719 1327 835 1406; x_wconf 38' lang='lat' dir='ltr'><strong>eodem,</strong></span> <span class='ocrx_word' id='word_1_81' title='bbox 853 1329 886 1390; x_wconf 92' lang='lat' dir='ltr'><strong>in</strong></span> <span class='ocrx_word' id='word_1_82' title='bbox 907 1324 1047 1412; x_wconf 88' lang='lat' dir='ltr'><strong>periculo</strong></span> <span class='ocrx_word' id='word_1_83' title='bbox 1061 1349 1134 1390; x_wconf 90' lang='lat' dir='ltr'><strong>ver-</strong></span> 
     </span>
     <span class='ocr_line' id='line_1_14' title="bbox 170 1411 1134 1497; baseline 0.005 -26"><span class='ocrx_word' id='word_1_84' title='bbox 170 1418 256 1472; x_wconf 91' lang='lat' dir='ltr'><strong>satus</strong></span> <span class='ocrx_word' id='word_1_85' title='bbox 278 1419 339 1491; x_wconf 79' lang='lat' dir='ltr'><strong>est3</strong></span> <span class='ocrx_word' id='word_1_86' title='bbox 369 1420 535 1497; x_wconf 83' lang='lat' dir='ltr'><strong>postquam</strong></span> <span class='ocrx_word' id='word_1_87' title='bbox 564 1414 729 1478; x_wconf 87' lang='lat' dir='ltr'><strong>universos</strong></span> <span class='ocrx_word' id='word_1_88' title='bbox 758 1411 871 1476; x_wconf 88' lang='lat' dir='ltr'><strong>cedere</strong></span> <span class='ocrx_word' id='word_1_89' title='bbox 900 1412 1134 1493; x_wconf 88' lang='lat' dir='ltr'><strong>animadvertit,</strong></span> 
     </span>
     <span class='ocr_line' id='line_1_15' title="bbox 168 1494 1135 1582; baseline 0.005 -25"><span class='ocrx_word' id='word_1_90' title='bbox 168 1494 201 1558; x_wconf 95' lang='lat' dir='ltr'><strong>in</strong></span> <span class='ocrx_word' id='word_1_91' title='bbox 217 1516 308 1558; x_wconf 90' lang='lat' dir='ltr'><strong>suum</strong></span> <span class='ocrx_word' id='word_1_92' title='bbox 323 1497 484 1581; x_wconf 81' lang='lat' dir='ltr'><strong>navigium</strong></span> <span class='ocrx_word' id='word_1_93' title='bbox 500 1521 534 1561; x_wconf 90' lang='lat' dir='ltr'><strong>se</strong></span> <span class='ocrx_word' id='word_1_94' title='bbox 549 1499 678 1582; x_wconf 87' lang='lat' dir='ltr'><strong>recepit.</strong></span> <span class='ocrx_word' id='word_1_95' title='bbox 702 1497 773 1576; x_wconf 76' lang='lat' dir='ltr'><strong>Quo</strong></span> <span class='ocrx_word' id='word_1_96' title='bbox 789 1495 954 1562; x_wconf 87' lang='lat' dir='ltr'><strong>multitudo</strong></span> <span class='ocrx_word' id='word_1_97' title='bbox 970 1496 1135 1562; x_wconf 89' lang='lat' dir='ltr'><strong>hominum</strong></span> 
     </span>
     <span class='ocr_line' id='line_1_16' title="bbox 167 1581 1134 1670; baseline 0.001 -25"><span class='ocrx_word' id='word_1_98' title='bbox 167 1581 312 1645; x_wconf 86' lang='lat' dir='ltr'><strong>insecuta</strong></span> <span class='ocrx_word' id='word_1_99' title='bbox 354 1605 428 1646; x_wconf 86' lang='lat' dir='ltr'><strong>uum</strong></span> <span class='ocrx_word' id='word_1_100' title='bbox 455 1584 655 1669; x_wconf 88' lang='lat' dir='ltr'><strong>irrumperet,</strong></span> <span class='ocrx_word' id='word_1_101' title='bbox 685 1606 788 1670; x_wconf 87' lang='lat' dir='ltr'><strong>neque</strong></span> <span class='ocrx_word' id='word_1_102' title='bbox 816 1581 1054 1646; x_wconf 87' lang='lat' dir='ltr'><strong>administrandi</strong></span> <span class='ocrx_word' id='word_1_103' title='bbox 1075 1605 1134 1646; x_wconf 90' lang='lat' dir='ltr'><strong>ne·</strong></span> 
     </span>
     <span class='ocr_line' id='line_1_17' title="bbox 169 1605 1134 1754; baseline 0.001 -21"><span class='ocrx_word' id='word_1_104' title='bbox 169 1687 230 1753; x_wconf 87' lang='lat' dir='ltr'><strong>que</strong></span> <span class='ocrx_word' id='word_1_105' title='bbox 258 1605 434 1752; x_wconf 87' lang='lat' dir='ltr'><strong>repellendi</strong></span> <span class='ocrx_word' id='word_1_106' title='bbox 456 1691 477 1731; x_wconf 91' lang='lat' dir='ltr'><strong>a</strong></span> <span class='ocrx_word' id='word_1_107' title='bbox 498 1679 583 1733; x_wconf 87' lang='lat' dir='ltr'><strong>terra</strong></span> <span class='ocrx_word' id='word_1_108' title='bbox 609 1669 743 1734; x_wconf 79' lang='lat' dir='ltr'><strong>facultas</strong></span> <span class='ocrx_word' id='word_1_109' title='bbox 771 1671 908 1749; x_wconf 89' lang='lat' dir='ltr'><strong>daretur,</strong></span> <span class='ocrx_word' id='word_1_110' title='bbox 938 1668 1016 1749; x_wconf 86' lang='lat' dir='ltr'><strong>fore,</strong></span> <span class='ocrx_word' id='word_1_111' title='bbox 1046 1669 1134 1754; x_wconf 87' lang='lat' dir='ltr'><strong>quod</strong></span> 
     </span>
     <span class='ocr_line' id='line_1_18' title="bbox 168 1751 1134 1839; baseline 0.003 -24"><span class='ocrx_word' id='word_1_112' title='bbox 168 1751 292 1832; x_wconf 81' lang='lat' dir='ltr'><strong>accidit,</strong></span> <span class='ocrx_word' id='word_1_113' title='bbox 323 1754 500 1838; x_wconf 89' lang='lat' dir='ltr'><strong>suspicatus</strong></span> <span class='ocrx_word' id='word_1_114' title='bbox 531 1777 601 1818; x_wconf 90' lang='lat' dir='ltr'><strong>sese</strong></span> <span class='ocrx_word' id='word_1_115' title='bbox 631 1778 673 1818; x_wconf 82' lang='lat' dir='ltr'><strong>cx</strong></span> <span class='ocrx_word' id='word_1_116' title='bbox 699 1756 825 1839; x_wconf 85' lang='lat' dir='ltr'><strong>navigio</strong></span> <span class='ocrx_word' id='word_1_117' title='bbox 853 1755 946 1818; x_wconf 88' lang='lat' dir='ltr'><strong>eiecit</strong></span> <span class='ocrx_word' id='word_1_118' title='bbox 974 1764 1067 1839; x_wconf 89' lang='lat' dir='ltr'><strong>atque</strong></span> <span class='ocrx_word' id='word_1_119' title='bbox 1089 1754 1134 1818; x_wconf 87' lang='lat' dir='ltr'><strong>ad</strong></span> 
     </span>
     <span class='ocr_line' id='line_1_19' title="bbox 168 1839 1132 1924; baseline 0.002 -22"><span class='ocrx_word' id='word_1_120' title='bbox 168 1860 233 1919; x_wconf 87' lang='lat' dir='ltr'><strong>eas,</strong></span> <span class='ocrx_word' id='word_1_121' title='bbox 257 1861 338 1924; x_wconf 90' lang='lat' dir='ltr'><strong>quae</strong></span> <span class='ocrx_word' id='word_1_122' title='bbox 353 1839 478 1924; x_wconf 80' lang='lat' dir='ltr'><strong>longius</strong></span> <span class='ocrx_word' id='word_1_123' title='bbox 499 1842 713 1922; x_wconf 85' lang='lat' dir='ltr'><strong>constiterant,</strong></span> <span class='ocrx_word' id='word_1_124' title='bbox 730 1863 829 1904; x_wconf 87' lang='lat' dir='ltr'><strong>naves</strong></span> <span class='ocrx_word' id='word_1_125' title='bbox 852 1839 1023 1902; x_wconf 85' lang='lat' dir='ltr'><strong>adnatavit.</strong></span> <span class='ocrx_word' id='word_1_126' title='bbox 1046 1839 1132 1904; x_wconf 87' lang='lat' dir='ltr'><strong>Hinc</strong></span> 
     </span>
     <span class='ocr_line' id='line_1_20' title="bbox 169 1923 1132 2012; baseline 0.001 -25"><span class='ocrx_word' id='word_1_127' title='bbox 169 1925 234 1988; x_wconf 88' lang='lat' dir='ltr'><strong>suis</strong></span> <span class='ocrx_word' id='word_1_128' title='bbox 256 1924 474 1989; x_wconf 85' lang='lat' dir='ltr'><strong>laborantibus</strong></span> <span class='ocrx_word' id='word_1_129' title='bbox 498 1926 639 1990; x_wconf 90' lang='lat' dir='ltr'><strong>subsidio</strong></span> <span class='ocrx_word' id='word_1_130' title='bbox 664 1927 798 2012; x_wconf 88' lang='lat' dir='ltr'><strong>scaphas</strong></span> <span class='ocrx_word' id='word_1_131' title='bbox 821 1927 946 1990; x_wconf 90' lang='lat' dir='ltr'><strong>mittens</strong></span> <span class='ocrx_word' id='word_1_132' title='bbox 962 1923 1132 1990; x_wconf 92' lang='lat' dir='ltr'><strong>nonnullos</strong></span> 
     </span>
     <span class='ocr_line' id='line_1_21' title="bbox 168 2009 1131 2097; baseline 0.002 -25"><span class='ocrx_word' id='word_1_133' title='bbox 168 2011 379 2073; x_wconf 88' lang='lat' dir='ltr'><strong>conservavit.</strong></span> <span class='ocrx_word' id='word_1_134' title='bbox 415 2011 583 2097; x_wconf 83' lang='lat' dir='ltr'><strong>Navigium</strong></span> <span class='ocrx_word' id='word_1_135' title='bbox 607 2013 735 2097; x_wconf 90' lang='lat' dir='ltr'><strong>quidem</strong></span> <span class='ocrx_word' id='word_1_136' title='bbox 757 2013 825 2076; x_wconf 89' lang='lat' dir='ltr'><strong>eius</strong></span> <span class='ocrx_word' id='word_1_137' title='bbox 855 2009 1055 2074; x_wconf 90' lang='lat' dir='ltr'><strong>multitudine</strong></span> <span class='ocrx_word' id='word_1_138' title='bbox 1077 2009 1131 2074; x_wconf 87' lang='lat' dir='ltr'><strong>de-</strong></span> 
     </span>
     <span class='ocr_line' id='line_1_22' title="bbox 166 2095 1132 2181; baseline 0.001 -23"><span class='ocrx_word' id='word_1_139' title='bbox 166 2117 312 2181; x_wconf 88' lang='lat' dir='ltr'><strong>pressum</strong></span> <span class='ocrx_word' id='word_1_140' title='bbox 335 2096 470 2160; x_wconf 91' lang='lat' dir='ltr'><strong>militnm</strong></span> <span class='ocrx_word' id='word_1_141' title='bbox 491 2120 650 2164; x_wconf 87' lang='lat' dir='ltr'><strong>unacum</strong></span> <span class='ocrx_word' id='word_1_142' title='bbox 679 2097 859 2162; x_wconf 92' lang='lat' dir='ltr'><strong>hominibus</strong></span> <span class='ocrx_word' id='word_1_143' title='bbox 892 2097 1020 2161; x_wconf 81' lang='lat' dir='ltr'><strong>interiit</strong></span> <span class='ocrx_word' id='word_1_144' title='bbox 1050 2095 1132 2160; x_wconf 83' lang='lat' dir='ltr'><strong>¹Hoc</strong></span> 
     </span>
    </p>

    <p class='ocr_par' dir='ltr' id='par_1_4' title="bbox 166 2181 1131 2696">
     <span class='ocr_line' id='line_1_23' title="bbox 189 2181 1131 2268; baseline 0 -24"><span class='ocrx_word' id='word_1_145' title='bbox 189 2181 287 2246; x_wconf 90' lang='lat' dir='ltr'><strong>roelio</strong></span> <span class='ocrx_word' id='word_1_146' title='bbox 310 2181 483 2246; x_wconf 85' lang='lat' dir='ltr'><strong>desiderati</strong></span> <span class='ocrx_word' id='word_1_147' title='bbox 505 2193 578 2247; x_wconf 91' lang='lat' dir='ltr'><strong>sunt</strong></span> <span class='ocrx_word' id='word_1_148' title='bbox 600 2206 640 2246; x_wconf 91' lang='lat' dir='ltr'><strong>ex</strong></span> <span class='ocrx_word' id='word_1_149' title='bbox 662 2205 795 2247; x_wconf 88' lang='lat' dir='ltr'><strong>numero</strong></span> <span class='ocrx_word' id='word_1_150' title='bbox 811 2182 1058 2268; x_wconf 85' lang='lat' dir='ltr'><strong>legionariorum</strong></span> <span class='ocrx_word' id='word_1_151' title='bbox 1073 2182 1131 2244; x_wconf 90' lang='lat' dir='ltr'><strong>mi-</strong></span> 
     </span>
     <span class='ocr_line' id='line_1_24' title="bbox 167 2204 1130 2354; baseline 0.002 -26"><span class='ocrx_word' id='word_1_152' title='bbox 167 2204 257 2329; x_wconf 83' lang='lat' dir='ltr'><strong>litum</strong></span> <span class='ocrx_word' id='word_1_153' title='bbox 291 2268 416 2330; x_wconf 87' lang='lat' dir='ltr'><strong>circiter</strong></span> <span class='ocrx_word' id='word_1_154' title='bbox 451 2274 538 2333; x_wconf 77' lang='lat' dir='ltr'>CCCC</span> <span class='ocrx_word' id='word_1_155' title='bbox 572 2281 602 2334; x_wconf 87' lang='lat' dir='ltr'><strong>et</strong></span> <span class='ocrx_word' id='word_1_156' title='bbox 634 2268 729 2354; x_wconf 87' lang='lat' dir='ltr'><strong>paulo</strong></span> <span class='ocrx_word' id='word_1_157' title='bbox 762 2277 841 2332; x_wconf 83' lang='lat' dir='ltr'><strong>ultra</strong></span> <span class='ocrx_word' id='word_1_158' title='bbox 870 2289 942 2332; x_wconf 88' lang='lat' dir='ltr'><strong>eum</strong></span> <span class='ocrx_word' id='word_1_159' title='bbox 963 2287 1130 2330; x_wconf 89' lang='lat' dir='ltr'><strong>numerum</strong></span> 
     </span>
     <span class='ocr_line' id='line_1_25' title="bbox 167 2350 1131 2438; baseline 0.002 -24"><span class='ocrx_word' id='word_1_160' title='bbox 167 2351 322 2415; x_wconf 87' lang='lat' dir='ltr'><strong>classiarii</strong></span> <span class='ocrx_word' id='word_1_161' title='bbox 345 2363 375 2418; x_wconf 90' lang='lat' dir='ltr'><strong>et</strong></span> <span class='ocrx_word' id='word_1_162' title='bbox 397 2356 544 2438; x_wconf 85' lang='lat' dir='ltr'><strong>remiges.</strong></span> <span class='ocrx_word' id='word_1_163' title='bbox 578 2354 790 2419; x_wconf 83' lang='lat' dir='ltr'><strong>Alexandrini</strong></span> <span class='ocrx_word' id='word_1_164' title='bbox 812 2377 850 2418; x_wconf 91' lang='lat' dir='ltr'><strong>eo</strong></span> <span class='ocrx_word' id='word_1_165' title='bbox 871 2351 941 2418; x_wconf 92' lang='lat' dir='ltr'><strong>loco</strong></span> <span class='ocrx_word' id='word_1_166' title='bbox 964 2350 1131 2416; x_wconf 88' lang='lat' dir='ltr'><strong>castellum</strong></span> 
     </span>
     <span class='ocr_line' id='line_1_26' title="bbox 166 2437 1130 2525; baseline 0.001 -26"><span class='ocrx_word' id='word_1_167' title='bbox 166 2439 291 2521; x_wconf 89' lang='lat' dir='ltr'><strong>magnis</strong></span> <span class='ocrx_word' id='word_1_168' title='bbox 324 2440 550 2504; x_wconf 86' lang='lat' dir='ltr'><strong>munitionibus</strong></span> <span class='ocrx_word' id='word_1_169' title='bbox 584 2440 754 2525; x_wconf 90' lang='lat' dir='ltr'><strong>multisque</strong></span> <span class='ocrx_word' id='word_1_170' title='bbox 776 2439 942 2504; x_wconf 89' lang='lat' dir='ltr'><strong>tormentis</strong></span> <span class='ocrx_word' id='word_1_171' title='bbox 965 2437 1130 2502; x_wconf 88' lang='lat' dir='ltr'><strong>confirma-</strong></span> 
     </span>
     <span class='ocr_line' id='line_1_27' title="bbox 166 2523 1130 2611; baseline -0.001 -25"><span class='ocrx_word' id='word_1_172' title='bbox 166 2532 241 2586; x_wconf 90' lang='lat' dir='ltr'><strong>runt</strong></span> <span class='ocrx_word' id='word_1_173' title='bbox 263 2533 358 2609; x_wconf 89' lang='lat' dir='ltr'><strong>atque</strong></span> <span class='ocrx_word' id='word_1_174' title='bbox 381 2527 499 2610; x_wconf 87' lang='lat' dir='ltr'><strong>egestis</strong></span> <span class='ocrx_word' id='word_1_175' title='bbox 522 2550 562 2591; x_wconf 89' lang='lat' dir='ltr'><strong>ex</strong></span> <span class='ocrx_word' id='word_1_176' title='bbox 586 2528 665 2590; x_wconf 89' lang='lat' dir='ltr'><strong>mari</strong></span> <span class='ocrx_word' id='word_1_177' title='bbox 687 2524 846 2611; x_wconf 87' lang='lat' dir='ltr'><strong>lapidibus</strong></span> <span class='ocrx_word' id='word_1_178' title='bbox 868 2523 969 2588; x_wconf 88' lang='lat' dir='ltr'><strong>libere</strong></span> <span class='ocrx_word' id='word_1_179' title='bbox 991 2532 1064 2586; x_wconf 90' lang='lat' dir='ltr'><strong>sunt</strong></span> <span class='ocrx_word' id='word_1_180' title='bbox 1078 2523 1130 2586; x_wconf 91' lang='lat' dir='ltr'><strong>usi</strong></span> 
     </span>
     <span class='ocr_line' id='line_1_28' title="bbox 166 2608 675 2696; baseline 0.002 -24"><span class='ocrx_word' id='word_1_181' title='bbox 166 2618 278 2694; x_wconf 88' lang='lat' dir='ltr'><strong>postea</strong></span> <span class='ocrx_word' id='word_1_182' title='bbox 300 2608 342 2671; x_wconf 90' lang='lat' dir='ltr'><strong>ad</strong></span> <span class='ocrx_word' id='word_1_183' title='bbox 363 2612 517 2674; x_wconf 87' lang='lat' dir='ltr'><strong>mittenda</strong></span> <span class='ocrx_word' id='word_1_184' title='bbox 537 2613 675 2696; x_wconf 83' lang='lat' dir='ltr'><strong>navigia.</strong></span> 
     </span>
    </p>

    <p class='ocr_par' dir='ltr' id='par_1_5' title="bbox 164 2693 1129 3466">
     <span class='ocr_line' id='line_1_29' title="bbox 230 2693 1129 2761; baseline 0.001 -4"><span class='ocrx_word' id='word_1_185' title='bbox 230 2695 281 2757; x_wconf 76' lang='lat'><strong>22.</strong></span> <span class='ocrx_word' id='word_1_186' title='bbox 305 2694 375 2759; x_wconf 93' lang='lat' dir='ltr'><strong>Hoc</strong></span> <span class='ocrx_word' id='word_1_187' title='bbox 391 2695 579 2761; x_wconf 87' lang='lat' dir='ltr'><strong>detrimento</strong></span> <span class='ocrx_word' id='word_1_188' title='bbox 596 2696 712 2761; x_wconf 86' lang='lat' dir='ltr'><strong>milites</strong></span> <span class='ocrx_word' id='word_1_189' title='bbox 728 2696 828 2761; x_wconf 85' lang='lat' dir='ltr'><strong>nostri</strong></span> <span class='ocrx_word' id='word_1_190' title='bbox 842 2705 964 2758; x_wconf 88' lang='lat' dir='ltr'><strong>tantum</strong></span> <span class='ocrx_word' id='word_1_191' title='bbox 983 2693 1129 2758; x_wconf 83' lang='lat' dir='ltr'><strong>afuenmt</strong></span> 
     </span>
     <span class='ocr_line' id='line_1_30' title="bbox 166 2779 1128 2930; baseline -0.002 -87"><span class='ocrx_word' id='word_1_192' title='bbox 166 2789 202 2843; x_wconf 86' lang='lat' dir='ltr'><strong>ut</strong></span> <span class='ocrx_word' id='word_1_193' title='bbox 223 2779 495 2865; x_wconf 89' lang='lat' dir='ltr'><strong>perturbarentur,</strong></span> <span class='ocrx_word' id='word_1_194' title='bbox 529 2793 563 2847; x_wconf 88' lang='lat' dir='ltr'><strong>ut</strong></span> <span class='ocrx_word' id='word_1_195' title='bbox 585 2783 708 2846; x_wconf 88' lang='lat' dir='ltr'><strong>incensi</strong></span> <span class='ocrx_word' id='word_1_196' title='bbox 730 2793 825 2930; x_wconf 58' lang='lat' dir='ltr'><strong>strplue</strong></span> <span class='ocrx_word' id='word_1_197' title='bbox 846 2781 968 2844; x_wconf 88' lang='lat' dir='ltr'><strong>incitati</strong></span> <span class='ocrx_word' id='word_1_198' title='bbox 995 2800 1128 2863; x_wconf 87' lang='lat' dir='ltr'><strong>magnas</strong></span> 
     </span>
     <span class='ocr_line' id='line_1_31' title="bbox 165 2865 1127 2953; baseline -0.001 -25"><span class='ocrx_word' id='word_1_199' title='bbox 165 2868 365 2930; x_wconf 87' lang='lat' dir='ltr'><strong>accessiones</strong></span> <span class='ocrx_word' id='word_1_200' title='bbox 387 2865 520 2932; x_wconf 86' lang='lat' dir='ltr'><strong>fecerint</strong></span> <span class='ocrx_word' id='word_1_201' title='bbox 541 2870 574 2932; x_wconf 94' lang='lat' dir='ltr'><strong>in</strong></span> <span class='ocrx_word' id='word_1_202' title='bbox 596 2868 746 2953; x_wconf 90' lang='lat' dir='ltr'><strong>operibus</strong></span> <span class='ocrx_word' id='word_1_203' title='bbox 796 2867 909 2932; x_wconf 89' lang='lat' dir='ltr'><strong>ostium</strong></span> <span class='ocrx_word' id='word_1_204' title='bbox 944 2886 1127 2950; x_wconf 83' lang='lat' dir='ltr'><strong>expugnan-</strong></span> 
     </span>
     <span class='ocr_line' id='line_1_32' title="bbox 165 2949 1128 3040; baseline -0.002 -26"><span class='ocrx_word' id='word_1_205' title='bbox 165 2950 214 3014; x_wconf 89' lang='lat' dir='ltr'><strong>dis</strong></span> <span class='ocrx_word' id='word_1_206' title='bbox 236 2953 269 3014; x_wconf 88' lang='lat' dir='ltr'><strong>in</strong></span> <span class='ocrx_word' id='word_1_207' title='bbox 291 2951 420 3035; x_wconf 90' lang='lat' dir='ltr'><strong>proeliis</strong></span> <span class='ocrx_word' id='word_1_208' title='bbox 443 2954 643 3040; x_wconf 87' lang='lat' dir='ltr'><strong>quotidianis,</strong></span> <span class='ocrx_word' id='word_1_209' title='bbox 667 2954 929 3040; x_wconf 88' lang='lat' dir='ltr'><strong>quandocumque</strong></span> <span class='ocrx_word' id='word_1_210' title='bbox 949 2951 1015 3015; x_wconf 77' lang='lat' dir='ltr'><strong>fors</strong></span> <span class='ocrx_word' id='word_1_211' title='bbox 1038 2949 1128 3014; x_wconf 87' lang='lat' dir='ltr'><strong>obtu-</strong></span> 
     </span>
     <span class='ocr_line' id='line_1_33' title="bbox 165 3035 1127 3125; baseline -0.001 -26"><span class='ocrx_word' id='word_1_212' title='bbox 165 3035 256 3117; x_wconf 87' lang='lat' dir='ltr'><strong>lerat,</strong></span> <span class='ocrx_word' id='word_1_213' title='bbox 290 3039 549 3120; x_wconf 88' lang='lat' dir='ltr'><strong>procurrentibus</strong></span> <span class='ocrx_word' id='word_1_214' title='bbox 583 3051 615 3104; x_wconf 92' lang='lat' dir='ltr'><strong>et</strong></span> <span class='ocrx_word' id='word_1_215' title='bbox 637 3037 874 3125; x_wconf 88' lang='lat' dir='ltr'><strong>erumpentibus</strong></span> <span class='ocrx_word' id='word_1_216' title='bbox 898 3035 1127 3102; x_wconf 81' lang='lat' dir='ltr'><strong>Alexandrinis</strong></span> 
     </span>
     <span class='ocr_line' id='line_1_34' title="bbox 164 3121 1129 3210; baseline 0.001 -27"><span class='ocrx_word' id='word_1_217' title='bbox 164 3143 291 3185; x_wconf 86' lang='lat' dir='ltr'><strong>manum</strong></span> <span class='ocrx_word' id='word_1_218' title='bbox 308 3168 315 3183; x_wconf 92' lang='lat'><strong>.</strong></span> <span class='ocrx_word' id='word_1_219' title='bbox 332 3170 340 3185; x_wconf 93' lang='lat'><strong>.</strong></span> <span class='ocrx_word' id='word_1_220' title='bbox 357 3169 388 3185; x_wconf 91' lang='lat'><strong>..</strong></span> <span class='ocrx_word' id='word_1_221' title='bbox 416 3125 642 3210; x_wconf 87' lang='lat' dir='ltr'><strong>comprehendi</strong></span> <span class='ocrx_word' id='word_1_222' title='bbox 664 3124 796 3189; x_wconf 89' lang='lat' dir='ltr'><strong>multum</strong></span> <span class='ocrx_word' id='word_1_223' title='bbox 826 3121 974 3208; x_wconf 87' lang='lat' dir='ltr'><strong>operibus</strong></span> <span class='ocrx_word' id='word_1_224' title='bbox 990 3169 998 3184; x_wconf 88' lang='lat'><strong>.</strong></span> <span class='ocrx_word' id='word_1_225' title='bbox 1014 3169 1022 3184; x_wconf 86' lang='lat'><strong>.</strong></span> <span class='ocrx_word' id='word_1_226' title='bbox 1040 3168 1047 3183; x_wconf 93' lang='lat'><strong>.</strong></span> <span class='ocrx_word' id='word_1_227' title='bbox 1065 3168 1072 3183; x_wconf 93' lang='lat'><strong>.</strong></span> <span class='ocrx_word' id='word_1_228' title='bbox 1096 3130 1129 3184; x_wconf 89' lang='lat' dir='ltr'><strong>et</strong></span> 
     </span>
     <span class='ocr_line' id='line_1_35' title="bbox 164 3207 1127 3292; baseline -0.001 -23"><span class='ocrx_word' id='word_1_229' title='bbox 164 3207 349 3271; x_wconf 89' lang='lat' dir='ltr'><strong>ardentibus</strong></span> <span class='ocrx_word' id='word_1_230' title='bbox 384 3211 495 3274; x_wconf 89' lang='lat' dir='ltr'><strong>studiis</strong></span> <span class='ocrx_word' id='word_1_231' title='bbox 528 3211 672 3292; x_wconf 90' lang='lat' dir='ltr'><strong>militum,</strong></span> <span class='ocrx_word' id='word_1_232' title='bbox 705 3233 766 3274; x_wconf 92' lang='lat' dir='ltr'><strong>nec</strong></span> <span class='ocrx_word' id='word_1_233' title='bbox 795 3209 957 3292; x_wconf 86' lang='lat' dir='ltr'><strong>divulgata</strong></span> <span class='ocrx_word' id='word_1_234' title='bbox 979 3207 1127 3271; x_wconf 83' lang='lat' dir='ltr'><strong>Caesaris</strong></span> 
     </span>
     <span class='ocr_line' id='line_1_36' title="bbox 164 3291 1129 3382; baseline 0 -28"><span class='ocrx_word' id='word_1_235' title='bbox 164 3291 299 3358; x_wconf 86' lang='lat' dir='ltr'><strong>hortatio</strong></span> <span class='ocrx_word' id='word_1_236' title='bbox 323 3294 473 3380; x_wconf 87' lang='lat' dir='ltr'><strong>subsequi</strong></span> <span class='ocrx_word' id='word_1_237' title='bbox 496 3295 656 3382; x_wconf 88' lang='lat' dir='ltr'><strong>legionum</strong></span> <span class='ocrx_word' id='word_1_238' title='bbox 671 3305 726 3358; x_wconf 88' lang='lat' dir='ltr'><strong>aut</strong></span> <span class='ocrx_word' id='word_1_239' title='bbox 740 3294 880 3360; x_wconf 88' lang='lat' dir='ltr'><strong>laborem</strong></span> <span class='ocrx_word' id='word_1_240' title='bbox 895 3302 949 3356; x_wconf 87' lang='lat' dir='ltr'><strong>aut</strong></span> <span class='ocrx_word' id='word_1_241' title='bbox 963 3291 1129 3379; x_wconf 85' lang='lat' dir='ltr'><strong>pugnandi</strong></span> 
     </span>
     <span class='ocr_line' id='line_1_37' title="bbox 165 3377 1128 3466; baseline 0 -27"><span class='ocrx_word' id='word_1_242' title='bbox 165 3389 287 3460; x_wconf 83' lang='lat' dir='ltr'><strong>poterat</strong></span> <span class='ocrx_word' id='word_1_243' title='bbox 316 3381 528 3464; x_wconf 88' lang='lat' dir='ltr'><strong>cupiditatem,</strong></span> <span class='ocrx_word' id='word_1_244' title='bbox 562 3392 597 3446; x_wconf 90' lang='lat' dir='ltr'><strong>ut</strong></span> <span class='ocrx_word' id='word_1_245' title='bbox 630 3381 731 3466; x_wconf 86' lang='lat' dir='ltr'><strong>magis</strong></span> <span class='ocrx_word' id='word_1_246' title='bbox 764 3378 947 3446; x_wconf 91' lang='lat' dir='ltr'><strong>deterrendi</strong></span> <span class='ocrx_word' id='word_1_247' title='bbox 975 3391 1006 3442; x_wconf 90' lang='lat' dir='ltr'><strong>et</strong></span> <span class='ocrx_word' id='word_1_248' title='bbox 1028 3377 1128 3440; x_wconf 88' lang='lat' dir='ltr'><strong>conti-</strong></span> 
     </span>
    </p>
   </div>
   <div class='ocr_carea' id='block_1_3' title="bbox 0 0 1274 3978">
    <p class='ocr_par' dir='ltr' id='par_1_6' title="bbox 0 0 1274 3978">
     <span class='ocr_line' id='line_1_38' title="bbox 0 0 1274 3978; baseline 0 3"><span class='ocrx_word' id='word_1_249' title='bbox 0 0 1274 3978; x_wconf 95' lang='lat' dir='ltr'><strong> </strong></span> 
     </span>
    </p>
   </div>
  </div>
 </body>
</html>
