2490 3974
446 249 589 321 CAPUT
610 256 743 320 87-88,
1004 255 1065 318 233

6 439 7 442 ’
111 438 176 492 tur.
199 429 366 492 Uticenses
389 428 492 492 animo
515 427 620 491 addito
644 449 685 490 ex
708 426 853 490 Caesaris
875 427 1007 506 victoria
1022 425 1064 488 la-

111 513 242 599 pidibus
257 513 454 599 fustibusque
469 515 589 597 equites
605 512 796 597 repulerunt.
819 512 928 598 Itaque
943 520 1065 610 ppstea·

6 639 7 648 κ
113 621 213 684 quam
236 609 338 662 castra
359 620 423 661 non
444 606 613 683 potuerant
635 599 738 682 potiri,
760 597 887 660 Uticam
909 619 943 659 se
964 619 997 658 1n
1013 617 1066 680 op-

6 727 7 730 *
137 683 225 747 idum
249 685 450 748 coniecerunt
471 691 566 768 atque
587 682 633 746 ibi
654 681 768 746 multos
790 681 958 746 Uticenses
971 683 1066 743 iuter·

113 705 262 833 lecerunt
283 768 454 853 domosque
478 789 585 831 corum
609 779 870 852 expugnaverunt
892 788 929 829 ac
951 765 1066 850 diripu-

114 863 218 917 erunt.
256 851 379 931 Quibus
403 876 498 939 quum
522 851 601 916 Cato
624 852 815 938 persuadere
837 851 923 915 nulla
945 853 1067 914 ratione

115 939 230 1023 quiret,
253 947 288 1002 ut
310 960 416 1002 secum
439 937 590 1024 oppidum
618 937 825 1001 defenderent
847 947 878 1000 et
900 937 998 999 caede
1020 957 1068 998 ra-

138 1024 262 1108 inisque
285 1024 481 1102 desisterent,
515 1031 546 1086 et
569 1023 644 1108 quid
666 1021 726 1086 sibi
747 1021 866 1104 vellent
887 1023 989 1106 sciret,
1021 1043 1068 1084 se-

113 1045 242 1172 dandae
264 1131 372 1172 eorum
393 1109 638 1194 importunitatis
667 1109 768 1192 gratia
795 1106 925 1192 singulis
949 1113 969 1168 C
991 1106 1068 1171 divi·

116 1193 166 1255 sit.
188 1192 278 1257 Idem
299 1192 387 1258 Sulla
403 1194 541 1258 Faustus
562 1194 637 1258 fecit
658 1217 695 1258 ao
718 1192 757 1255 de
780 1217 837 1258 sua
858 1194 994 1278 pecunia
1009 1191 1068 1254 lar·

115 1279 200 1362 gitus
223 1287 271 1341 est
291 1301 416 1364 unaque
440 1301 509 1342 cum
532 1280 571 1342 iis
587 1279 626 1343 ab
641 1279 735 1343 Utica
750 1279 959 1364 proficiscitur
975 1285 1068 1363 atque

115 1363 150 1425 in
170 1384 304 1446 regnum
325 1367 370 1428 ire
391 1364 534 1428 intendit.
577 1429 578 1432 ,

184 1447 234 1510 88.
259 1447 444 1534 Complures
476 1450 602 1512 interim
634 1471 674 1512 ex
706 1450 780 1534 fuga
811 1449 936 1513 Uticam
958 1469 1069 1532 perve-

116 1533 216 1596 niunt.
240 1531 328 1611 Quos
350 1555 459 1598 omnes
483 1534 563 1598 Cato
591 1549 780 1599 convocatos
810 1557 873 1600 una
899 1556 971 1597 cum
994 1538 1068 1613 CCC,

119 1620 174 1703 qui
194 1620 360 1703 pecuniam
384 1619 523 1704 Scipioni
545 1620 586 1683 ad
607 1619 728 1685 bellum
749 1619 928 1684 faciendum
962 1630 1069 1682 contu·

118 1701 230 1782 lerant,
253 1704 403 1784 hortatur,
425 1715 461 1768 ut
483 1707 615 1769 servitia
636 1707 892 1769 manumitterent
906 1702 1070 1788 oppidum-

77 1847 80 1853 .
119 1809 180 1873 que
203 1787 416 1853 defenderent.
451 1789 591 1869 Quorum
625 1813 722 1876 quum
754 1801 875 1876 partem
905 1789 1070 1868 assentire,

141 1881 241 1938 artem
274 1877 413 1939 animum
444 1885 644 1961 mentemque
703 1877 877 1940 exterritam
914 1883 1007 1958 atque
1039 1873 1072 1935 in

152 1979 225 2042 gam
253 1958 439 2024 destinatam
469 1960 586 2025 habere
613 1899 830 2041 intellexisset,
865 1958 998 2044 amplius
1033 1957 1072 2021 de

119 2064 157 2106 ea
177 2065 212 2106 re
235 2066 330 2128 agere
353 2046 471 2110 destitit
484 2067 645 2132 navesque
666 2049 704 2110 iis
720 2045 869 2126 attribuit,
891 2055 926 2107 ut
946 2045 1071 2127 inques

119 2128 251 2214 quisque
267 2139 380 2276 ¹partes
401 2130 500 2196 vellet
527 2133 789 2216 proficisceretur.
825 2130 898 2215 Ipse
928 2129 1072 2192 omnibus

118 2212 213 2276 rebus
246 2213 276 2278 d'
291 2215 484 2298 igentissime
520 2219 696 2282 constitutis
728 2217 836 2280 liberis
873 2215 937 2277 suis
974 2214 1072 2278 Lucio

121 2296 259 2380 Caesari,
282 2301 423 2384 quitum
445 2303 553 2386 eipro
583 2311 748 2387 quaestore
777 2301 889 2381 fuerat,
918 2321 1071 2365 commen-

120 2381 199 2446 datis
222 2394 254 2447 et
285 2386 353 2450 sine
382 2389 570 2472 suspicione,
585 2387 682 2466 ¹vultu
709 2396 803 2473 atque
833 2406 987 2466 sermone,
1011 2407 1072 2469 quo

122 2471 280 2552 superiore
302 2479 443 2557 tempore
465 2495 540 2536 usus
562 2473 673 2555 fuerat,
694 2492 790 2558 quum
805 2471 971 2536 dormitum
985 2471 1072 2549 isset,

119 2551 235 2617 ferrum
264 2557 347 2620 intro
375 2557 457 2621 clam
488 2560 522 2621 iu
548 2557 728 2623 cubiculum
754 2557 825 2620 tulit
853 2564 946 2642 atque
973 2555 1018 2620 ita
1040 2577 1073 2618 se

120 2639 249 2703 traiecit.
280 2640 344 2720 Qui
366 2665 461 2728 quum
490 2645 596 2706 anima
616 2643 755 2708 nondum
778 2643 938 2726 exspirata
972 2640 1073 2704 conci-

121 2721 225 2804 disset,
254 2737 286 2790 et
315 2728 433 2814 impetu
460 2727 542 2793 facto
569 2731 602 2792 in
625 2727 802 2793 cubiculum
833 2749 873 2791 ex
896 2725 1073 2872 suspicione

120 2807 259 2874 medicus
274 2812 506 2899 familiaresque
522 2816 683 2880 continere
695 2823 788 2898 atque
800 2813 913 2877 vulnus
929 2832 948 2873 o
972 2809 1072 2892 ligare

122 2898 306 2978 coepissent,
334 2899 402 2983 ipse
436 2902 501 2963 suis
533 2900 678 2963 manibus
710 2898 824 2962 vulnus
858 2894 1073 2959 crudelissime

122 2977 241 3044 divellit
263 2993 355 3068 atque
384 2987 488 3049 animo
517 2989 676 3070 praesenti
698 3005 732 3048 se
760 2983 926 3046 interemit.
971 2977 1073 3056 Quem

122 3062 295 3148 Uticenses,
321 3091 509 3156 quamquain
532 3071 663 3134 oderant
677 3070 814 3154 partium
836 3069 945 3151 gratia,
969 3074 1074 3126 tamen

120 3160 247 3232 proter
277 3154 344 3217 eius
373 3154 564 3240 singularem
592 3146 804 3238 integritatem
828 3160 858 3216 et
881 3147 963 3235 quod
985 3147 1075 3210 dissi-

121 3173 266 3299 milllmus
289 3239 348 3302 reli
371 3261 483 3304 uorum
512 3239 627 3304 ducum
653 3239 755 3302 fuerat
783 3236 929 3322 quodque
949 3232 1073 3296 Uticam

122 3320 256 3384 mirificis
280 3327 368 3408 operi
391 3347 427 3388 us
450 3327 607 3389 munierat
621 3334 785 3472 turresque
808 3329 947 3399 auxerat,
972 3315 1075 3400 sepul·

123 3411 188 3468 tura
210 3408 357 3472 afficiunt.
383 3410 453 3489 Quo
476 3411 639 3474 interfecto
666 3408 702 3471 L.
755 3427 846 3471 aesar
876 3401 994 3488 aliquid
1016 3400 1077 3464 sibi

125 3509 163 3554 ex
190 3513 229 3555 ea
255 3516 291 3558 re
317 3494 426 3558 auxilii
455 3507 540 3559 ratus
570 3502 742 3559 convocato
774 3489 890 3576 populo
924 3488 1075 3552 concione
