2490 3974
203 268 266 333 244
467 267 596 331 usum
618 245 913 334 nrsrmmusrs

204 441 315 506 castris
336 441 497 526 praesidio
519 464 590 506 esse
611 449 749 526 possent,
772 441 825 506 hic
846 444 880 506 iu
902 443 1044 506 adventu
1070 443 1185 506 Pom-

203 528 257 614 pei
277 527 396 610 incidit,
433 536 468 590 ut
489 529 641 590 matutino
662 536 805 611 tempore
826 527 945 592 nebula
967 536 1052 592 esset
1081 550 1186 591 cras-

202 613 337 677 sissima
360 611 410 676 Ita
431 611 486 675 illa
507 611 726 676 obscuratione
748 634 819 676 cum
841 612 962 699 aliquot
976 611 1182 678 cohortibus

204 707 236 762 et
256 699 395 782 equitum
417 701 528 762 trrrmis
551 696 801 761 circumcludunt
822 697 971 762 Caesaris
987 699 1124 783 equites
1144 709 1183 764 et

204 782 382 865 concidunt,
406 785 451 846 sic
472 794 508 847 ut
527 785 584 846 vix
605 784 638 846 iu
661 805 699 846 ea
726 783 823 848 caede
849 785 944 870 pauci
972 782 1179 866 effugerent

266 869 296 934 7.
318 868 501 954 Insequenti
521 879 614 932 nocte
638 883 741 931 castra
762 890 820 932 sua
832 869 974 932 incendit
986 868 1178 954 Pompeius

203 964 235 1019 et
255 963 344 1018 trans
365 952 484 1016 flumen
507 952 632 1018 Salsum
690 975 725 1016 er
757 953 919 1019 convalles
950 963 1054 1019 castra
1079 955 1178 1019 inter

203 1039 266 1104 duo
288 1037 405 1124 oppida
426 1038 585 1125 Ateguam
608 1047 639 1102 et
692 1037 798 1102 cubim
813 1041 846 1102 in
860 1050 966 1104 monte
982 1041 1173 1104 constitnit.

203 1123 322 1190 Caesar
342 1123 361 1161 *
383 1127 416 1187 iu
437 1122 662 1188 munitionibus
684 1126 871 1209 ceterisque,
901 1147 982 1210 quae
1004 1124 1047 1188 ad
1070 1127 1173 1210 oppi-

202 1210 277 1274 dum
298 1231 318 1274 o
340 1231 378 1273 us
399 1208 535 1292 filerunt,
568 1230 719 1294 aggerem
747 1211 920 1295 vineasque
949 1230 1045 1294 agere
1068 1211 1172 1274 insti·

200 1297 268 1360 tuit,
291 1231 382 1359 Hisce
403 1293 473 1359 loca
495 1304 568 1359 sunt
581 1303 747 1358 montuosa
762 1304 794 1358 et
807 1305 920 1358 natura
934 1294 1016 1358 edita
1032 1293 1076 1358 ad
1092 1317 1170 1360 rem

200 1379 384 1462 militarem3
422 1401 503 1465 quae
524 1378 655 1465 planitie
677 1378 869 1462 dividuntur,
900 1379 991 1444 Salso
1013 1379 1166 1464 flumine,

199 1467 344 1551 proxime
364 1473 471 1529 tamen
493 1465 652 1550 Ateguam
674 1473 708 1527 ut
729 1463 847 1528 flumen
869 1467 918 1546 sit,
942 1464 1068 1528 circiter
1085 1489 1164 1551 pas-

200 1573 291 1614 suum
315 1549 496 1615 duomilia
523 1549 576 1612 Ex
598 1571 637 1614 ea
657 1551 787 1636 regione
810 1551 918 1636 oppidi
938 1552 972 1614 in
994 1551 1164 1615 montibus
1221 1553 1222 1624 l

200 1645 304 1701 castra
325 1635 435 1699 habuit
456 1637 559 1722 posita
579 1634 749 1720 Pompeius
764 1637 797 1698 in
813 1646 984 1721 conspectu
998 1645 1162 1700 utrorum·

221 1743 262 1786 ue
285 1719 473 1806 oppidorum
493 1743 598 1806 nequo
620 1723 687 1784 suis
701 1743 796 1784 ausus
812 1731 860 1784 est
875 1719 1016 1785 subsidio
1031 1723 1160 1786 venire.

198 1743 331 1892 Aquilae
355 1807 435 1870 etsi
480 1804 633 1870 ababuit
654 1813 717 1866 xm
739 1805 909 1906 legionum.
933 1804 999 1870 Sed
1019 1826 1061 1868 ex
1089 1809 1158 1892 qui-
1221 1879 1222 1884 η

200 1891 260 1956 bus
283 1890 404 1978 aliquid
448 1891 615 1955 rmamen'ti
637 1913 671 1955 se
694 1891 896 1956 existrmabat
916 1889 1045 1971 habere,
1070 1890 1155 1956 duae

198 1976 325 2050 fuerunt
344 1974 544 2058 vernaculae,
575 1997 656 2062 quae
678 1998 697 2039 a
718 1974 878 2041 Trebonio
900 1975 1155 2061 transfugerant5

198 2083 262 2126 una
283 2061 368 2126 lacta
383 2083 424 2126 ex
439 2061 580 2145 coloniis,
604 2083 685 2145 quae
700 2060 826 2125 fuerumt
839 2063 872 2124 in
887 2060 936 2124 bis
951 2061 1154 2146 regionibus3

199 2157 311 2234 quarta
332 2146 391 2210 fuit
411 2146 586 2211 Afraniana
607 2167 649 2208 ex
670 2145 789 2228 Africa,
814 2168 909 2231 quam
930 2167 1038 2210 secum
1055 2146 1153 2212 addu-

197 2242 298 2296 xerat.
320 2231 474 2317 Reliquae
489 2254 530 2296 ex
550 2231 724 2318 fugitivis*
740 2231 911 2297 auxiliares
927 2231 1151 2296 consistebant

196 2316 278 2381 Nam
300 2317 339 2382 de
362 2316 426 2381 levi
448 2325 609 2382 armatura
630 2325 662 2382 ct
685 2318 825 2402 equitatu
857 2315 951 2402 longe
982 2329 1014 2380 et
1035 2318 1150 2382 virtute

194 2410 229 2468 ‘et
249 2423 382 2466 numero
403 2403 504 2466 nostri
526 2411 615 2467 erant
636 2403 824 2486 superiores
1221 2417 1222 2474 ς

260 2486 290 2551 8.
322 2485 512 2566 Accedebat
537 2487 608 2570 huc,
644 2496 681 2549 ut
714 2487 838 2572 longius
870 2485 990 2551 bellum
1022 2485 1149 2552 duceret
1221 2481 1222 2546 l

196 2569 377 2658 Pompeius,
401 2570 486 2658 quod
506 2571 576 2637 loca
597 2580 669 2636 sunt
691 2571 775 2635 edita
796 2581 828 2636 et
843 2571 884 2635 ad
898 2581 1073 2636 castrorum
1084 2595 1147 2636 mu·

197 2657 332 2722 uitiones
359 2680 424 2722 non
444 2679 558 2743 parum
579 2657 702 2722 idonea.
723 2657 806 2720 Nam
825 2657 893 2720 fere
914 2657 1009 2721 totius
1024 2655 1147 2722 ultorio

195 2743 239 2806 ris
271 2742 446 2828 Hispaniae
486 2744 574 2826 regio
612 2751 743 2828 propter
782 2753 888 2806 terrae
926 2741 1146 2808 fecunditatem

197 2836 228 2892 et
256 2850 320 2892 non
348 2829 453 2892 minus
476 2829 636 2913 copiosam
663 2829 864 2913 aquationem
886 2829 1012 2912 inopem
1040 2826 1145 2891 diffici-
1221 2897 1222 2902 η

195 2913 321 2999 lemque
335 2913 431 2978 habet
448 2913 722 2999 oppugnationem.
744 2912 806 2976 Hic
823 2913 917 2976 etiam
932 2920 1061 2998 propter
1077 2911 1144 2977 bar-

195 2998 344 3063 barorum
368 2998 496 3063 crebras
519 2997 723 3062 excursiones
746 2998 851 3062 omnia
871 2996 951 3077 loca,
974 3009 1145 3083 quaesunt

195 3082 235 3147 ab
257 3083 380 3170 oppidis
402 3092 532 3164 remota,
555 3081 695 3148 turribus
717 3091 749 3148 et
769 3083 997 3149 munitionibus
1011 3083 1142 3147 retinen·

194 3178 255 3252 tur,
290 3171 370 3232 sicut
390 3169 423 3232 in
445 3168 565 3249 Africa,
597 3167 722 3251 rudere,
754 3190 819 3234 non
847 3167 962 3252 tegulis
984 3177 1016 3234 te
1080 3177 1141 3252 tur;

194 3253 349 3340 simulque
371 3255 404 3319 in
425 3253 474 3317 bis
495 3253 616 3318 habent
637 3253 782 3340 speculas
805 3262 837 3317 ct
857 3263 986 3340 propter
1041 3253 1140 3318 titudi-

194 3362 267 3402 nem
289 3338 383 3425 longe
405 3337 530 3425 lateque
550 3339 755 3439 prospiciunt.
787 3338 866 3402 Item
883 3338 1068 3424 oppidorum
1081 3361 1140 3402 ma
1221 3347 1222 3376 ³

193 3445 257 3510 gna
277 3446 350 3509 pars
372 3426 440 3489 eius
469 3427 650 3510 provinciae
682 3423 840 3488 montibus
873 3423 941 3488 fere
973 3425 1091 3487 munita
1110 3433 1140 3488 et

194 3517 307 3572 natura
329 3508 557 3574 excellentibus
584 3508 662 3574 locis
696 3518 744 3574 est
776 3511 954 3592 constituta,
986 3517 1021 3574 ut
1053 3509 1138 3574 simul
