2538 3978
205 231 248 296 82
414 263 417 272 ·
490 231 552 295 nu
573 226 716 297 sunno
740 229 872 311 crum

205 423 328 470 summa
354 403 582 468 mandatorum.
622 403 751 467 Debere
777 413 944 488 utrumque
969 405 1166 488 pertinaciae

204 487 300 552 finem
328 489 433 554 facere
460 499 492 552 et
518 488 558 553 ab
586 491 681 552 armis
704 489 866 554 discedere
893 510 996 574 neque
1029 487 1164 573 amphus

204 573 363 638 fortunam
384 573 565 660 periclitari.
596 573 679 638 Satis
702 596 772 638 esse
800 597 916 656 magna
937 575 1095 658 utrimque
1117 574 1164 636 in-

205 659 371 724 commoda
392 669 531 744 accepta,
562 681 643 745 quae
664 681 721 744 pro
745 659 910 745 disciplina
932 669 963 722 et
985 659 1163 744 praeceptis

199 743 323 827 babere
352 756 497 830 possent,
524 753 560 808 ut
585 744 723 830 reliquos
757 767 849 808 casus
878 746 1040 808 timerent:
1073 742 1164 806 illum

203 828 298 892 Italia
312 831 479 914 expulsum
495 831 612 894 amissa
632 829 745 894 Sicilia¹
761 840 793 893 et
815 829 961 894 Sardinia
976 829 1163 914 duabusque

203 914 368 999 Hispaniis
391 924 422 979 et
451 914 631 980 cohortibus
660 923 691 979 in
713 915 805 980 Italia
827 924 920 1000 atque
942 915 1099 999 Hispania
1120 913 1163 976 ci-

203 1000 290 1062 vium
312 999 524 1066 Romanorum
546 1010 671 1065 centum
690 1011 783 1087 atque
805 1006 900 1081 XXX3
923 1022 956 1063 se
978 1010 1078 1064 morte
1102 997 1164 1062 Ou-

203 1085 301 1148 rionis
332 1095 363 1149 et
391 1086 580 1152 detrimento
606 1087 747 1151 Africani
779 1089 936 1150 exercitus
964 1095 1051 1148 tanto
1084 1082 1163 1146 mili-

94 1189 98 1199 ’
203 1179 332 1254 tumque
366 1170 525 1235 deditione
565 1173 606 1236 ad
643 1172 825 1258 Corcyram.
865 1169 1002 1235 Proinde
1036 1169 1096 1232 sibi
1124 1191 1164 1232 sc

203 1254 397 1339 reipublicae
418 1268 594 1342 parcerent,
612 1281 708 1338 quum,
726 1267 876 1345 quantum
890 1259 923 1320 in
938 1254 1023 1319 bello
1038 1255 1165 1318 fortuna

202 1349 320 1425 posset,
343 1342 406 1404 iam
428 1343 488 1427 ipsi
517 1343 723 1410 incommodis
747 1345 811 1406 suis
840 1345 916 1405 satis
939 1350 1046 1404 essent
1067 1338 1162 1403 docu-

202 1434 318 1489 mento.
341 1425 413 1490 Hoc
435 1446 531 1492 unum
554 1452 624 1494 esse
643 1439 766 1514 tempus
783 1430 822 1493 de
844 1449 924 1513 pace
947 1425 1071 1510 agendi,
1088 1423 1164 1488 dum

205 1509 266 1573 sibi
288 1519 420 1596 uterque
443 1515 616 1578 confideret
639 1523 670 1578 et
690 1537 783 1600 pares
806 1514 899 1578 ambo
921 1512 1118 1591 viderentur;
1135 1512 1164 1572 si

203 1617 280 1660 vero
304 1596 394 1660 alteri
414 1599 544 1684 paulum
565 1601 658 1665 modo
673 1601 836 1664 tribuisset
856 1601 990 1678 fortuna,
1012 1618 1077 1659 non
1091 1617 1163 1659 esse

202 1702 334 1744 usurum
355 1684 585 1751 conditionibus
612 1687 699 1772 pacis
722 1708 803 1768 eum,
837 1685 891 1772 qui
914 1683 1056 1767 superior
1076 1678 1163 1744 vide·

121 1769 123 1774 ’
202 1775 306 1849 retur,
333 1790 437 1854 neque
462 1769 530 1836 iore
563 1794 664 1858 aequa
699 1781 789 1856 parte
825 1777 1019 1848 contentum,
1043 1767 1098 1852 qui
1129 1787 1164 1828 se

203 1853 309 1914 omnia
329 1852 508 1919 habiturum
530 1859 710 1922 confideret.
743 1856 946 1922 conditiones
967 1853 1065 1938 pacis,
1089 1873 1163 1937 quo-

202 1938 288 2000 niam
325 1949 418 2008 antea
453 1945 622 2006 convenire
648 1965 713 2007 non
749 1944 940 2027 potuissent,
971 1939 1092 2002 Romae
1120 1935 1162 1999 ab

87 2059 88 2064 κ
204 2032 317 2088 senatu
338 2034 369 2088 et
383 2046 403 2086 a
415 2027 531 2112 populo
547 2031 613 2113 peti
633 2027 758 2092 debere.
774 2028 901 2093 Interea
916 2035 947 2088 et
969 2021 1163 2109 reipublicae

204 2115 236 2170 et
267 2109 329 2192 ipis
361 2111 489 2195 placere
526 2124 679 2199 oportere,
717 2116 744 2178 si
776 2123 910 2198 uterque
941 2111 975 2172 in
1011 2109 1164 2172 concione

205 2195 311 2256 statim
333 2196 503 2262 iuravisset
525 2221 559 2263 se
582 2201 684 2265 triduo
699 2201 844 2286 proximo
861 2197 1033 2262 exercitum
1056 2193 1162 2256 dimis-

205 2299 321 2342 surum.
365 2283 527 2368 Depositis
564 2288 676 2371 armis,
698 2285 896 2370 auxiliisque,
931 2281 1044 2368 quibus
1078 2299 1164 2342 nune

205 2365 407 2450 confiderent,
424 2373 603 2436 necessario
623 2373 731 2456 populi
754 2380 942 2454 senatusque
964 2365 1080 2430 iudicio
1095 2363 1164 2428 fore

204 2458 371 2538 utrumque
386 2464 575 2520 contentum.
598 2457 687 2520 Haec
703 2479 764 2544 quo
786 2453 910 2520 facilius
920 2453 1076 2536 Pompeio
1091 2471 1163 2534 pro·

166 2617 169 2624 A
203 2535 275 2598 bari
295 2549 433 2622 possent,
450 2563 558 2606 omnes
575 2565 646 2606 suas
669 2551 835 2606 terrestres
850 2540 1040 2624 urbiumque
1055 2536 1162 2621 copias

204 2621 415 2688 dimissurum.

275 2710 320 2770 11.
344 2710 504 2777 Vibullius
527 2714 576 2778 his
600 2715 750 2799 expositis
775 2709 955 2798 [Corcyrae]
971 2732 1035 2773 non
1057 2707 1163 2770 minus

205 2798 419 2860 necessarium
453 2821 523 2862 esse
553 2801 746 2863 existimavit
768 2800 807 2863 de
829 2798 993 2883 repentino
1023 2793 1164 2857 adventu

177 2935 178 2940 ,
207 2879 353 2944 Caesaris
375 2883 560 2970 Pompeium
582 2885 652 2949 fien‘
674 2887 848 2965 certiorem,
876 2885 921 2947 uti
944 2879 1039 2944 adid
1060 2877 1162 2941 consi-

206 2964 283 3028 lium
306 2988 419 3052 capere
435 3019 437 3023 .
451 2981 566 3055 posset,
601 2980 770 3057 antequam
799 2970 839 3033 de
860 2967 1018 3032 mandatis
1042 2965 1093 3048 agi
1114 2963 1164 3023 in·

207 3051 373 3135 ciperetur‚
397 3064 491 3140 atque
513 3057 584 3121 ideo
607 3059 786 3122 continuato
809 3065 901 3119 nocte
917 3075 954 3116 ac
976 3054 1027 3115 die
1049 3052 1164 3113 itinere

206 3145 300 3222 atque
321 3142 447 3204 mutatis
470 3141 510 3205 ad
533 3143 724 3208 celeritatem
745 3142 891 3207 iumentis
915 3139 955 3202 ad
976 3135 1165 3221 Pompeium

207 3223 368 3286 contendit
390 3235 421 3288 et
447 3228 559 3291 adesse
588 3229 758 3293 Caesarem
789 3226 954 3291 nuntiavit.
991 3220 1165 3306 Pompeius

207 3317 275 3372 erat
297 3331 334 3374 eo
356 3320 497 3397 tempore
518 3315 552 3376 in
575 3314 738 3378 Candavia
765 3315 887 3398 iterque
915 3332 954 3373 ex
975 3305 1166 3372 Macedonia

207 3398 241 3460 in
274 3397 407 3462 hiberna
442 3398 645 3485 Apolloniam
681 3399 976 3486 Dyrrhachiumque
1012 3391 1165 3457 habebat
1251 3409 1252 3468 1

209 3481 274 3546 Sed
295 3506 435 3548 renova
456 3484 659 3571 perturbatus
682 3485 855 3550 maioribus
877 3481 1041 3548 itineribus
1063 3477 1165 3564 Apol·
1251 3473 1252 3504 ³
