2562 3966
404 225 539 292 oonn.
562 227 609 292 vr
632 227 724 292 ose.
748 229 884 296 38-42.
1064 229 1127 312 rec

163 399 239 466 dem
267 401 387 486 impetu
419 397 553 462 militum
575 400 692 464 virtute
725 410 903 465 servantur.
931 401 990 472 *At
1011 403 1048 477 ii,
1092 403 1127 470 ui

163 487 199 550 in
221 486 295 572 iugo
318 483 533 565 constiterant,
554 483 643 551 nullo
666 487 761 550 etism
782 507 877 550 nunc-
895 509 955 550 usu
976 489 1023 551 rei
1045 423 1126 552 nbi

164 572 243 636 turis
263 579 415 658 percepto
437 591 541 654 neque
562 571 596 634 in
619 592 666 652 eo,
689 570 773 656 quod
799 570 1028 672 probaverant,
1052 593 1126 637 oon·
1247 599 1250 605 ¹

164 655 237 720 silio
265 677 468 742 permonere,
497 664 533 718 ut
562 677 597 718 se
625 654 696 721 loco
726 678 887 742 superiore
910 656 1126 741 defenderent,

164 763 207 806 ne
229 765 269 806 ue
292 763 361 806 eam
384 762 478 826 quam
499 739 651 826 prodesse
684 739 754 806 aliis
774 743 841 806 vim
868 742 1127 829 celeritatemque

164 765 312 891 viderant
332 827 450 890 imitari
471 834 650 910 potuertmt,
674 825 732 890 sed
753 847 788 890 se
809 829 843 890 in
865 837 969 892 cestra
982 829 1129 914 recipere.

167 913 271 977 conati
298 913 442 997 iniquum
468 912 502 974 in
530 910 635 975 locum
662 911 866 976 demisemnt.
905 912 1146 998 Centuriones,¹

167 1019 301 1084 quorum
323 995 468 1061 nonnulli
483 1017 524 1059 ex
538 996 739 1060 inferioribus
755 996 918 1063 ordinibus
933 999 1128 1084 reliquantur

167 1083 329 1168 legionum
349 1083 473 1146 uirtutis
497 1103 594 1146 conss
618 1083 652 1146 in
674 1083 855 1168 superiores
878 1093 970 1150 eraut
998 1083 1128 1150 ordines

166 1168 261 1232 huius
282 1167 415 1254 legionis
437 1167 583 1248 traducti,
606 1190 648 1232 ne
670 1178 743 1232 ante
764 1179 889 1253 portam
910 1171 959 1234 rei
980 1169 1129 1236 militaris

162 1253 296 1318 'leudem
317 1255 504 1335 omitterent,
527 1251 695 1316 fortissime
717 1264 894 1339 pugnantes
910 1255 1126 1321 conciderunt.

166 1337 302 1404 Militum
324 1361 398 1424 pers
419 1337 534 1404 horum
554 1340 670 1402 virtute
693 1338 846 1403 submotis
868 1339 1011 1404 hostibus
1034 1361 1129 1425 prae·

166 1433 216 1488 ter
238 1446 327 1509 spem
349 1422 515 1488 incolumis
536 1425 570 1486 in
591 1433 695 1490 castre
718 1425 879 1510 peruenit,
907 1447 984 1510 pars
1013 1447 1035 1488 e
1054 1425 1130 1491 bur·

168 1510 255 1574 beris
279 1511 494 1574 circumvento
513 1509 617 1594 periit.
657 1561 660 1568 .

231 1595 283 1658 41.
307 1595 460 1660 Germani
493 1593 661 1680 desperate
688 1596 921 1680 expugnatione
942 1605 1130 1679 castrorum,

168 1680 253 1767 quod
274 1691 401 1746 nostros
428 1682 494 1743 iam
516 1680 693 1744 constitisse
721 1681 755 1743 in
783 1680 1011 1746 munitionibus
1039 1681 1129 1748 vide·

167 1765 254 1848 bant,
292 1787 364 1830 cnm
397 1788 435 1829 ee
466 1765 599 1850 praeda,
624 1787 719 1850 quum
739 1766 773 1830 in
795 1765 885 1830 silvis
908 1766 1131 1852 deposuerant,

167 1861 256 1916 trans
277 1851 423 1922 Rhenum
445 1873 526 1916 sese,
538 1859 733 1936 receperunt.
756 1850 806 1914 Ae
827 1860 934 1915 tentus
954 1853 1012 1917 fuis
1035 1853 1130 1921 etism

191 1947 240 2002 ost
277 1937 450 2001 discessum
482 1936 618 2000 hostium
646 1944 761 2019 terror,
792 1946 826 2000 ut
848 1959 887 2001 ea
907 1947 1009 2019 noete,
1034 1959 1130 2024 quum

167 1959 268 2088 baius
290 2021 470 2087 Volusenus
491 2023 608 2086 missus
631 2043 703 2085 cum
725 2023 866 2107 equitatu
887 2022 929 2086 ad
950 2033 1054 2087 eastre
1072 2046 1127 2088 ve·

168 2112 275 2190 nisset,
298 2107 478 2172 fidemnon
500 2106 620 2170 faceret
642 2107 754 2171 edesse
783 2129 855 2172 eum
876 2107 1028 2173 ineolumi
1049 2107 1129 2176 (lue-

170 2215 275 2259 serem
297 2195 448 2258 exercitu.
479 2192 532 2257 Sic
555 2194 681 2258 omnino
705 2194 826 2257 animos
848 2195 940 2259 timor
981 2215 1131 2258 rneoeeu-

168 2287 312 2366 paveret,
324 2289 359 2344 ut
366 2300 466 2364 paene
475 2278 612 2343 alienate
622 2286 728 2342 mente
744 2277 856 2342 deletis
870 2217 1016 2344 omnibus
1029 2281 1130 2364 copiis

170 2367 345 2452 equitatum
357 2386 392 2428 se
404 2387 444 2430 ex
453 2365 528 2450 friga
541 2365 703 2448 recepisse
713 2363 855 2428 dicerent
864 2387 968 2450 neque
979 2363 1131 2432 incolumi

170 2451 312 2514 exercitu
325 2449 501 2514 Germanos
514 2457 619 2512 eastra
631 2458 868 2533 oppugnaturos
883 2449 980 2514 misse
1003 2459 1132 2514 conten·

170 2535 290 2601 derent.
325 2534 429 2613 Quem
450 2537 595 2600 timorem
610 2532 766 2604 ¹(latueris
789 2533 953 2608 adventus,
968 2534 1104 2600 sustulit.

233 2621 285 2685 42.
325 2621 485 2684 Reversus
518 2619 574 2684 ille
606 2629 738 2685 eventus
766 2618 849 2683 belli
880 2641 944 2684 non
976 2621 1130 2706 ignorans

169 2728 277 2786 unum,
302 2706 387 2792 quod
409 2705 553 2770 cohortes
576 2726 618 2768 ex
640 2705 775 2768 statione
796 2714 827 2769 et
847 2703 1008 2790 praesidio
1024 2715 1131 2772 essent

171 2793 314 2872 emissae,
339 2800 469 2877 questus
490 2828 534 2842 --
562 2812 602 2853 ne
624 2790 754 2854 minimo
777 2790 911 2877 quidem*
927 2812 1004 2856 casu
1025 2790 1130 2856 locmn

168 2875 306 2962 relinqui
328 2876 540 2942 debuisse-
561 2875 694 2939 multum
722 2873 880 2940 formnam
908 2876 942 2940 in
963 2877 1130 2961 repentino

169 2961 308 3030 hostiurn
330 2962 468 3028 adventu
488 2965 628 3046 potuisse
650 2961 809 3042 iudicavit,
832 2960 931 3026 multo
954 2963 1050 3026 etiem
1064 2983 1129 3026 nm·

169 3047 264 3198 plius,
288 3047 373 3134 quod
392 3069 494 3132 paene
517 3047 558 3111 ab
579 3049 649 3130 ipso
671 3044 755 3132 vello
771 3047 939 3132 portisque
954 3056 1131 3112 castrorum

193 3133 324 3200 urbanos
346 3134 522 3198 evertisset
566 3132 708 3212 Quarum
730 3132 869 3198 omniurn
900 3154 1007 3196 rerum
1029 3131 1130 3196 mexi-

171 3241 222 3283 me
255 3218 473 3283 admirandum
500 3216 681 3297 videbatur,
716 3215 801 3303 quod
823 3216 983 3298 Germani,
1015 3217 1130 3302 quiec

172 3304 303 3369 consilio
325 3303 471 3367 Rhenum
490 3303 688 3383 transierant,
711 3312 746 3365 ut
766 3300 959 3386 Ambiorigis
981 3300 1061 3364 fines
1077 3299 1130 3364 de·

170 3388 406 3474 popularentur,
429 3388 470 3452 ed
491 3397 597 3451 cestra
617 3386 831 3451 Romanorum
853 3387 949 3452 deleti
971 3387 1130 3473 optatissi-

171 3495 257 3537 mum
278 3473 458 3559 Ambiorigi
479 3472 669 3537 beneficium
692 3470 882 3537 obtulerunt.
1047 3479 1048 3482 ’
