2562 3966
377 271 511 337 COMM.
534 271 596 334 VH
619 271 712 336 OAP.
736 271 871 336 17-20.
1044 271 1099 336 151

145 452 314 530 mentuque
344 434 402 508 sua
429 445 463 507 in
492 443 624 508 artiores
655 442 750 507 silvas
777 442 975 525 abdiderunt,
997 465 1034 507 eo
1059 443 1103 506 ias

148 551 259 594 omnes
281 529 315 593 in
337 529 406 595 loco
429 529 513 592 edito
536 537 630 613 atque
653 537 762 613 aperto
783 529 1009 594 instruxerunt.
1033 465 1104 608 &ua

146 637 183 696 re
204 615 348 678 nuntiata
369 613 489 683 Caesar
510 612 657 678 celeriter
680 613 819 678 sarcinas
847 613 992 698 conferri,
1015 635 1104 677 arma

145 699 289 785 expediri
309 699 411 764 iussit.
782 722 785 730 ¹

213 782 263 848 192
285 782 383 849 Collis
406 793 474 849 erat
495 782 609 848 leniter
631 782 671 847 ab
694 781 801 847 infimo
824 783 963 848 acclivis.
1008 781 1104 848 Hunc

148 891 190 935 cx
218 868 362 934 omnibus
389 869 456 934 fere
482 866 625 954 partibus
652 867 743 952 palus
773 868 909 932 difficilis
932 880 1025 957 atque
1047 871 1103 932 im·

171 954 256 1018 edita
292 954 440 1020 sinebat
473 975 538 1018 non
571 952 663 1017 latior
695 952 829 1038 pedibus
866 955 1102 1040 quinquaginta.

181 1061 219 1104 oc
246 1061 281 1103 se
311 977 390 1104 colle
417 1038 600 1123 intermptis
622 1037 776 1186 (pontibus
799 1037 885 1103 Galli
906 1039 1022 1104 fiducia
1043 1038 1102 1103 loci

149 1123 353 1189 continebant
367 1125 605 1210 generatimque
645 1121 781 1186 'stributi
794 1125 827 1186 in
843 1124 986 1190 civitates
1000 1125 1105 1188 omnia

147 1208 231 1274 vada
263 1211 330 1276 eius
362 1208 488 1296 paludis
518 1229 556 1272 ac
582 1208 680 1272 saltus
710 1206 894 1273 obtinebant
922 1212 969 1273 sic
999 1211 1103 1273 animo

148 1295 265 1380 parati,
294 1303 346 1377 ut,
369 1296 397 1358 si
419 1315 488 1358 eam
502 1292 652 1377 paludem
673 1292 807 1357 Romani
827 1316 1030 1380 perrumpere
1054 1316 1103 1358 co·

148 1388 316 1462 narentur,
346 1378 537 1443 haesitantes
566 1385 746 1463 premerent
775 1401 815 1443 ex
840 1378 908 1444 loco
935 1382 1103 1466 superiore,

149 1472 199 1546 ut,
230 1465 284 1551 qui
311 1465 575 1551 propinquitatem
605 1461 666 1527 loci
693 1462 825 1546 videret,
854 1474 980 1550 paratos
1005 1485 1104 1550 prope

151 1570 252 1634 aequo
273 1549 374 1616 Marte
396 1549 438 1614 ad
460 1547 672 1612 dimicandum
691 1549 892 1631 existimaret,
915 1551 970 1634 qui
992 1571 1104 1634 mrqur·

149 1644 247 1700 tatem
270 1635 457 1699 conditionis
485 1634 687 1718 perspiceret,
710 1633 798 1696 inani
820 1632 1018 1698 simulatione
1035 1655 1105 1698 sese

152 1727 311 1784 ostentare
339 1727 551 1804 cognosceret
602 1717 808 1802 Indignantes
836 1718 951 1782 milites
974 1718 1104 1798 Caesar,

147 1804 237 1890 'quod
258 1814 461 1890 conspectum
487 1825 576 1866 suum
598 1802 704 1866 hostes
726 1803 867 1888 perferre
887 1812 1018 1889 possent
1038 1813 1105 1867 tan·

148 1888 217 1952 tulo
241 1891 341 1974 spatio
367 1890 539 1969 interiecto,
568 1898 600 1952 et
621 1889 745 1973 signum
763 1888 876 1974 proelii
898 1897 1105 1974 exposcentes

153 1971 280 2055 edocet,
314 1983 430 2060 quanto
454 1973 641 2038 detrimento
669 1983 700 2038 et
722 1983 798 2060 quot
818 1975 958 2038 virorum
979 1973 1105 2038 fortium

150 2067 254 2122 morte
282 2081 414 2124 necesse
444 2062 483 2123 sit
515 2068 659 2122 constare
691 2059 870 2142 victoriam;
902 2081 982 2146 qnos
1012 2080 1107 2144 quum

153 2146 201 2206 sio
227 2145 331 2208 animo
359 2153 485 2230 paratos
507 2142 623 2224 videat,
653 2152 688 2207 ut
709 2142 831 2207 nullum
852 2166 910 2230 pro
934 2166 991 2209 sua
1013 2143 1106 2207 laude

151 2228 328 2314 perieulum
356 2239 520 2311 recusent,
551 2249 691 2292 summae
726 2249 760 2292 se
793 2229 966 2316 iniquitatis
994 2229 1106 2293 conde-

153 2315 256 2376 mnari
278 2314 414 2395 debere,
446 2315 508 2378 nisi
534 2335 642 2378 eorum
662 2315 761 2377 vitam
783 2335 841 2376 sua
863 2313 963 2378 salute
992 2313 1107 2378 habeat

152 2400 316 2463 ¹cariorem.
360 2399 413 2464 Sic
434 2399 549 2463 milites
577 2396 755 2462 consolatus
777 2399 889 2463 eodem
911 2399 963 2464 die
983 2398 1107 2464 reducit

153 2485 188 2546 in
216 2493 319 2548 castra
343 2483 544 2632 reliquaque,
579 2505 659 2568 quae
688 2482 730 2547 ad
751 2484 1015 2568 oppugnationem
1037 2505 1107 2570 per-

153 2567 297 2634 tinebant
319 2569 434 2655 oppidr,
457 2591 477 2632 a
498 2569 674 2636 ministrare
695 2569 837 2632 instituit.

219 2654 270 2717 20.
292 2653 543 2739 Vercingetorix,
564 2675 662 2802 quum
681 2652 723 2716 ad
745 2674 818 2718 suos
838 2653 982 2735 redisset,
1005 2653 1107 2738 prodi-

153 2740 249 2805 tionis
269 2738 478 2821 insimulatus,
501 2759 563 2824 quo
600 2747 703 2801 castra
724 2739 853 2824 propius
864 2738 1021 2803 Romanos
1043 2761 1107 2803 mo-

153 2826 267 2905 visset,
298 2823 383 2910 quod
410 2846 482 2888 cum
508 2824 593 2886 omni
622 2823 762 2909 equitatu
791 2823 996 2905 discessisset,
1024 2823 1107 2909 quod

156 2911 224 2973 sine
255 2909 388 2994 imperio
422 2918 526 2973 tantas
562 2909 669 2992 copias
696 2907 889 2993 reliquisset,
923 2908 1008 2994 quod
1040 2909 1105 2972 eius

156 2993 299 3058 discessu
332 2993 466 3060 Romani
498 3002 586 3057 tanta
619 2995 850 3078 opportunitate
886 3004 917 3057 et
949 2992 1108 3057 celeritate

155 3081 334 3143 venissent:
356 3101 421 3144 non
441 3077 642 3143 haecomnia
663 3078 789 3141 fortuito
810 3087 866 3142 aut
887 3081 956 3142 sine
977 3076 1108 3142 consilio

156 3162 300 3228 accidere
321 3164 478 3250 potuiss03
500 3183 633 3249 regnum
654 3159 743 3225 illum
765 3161 888 3228 Galliae
913 3161 1007 3226 malle
1030 3161 1108 3226 an-

73 3296 75 3300 .
156 3249 237 3312 saris
267 3269 420 3312 concessu
449 3270 543 3335 quam
577 3249 717 3333 ipsorum
743 3245 863 3311 habere
891 3247 1045 3312 beneficio
1066 3283 1109 3294 -·-

155 3331 212 3398 tali
232 3333 326 3398 modo
349 3343 513 3398 accusatus
535 3331 576 3397 ad
597 3332 676 3396 haec
693 3331 873 3417 respondit:
896 3331 991 3411 Quod
1005 3341 1109 3398 castra

155 3418 320 3500 movisset,
349 3418 466 3482 lactum
491 3416 598 3502 inopia
624 3415 733 3502 pabuli
760 3418 853 3480 etiam
880 3418 958 3502 ipsis
983 3417 1108 3482 hortan-

153 3502 254 3586 tibus3
277 3501 362 3588 quod
378 3504 506 3589 propius
528 3503 686 3567 Romanos
708 3502 903 3585 accessisset,
925 3523 1108 3588 persuasum
