2490 3974
213 256 274 320 190
522 257 653 322 BELLI
674 256 864 323 AFRIOAE

209 423 303 492 beret
324 449 385 493 nec
406 451 527 494 moram
548 429 781 514 tergiversatio.
804 428 879 514 Ipse
893 429 1018 493 interea
1040 449 1086 492 ex
1114 451 1197 514 per·

151 525 154 534 ’
209 513 293 598 fuffl's
323 514 495 579 etincolis
525 515 660 600 cognitis
689 514 922 580 conditionibus
956 513 1126 600 Scipionis
1161 523 1195 579 et

233 600 267 662 ui
302 620 375 664 cum
412 622 449 664 eo
481 598 602 665 bellum
635 608 746 666 contra
777 622 812 664 se
845 599 1000 684 gerebant
1031 601 1194 664 miserari

211 621 349 770 dregium
371 687 456 750 enim
484 686 659 771 equitatum
685 683 791 770 Scipio
818 707 860 748 ex
880 685 1046 770 provincia
1067 684 1193 749 Africa

211 767 332 856 alebat)
355 780 443 834 tanta
464 769 607 836 homines
622 791 694 834 esse
716 769 885 851 dementia„
907 779 943 834 ut
963 769 1078 833 malint
1094 771 1189 856 regis

212 876 283 920 esse
305 855 488 940 vectigales,
511 877 608 942 quam
635 877 708 920 cum
729 855 851 920 civibus
874 857 908 919 in
929 856 1032 940 patria
1054 856 1091 918 in
1119 856 1190 919 suis

211 938 346 1004 fortunis
369 962 440 1004 esse
461 940 645 1005 incolumes.

277 1024 307 1088 9.
331 1023 451 1090 Caesar
473 1049 502 1090 a.
525 1025 555 1090 d
578 1034 615 1088 111
635 1025 716 1090 Non.
732 1025 801 1090 Ian.
817 1037 923 1090 castra
943 1034 1066 1105 movet3
1081 1024 1188 1111 Lepti

213 1130 272 1176 sex
301 1110 476 1176 cohortium
505 1111 663 1196 praesidio
696 1132 768 1175 cum
795 1110 936 1176 Saserna
963 1109 1076 1174 relicto
1114 1113 1189 1196 ipse

212 1217 332 1278 rursus,
354 1195 439 1260 unde
461 1197 563 1282 pridie
584 1205 726 1278 venerat,
756 1196 930 1281 Ruspinam
953 1217 1025 1260 cum
1045 1194 1189 1282 reliquis

214 1281 313 1365 copiis
336 1285 493 1347 convertit
514 1282 622 1368 ibique
644 1283 777 1345 sarcinis
794 1283 951 1346 exercitus
973 1280 1095 1346 relictis
1113 1284 1126 1347 i
1152 1303 1169 1344 s

214 1386 287 1430 curn
317 1367 467 1451 expedita
495 1389 590 1431 manu
618 1365 829 1452 proficiscitur
858 1369 977 1432 circum
997 1365 1092 1431 villas
1119 1303 1188 1430 du·

214 1459 387 1514 mentatum
409 1452 638 1539 oppidanisque
660 1453 805 1538 imperat,
827 1461 863 1516 ut
883 1451 1005 1538 plostra
1025 1454 1188 1515 iumenta·

215 1557 278 1620 que
300 1537 405 1601 omnia
427 1547 607 1625 sequantur.
623 1536 736 1624 Itaque
755 1559 871 1623 magno
885 1559 1016 1602 numero
1029 1535 1188 1600 frumenti

215 1621 344 1685 invento
373 1622 547 1709 Ruspinam
575 1623 666 1688 redit.
700 1623 774 1687 Huc
796 1645 869 1688 eum
890 1622 1009 1687 idcirco
1031 1622 1185 1686 existimo

215 1708 384 1791 recepisse,
406 1717 441 1772 ut
462 1709 620 1774 maritima
647 1708 764 1794 oppida
815 1716 865 1772 ost
885 1729 921 1772 se
942 1729 983 1772 ne
1004 1727 1115 1770 vacua
1136 1729 1185 1770 re

216 1789 374 1890 linqueret
388 1795 610 1880 praesidioque
625 1795 751 1858 firmata
766 1731 813 1857 al
829 1793 957 1858 classim
978 1790 1186 1879 receptacula

217 1887 364 1941 mumret

282 1962 332 2025 10.
366 1962 478 2049 Itaque
504 1963 550 2028 ibi
578 1964 690 2030 relicto
718 1964 755 2027 P.
786 1963 935 2040 Saserna,
969 1963 1068 2028 fratre
1103 1965 1183 2044 eius,

218 2067 313 2132 quem
326 2047 431 2133 Lepti,
453 2051 598 2135 proximo
621 2051 747 2136 oppido,
762 2047 943 2136 reliquerat,
967 2070 1039 2113 cum
1055 2047 1184 2132 legione

216 2130 305 2196 iubet
333 2137 524 2219 comportari
552 2135 640 2220 ligna
667 2141 701 2200 in
728 2135 879 2222 oppidum
908 2157 1003 2221 quarn
1028 2133 1183 2218 plurima;

216 2217 286 2301 ipse
309 2238 381 2281 cum
403 2219 585 2287 cohortibus
615 2229 674 2303 Vll,
703 2243 784 2307 quae
806 2243 848 2286 ex
868 2221 1027 2285 veteranis
1048 2218 1183 2302 legioni-

217 2299 278 2365 bus
299 2303 333 2366 in
356 2303 457 2368 classe
478 2327 549 2370 cum
571 2305 712 2392 Sulpicio
727 2316 759 2372 et
780 2307 908 2370 Vatinio
922 2312 1183 2455 remaffesserant,

218 2409 260 2451 ex
282 2388 398 2474 oppido
419 2390 561 2477 Ruspina
583 2414 729 2476 egressus
751 2391 961 2478 proficiscitur
1044 2397 1183 2474 portum,

218 2473 273 2557 qui
294 2472 385 2539 abest
406 2474 446 2538 ab
470 2477 583 2562 oppido
598 2475 687 2541 milia
706 2499 857 2564 passuum
879 2476 950 2559 duo,
977 2476 1087 2624 ibique
1103 2473 1183 2537 clas-

220 2578 288 2622 sem
302 2557 361 2624 sub
376 2582 546 2646 vesperum
568 2584 640 2627 cum
655 2585 693 2626 ea
708 2563 800 2649 copia
814 2562 1007 2627 conscendit.
1054 2559 1182 2624 mnibus

218 2644 253 2706 in
275 2646 417 2708 exercitu
437 2647 546 2711 insciis
569 2657 601 2712 et
628 2647 864 2734 requirentibus
885 2645 1085 2734 imperatoris
1108 2667 1181 2710 con·

220 2726 324 2794 silium
357 2753 472 2815 magno
505 2741 592 2798 metu
624 2755 662 2797 ac
694 2735 884 2798 tristimonia
920 2730 1179 2797 sollicitabantur.

220 2813 324 2880 Parva
353 2818 437 2880 enim
467 2839 538 2881 cum
567 2819 660 2904 copia
689 2828 721 2884 et
750 2841 790 2884 ea
810 2821 948 2884 tironum
970 2839 1074 2903 neque
1096 2817 1180 2880 omni

221 2902 365 2986 exposita
385 2903 420 2964 in
441 2901 550 2968 Africa
564 2915 675 2969 contra
688 2926 820 2990 magnas
836 2905 944 2990 copias
959 2913 991 2968 et
1012 2900 1180 2966 insidiosae

220 2985 356 3050 nationis
390 2988 624 3075 equitatumme
655 2988 920 3054 innumerabilem
953 3011 987 3053 se
1020 2989 1179 3073 expositos

221 3070 372 3136 videbant
393 3093 497 3158 neque
520 3077 688 3161 quicquam
704 3076 808 3143 solatii
830 3077 863 3138 in
884 3074 1066 3160 praesentia
1079 3094 1180 3160 neque

221 3155 375 3222 auxilium
396 3158 430 3220 in
445 3181 574 3224 suorum
590 3160 721 3225 consilio
737 3162 877 3226 animum
892 3160 1100 3224 advertebant
1119 3160 1181 3222 nisi

221 3244 254 3306 in
275 3243 375 3327 ipsius
396 3243 595 3329 imperatoris
624 3245 723 3329 vultu,
752 3248 863 3331 vigore
884 3243 1083 3331 mirabilique
1103 3243 1180 3307 bila·

221 3329 332 3393 ritate:
363 3328 502 3393 animum
525 3331 610 3394 enim
639 3331 737 3395 altum
760 3341 791 3396 et
813 3341 953 3396 erectum
973 3352 1051 3416 prae
1073 3351 1106 3393 se
1129 3352 1180 3413 ge·
1218 3361 1219 3380 .

222 3410 322 3477 rebat.
345 3414 429 3478 Huic
444 3415 689 3501 acquiescebant
703 3416 847 3482 homines
870 3419 948 3482 etin
970 3419 1037 3480 eius
1053 3416 1182 3480 scientia

224 3506 256 3560 et
277 3499 407 3564 consilio
431 3503 535 3565 omnia
557 3501 617 3565 sibi
631 3501 788 3587 proclivia
803 3499 1180 3587 omnesforesperabant.
