2538 3978
186 236 229 301 84
473 235 534 302 DE
556 237 699 305 BELLO
723 239 856 306 CIVILI
904 257 906 264 ·

188 423 417 498 quemcumque
440 411 470 475 ei
490 418 616 475 iortuna
637 411 808 476 tribuisset.
831 411 902 475 Hoc
923 409 1008 476 idem
1029 409 1150 499 reliqui

188 500 290 560 iurant
311 496 422 582 legati3
444 496 562 560 tribuni
577 497 710 562 militum
726 498 987 646 centurionesque
1008 519 1149 582 sequun-

187 592 247 663 tur,
271 591 365 669 atque
387 581 472 646 idem
494 585 595 646 omnis
619 583 777 647 exercitus
799 584 890 646 iurat.
943 605 1036 646 aesar
1050 605 1149 669 prae·

188 677 339 756 occupato
367 668 480 732 itinere
502 667 542 730 ad
563 668 799 756 Dyrrhachium
821 670 916 732 finem
948 669 1146 754 properandi

187 753 263 817 facit
285 763 448 838 castraque
471 753 510 815 ad
544 753 661 817 flumen
694 754 816 839 Apsum
849 755 936 840 ponit
965 757 998 816 in
1026 753 1146 818 finibus

189 837 444 923 Apolloniatium,
478 847 512 902 ut
534 839 673 903 castellis
696 838 879 925 vigiliisque
900 839 982 904 bene
1009 840 1147 904 meritae

190 925 331 988 civitates
352 933 440 987 tutae
462 935 577 1006 essent,
614 925 721 1009 ibique
754 923 947 1010 reliquarum
981 947 1023 987 ex
1050 924 1151 988 Italia

189 1009 348 1093 legionum
370 1009 540 1073 adventum
562 1033 618 1073 exs
642 1022 747 1074 ectare
771 1021 802 1072 et
824 1011 882 1073 sub
937 1009 1049 1073 ellibus
1077 1009 1149 1073 his·

189 1116 278 1158 mare
302 1097 469 1159 constituit.
502 1093 572 1159 Hoc
601 1033 684 1159 ilem
707 1096 874 1180 Pompeius
904 1033 979 1158 llicit
1001 1107 1032 1158 et
1054 1105 1148 1158 trans

190 1178 307 1244 flumen
328 1180 451 1265 Apsum
472 1183 583 1265 positis
606 1183 718 1244 castris
742 1203 779 1244 eo
803 1183 910 1266 copias
926 1203 1035 1244 omnes
1057 1181 1149 1246 auxi-

191 1264 295 1350 liaque
318 1265 476 1329 conduxit.

256 1352 304 1414 14.
328 1348 464 1415 Calenus
487 1350 662 1436 legionibus
686 1353 904 1438 equitibusque
927 1351 1088 1416 Bnmdisii
1109 1353 1142 1416 in

190 1458 288 1500 naves
310 1436 472 1521 impositis,
496 1447 530 1498 ut
552 1437 1024 1523 eratpraeceptumaCaesare‚
1048 1459 1148 1522 quan-

190 1531 256 1584 tum
278 1523 407 1584 navium
428 1521 608 1585 facultatem
635 1523 782 1604 habebat,
819 1545 918 1587 naves
948 1523 1043 1586 solvit
1068 1545 1147 1608 pau-

192 1606 318 1693 lumque
342 1629 360 1670 a
381 1616 473 1692 portu
493 1630 680 1692 progressus
714 1607 834 1673 litteras
857 1633 876 1673 a
898 1607 1037 1673 Caesare
1064 1609 1145 1672 acci-
1258 1625 1259 1630 ’

190 1694 250 1784 pit,
291 1692 385 1756 uibus
408 1701 456 1756 est
477 1696 591 1757 certior
611 1694 711 1757 saeuis
733 1705 843 1781 portus
864 1694 1019 1778 litoraque
1042 1695 1148 1757 omnia

191 1777 287 1842 classi
309 1800 346 1841 us
369 1776 623 1843 adversariorum
644 1781 755 1856 teneri.
791 1779 862 1858 Quo
896 1801 932 1843 co
989 1789 1021 1843 tc
1050 1801 1085 1844 se
1111 1781 1145 1844 in

978 1803 989 1842 ι

191 1873 315 1948 portum
337 1865 449 1948 recipit
470 1885 632 1949 navesque
648 1886 756 1929 omnes
779 1875 918 1928 revocat.
934 1803 1015 1929 ilua
1030 1886 1071 1928 ex
1084 1865 1146 1947 his,

192 1971 273 2035 quae
295 1951 513 2034 perseveravit
541 1971 645 2035 neque
675 1952 807 2034 imperio
837 1949 950 2016 Caleni
985 1950 1146 2036 obtempe-

191 2038 282 2112 ravit,
317 2035 401 2122 quod
433 2044 501 2099 erat
533 2036 601 2098 sine
633 2035 784 2099 militibus
806 2037 992 2122 privatoque
1014 2035 1146 2101 consilio

193 2120 480 2202 administrabatur,
510 2119 615 2184 delata
644 2120 776 2184 Oricum
798 2132 892 2206 atque
915 2143 934 2185 a
954 2121 1071 2187 Bibulo
1093 2145 1146 2186 ex·

192 2215 333 2291 pugnata
354 2216 416 2288 est;
450 2207 504 2292 qui
533 2206 572 2270 de
602 2208 702 2270 servis
732 2207 903 2292 liberisque
936 2207 1082 2272 omnibus
1105 2208 1145 2272 ad

192 2289 371 2375 impuberes
405 2291 591 2376 supplicium
625 2294 718 2355 sumit
741 2303 772 2356 et
795 2293 835 2356 ad
863 2314 961 2355 unum
988 2293 1146 2357 interficit

193 2376 244 2440 Ita
266 2378 380 2460 exiguo
401 2385 543 2462 tempore
564 2399 743 2464 magnoque
766 2393 853 2442 casu*
869 2379 965 2442 totius
988 2380 1146 2443 exercitus

194 2460 279 2524 salus
301 2463 447 2526 constitit.
723 2482 725 2488 ·

260 2547 308 2610 15.
331 2547 473 2629 Bibulus,
497 2559 531 2611 ut
543 2569 639 2632 supra
653 2547 900 2612 demonstratum
913 2558 969 2630 est,
992 2559 1061 2613 erat
1075 2571 1143 2612 cum
1256 2573 1257 2580 ¹

195 2631 296 2698 classe
320 2632 361 2695 ad
382 2633 511 2697 Oricum
534 2644 573 2714 et,
608 2636 701 2697 sicuti
733 2637 813 2698 mari
833 2634 1044 2720 portibusque
1068 2633 1144 2698 an-

195 2739 297 2782 sarem
319 2717 515 2802 prohibebat,
546 2722 592 2783 ita
613 2720 681 2802 ipse
704 2721 789 2783 omni
809 2730 894 2784 terra
917 2741 1025 2783 earum
1045 2719 1145 2804 regio·

194 2826 269 2866 num
292 2802 532 2888 prohibebatur:
566 2803 732 2888 praesidiis
756 2807 839 2868 enim
862 2805 1021 2889 dispositis
1044 2808 1148 2869 omnia

89 2908 91 2920 ¹
194 2888 288 2954 litora
310 2911 329 2951 a
350 2887 487 2952 Caesare
515 2888 715 2972 tenebantur,
748 2913 852 2977 neque
880 2890 1021 2975 lignandi
1053 2900 1146 2976 atque
1255 2933 1256 2938 κ

195 2973 332 3059 aquandi
363 2995 466 3059 neque
495 2997 592 3039 naves
615 2975 655 3038 ad
676 2985 793 3039 terram
822 2975 979 3060 religandi
1007 2984 1147 3060 potestas

195 3058 300 3124 fiebat.
333 3057 413 3122 Erat
443 3061 555 3123 resin
577 3081 693 3146 magna
729 3061 919 3142 difficultate,
954 3062 1146 3209 summisque

195 3145 349 3229 angustiis
382 3167 489 3210 rerum
521 3148 771 3210 necessariarum
803 3146 1037 3232 premebantur,
1068 3169 1088 3210 a
1111 3169 1146 3210 eo

195 3239 230 3292 ut
252 3238 438 3315 cogerentur
467 3233 558 3295 sicuti
586 3230 743 3318 reliquum
765 3241 973 3296 commeatum
995 3233 1040 3295 ita
1061 3231 1148 3318 ligna

196 3325 290 3401 atque
314 3337 428 3400 aquam
450 3316 592 3402 Corcyra
612 3317 748 3380 navibus
778 3318 929 3382 onerariis
953 3317 1147 3403 supportare,

197 3410 291 3486 atque
320 3403 414 3464 etiam
442 3424 505 3466 uno
533 3411 676 3487 tempore
706 3403 828 3484 accidit,
855 3411 891 3467 ut
919 3401 1148 3478 difficilioribus
1253 3477 1254 3496 χ

196 3485 247 3548 usi
269 3487 505 3572 tempestatibus
533 3507 575 3551 ex
599 3487 751 3574 pellibus,
787 3488 901 3576 quibus
931 3500 1020 3552 erant
1046 3498 1149 3554 tectae
