2532 3968
362 260 497 328 OOMM.
520 263 598 327 VIII
621 261 714 328 OAP.
738 263 873 328 38-42,
1032 266 1092 330 211

138 459 172 502 se
193 437 336 524 recipere
357 444 488 522 possent
509 459 652 502 ascensu.
698 438 769 518 Qua
784 437 967 512 difficultate
985 461 1093 504 eorum
1156 419 1162 436 ’

137 523 263 608 cognita
285 521 404 586 Caesar
432 543 468 586 aa
490 524 601 586 ittariis
630 523 902 610 funditoribusque
925 524 1093 610 dispositis,
1153 541 1155 544 ·

136 609 299 675 tormentis
315 609 410 674 etiam
426 546 614 694 quibusdam
635 609 713 673 locis
736 619 847 673 contra
860 609 1025 673 tacillimcs
1042 611 1094 676 de-

136 717 266 760 scensus
283 693 442 758 collocatis
457 717 540 781 aqua
554 695 693 759 fluminis
704 695 894 782 prohibebat
909 695 1093 781 oppidanos.

198 781 250 844 41.
274 781 417 861 Quorum
446 782 547 845 omnis
574 791 686 930 postea
713 781 879 845 multitudo
907 790 1094 882 aquatorum

36 888 38 898 ·
135 890 233 931 unum
254 868 287 929 in
302 866 408 930 locum
423 867 575 930 convenis
600 875 632 930 at
647 867 705 932 sub
721 869 820 954 ipsius
837 868 943 953 oppidi
958 891 1093 951 murum,

135 953 190 1018 ubi
212 975 345 1038 magnus
377 952 447 1016 fons
475 975 577 1040 aquae
604 952 830 1039 prorumpebat
857 953 897 1016 ab
928 976 966 1018 ea
992 961 1093 1040 parte,

137 1061 217 1125 quae
248 1039 316 1102 fere
369 1038 462 1102 edum
492 1043 557 1101 CCC
586 1039 753 1104 intervallo
788 1039 927 1103 fluminis
962 1041 1093 1104 circuitu

135 1124 279 1190 vacabat.
323 1061 394 1189 ribo
415 1125 501 1206 fonte
511 1123 685 1210 prohiberi
699 1147 794 1211 posse
810 1125 984 1211 oppidanos
997 1149 1093 1212 quum

135 1219 280 1298 optarent
292 1210 417 1298 reliqui,
442 1209 562 1274 caesar
583 1233 664 1274 unus
687 1212 823 1294 videret,
848 1213 1009 1296 eregione
1026 1213 1093 1276 eius

134 1299 244 1362 vineas
266 1319 360 1382 agere
383 1296 536 1362 adversus
558 1307 698 1362 montem
720 1306 752 1362 et
773 1320 922 1382 aggerem
937 1299 1093 1365 instruere

136 1384 240 1469 coepit
271 1405 386 1468 magno
415 1405 487 1447 cum
515 1382 623 1447 labore
652 1393 683 1448 et
712 1385 860 1448 continua
882 1383 1092 1448 dimicatione.

135 1466 297 1556 Oppidani
319 1469 403 1532 enim
425 1467 495 1533 loco
518 1471 681 1554 superiore
715 1469 885 1534 decurrunt
915 1477 946 1534 et
969 1471 1093 1534 eminus

134 1557 203 1620 sine
224 1553 364 1641 periculo
387 1554 581 1640 proeliantur
602 1554 779 1643 multosque
801 1556 1004 1642 pertinaciter
1025 1578 1093 1620 suc·

134 1640 283 1705 cedentes
304 1639 489 1724 vulnerant3
518 1663 583 1706 non
611 1641 809 1706 deterrentur
838 1651 945 1706 tamen
973 1641 1090 1706 milites

132 1727 234 1792 nostri
254 1728 364 1791 vineas
385 1727 528 1813 proferre
559 1735 590 1792 et
611 1727 720 1793 labore
750 1737 845 1814 atque
875 1727 1022 1813 operibus
1045 1727 1094 1804 lo:

132 1834 244 1882 corum,
262 1814 390 1876 vincere
406 1812 613 1878 difficultates.
635 1813 757 1878 Eodem
774 1823 915 1899 tempore
931 1813 1093 1878 cuniculos
1168 1873 1174 1888 ,

131 1908 231 1964 tectos
255 1897 295 1962 ab
317 1899 419 1963 vineis
442 1908 539 1984 agunt
561 1899 602 1963 ad
624 1909 719 1986 caput
740 1900 850 1983 fontis3
879 1900 963 1986 quod
992 1921 1092 1984 genus

133 1986 236 2072 operis
259 1985 328 2048 sine
360 1983 425 2050 ullo
454 1985 612 2072 perleulo,
644 1988 712 2052 sine
742 1987 922 2072 suspicione
954 1985 1093 2050 hostiurn

131 2071 238 2136 faeere
260 2069 385 2135 licebat.
408 2069 591 2136 Exstruitur
605 2095 703 2158 agger
717 2073 750 2136 in
766 2071 964 2136 altitudinem
974 2071 1092 2158 pedum

132 2157 306 2242 sexaginta,
330 2154 503 2222 collocatur
524 2159 557 2221 in
580 2180 617 2224 eo
633 2159 728 2223 turris
745 2159 855 2222 decem
869 2157 1091 2242 tabulatorum,

132 2265 196 2308 non
219 2242 345 2330 quidem
367 2265 448 2328 quae
470 2243 635 2308 moenibus
658 2254 808 2331 aequaret
831 2244 877 2331 (id
897 2245 981 2308 enim
995 2242 1092 2309 nullis

132 2328 280 2414 operibus
303 2329 386 2393 effici
407 2329 555 2417 poterat),
579 2330 637 2394 sed
659 2353 739 2418 quae
762 2351 911 2416 superare
933 2330 1028 2394 fontis
1047 2329 1091 2394 fa·

133 2414 260 2500 stigium
281 2423 398 2500 posset.
424 2415 476 2479 Ex
499 2437 537 2480 ea
560 2431 656 2503 quum
678 2415 743 2481 tela
763 2417 1091 2482 tormentis-iaceren-

132 2509 183 2564 tur
205 2500 246 2564 ad
259 2501 354 2565 fontis
370 2501 499 2585 aditum,
521 2524 581 2566 nec
594 2503 662 2568 sine
680 2503 822 2589 periculo
836 2511 966 2589 possent
981 2501 1091 2588 aquari

132 2585 290 2672 oppidani,
306 2608 370 2650 non
385 2596 507 2654 tantum
521 2611 638 2674 pecora
652 2598 746 2675 atque
760 2590 908 2672 iumenta,
926 2587 982 2653 sed
997 2589 1091 2654 etiam

131 2695 248 2756 magna
269 2673 407 2736 hostium
429 2673 595 2739 multitudo
618 2675 670 2738 siti
692 2673 946 2739 consumebatur.
1102 2732 1106 2753 ,

195 2758 247 2822 42.
278 2755 348 2838 Quo
375 2759 458 2823 malo
495 2761 656 2846 perterriti
690 2760 840 2847 opidani
875 2783 972 2847 cupas
1004 2781 1089 2842 sevo,

131 2847 211 2931 pice,
235 2839 394 2908 scandulis
417 2845 589 2931 complent3
612 2869 666 2910 eas
690 2784 836 2911 ardentes
858 2847 891 2910 in
907 2868 1090 2932 operapro-

131 2930 264 2996 volvunt
286 2929 461 3016 eodemque
482 2941 623 3018 tempore
646 2933 798 2996 acerrime
819 2932 1030 3018 proeliantur,
1053 2941 1089 2994 ut

131 3017 172 3081 ab
204 3015 351 3098 incendio
383 3017 609 3101 restinguendo
633 3017 841 3084 dimicationis
870 3017 1010 3104 periculo
1037 3015 1089 3094 de·

130 3111 270 3168 terreant
290 3101 459 3167 Romanos.
486 3103 605 3188 Magna
633 3112 762 3190 repente
784 3106 818 3168 in
840 3104 916 3192 ipsis
939 3101 1088 3190 operibus

131 3189 259 3253 flamma
281 3189 412 3252 exstitit.
436 3186 663 3276 Quaecumque
686 3191 770 3254 enim
791 3213 849 3276 per
871 3189 975 3255 locum
996 3209 1087 3274 prae·

131 3276 258 3360 cipitem
278 3275 378 3337 missa
400 3284 500 3358 erant,
537 3299 575 3340 ea
596 3275 697 3340 vineis
727 3285 758 3342 et
780 3297 896 3362 aggere
918 3296 1089 3362 suppressa

130 3359 439 3446 comprehendebant
460 3360 494 3424 id
515 3364 629 3447 ipsum,
652 3361 737 3448 quod
757 3360 949 3426 morabatur.
971 3359 1088 3424 Milites

130 3457 240 3511 contra
260 3447 373 3529 nostri,
408 3455 598 3536 quamquam
624 3445 801 3535 periculoso
831 3469 948 3534 genere
976 3445 1089 3533 proelii

128 3531 261 3619 locoque
282 3531 391 3619 iniquo
412 3533 649 3618 premebantur,
671 3543 777 3600 tamen
800 3534 905 3682 oppia
918 3534 1088 3598 fortissimo
