2490 3974
438 253 735 322 onsurae-at.
766 351 768 356 Ι
881 282 883 287 -
999 257 1061 320 aaa

170 425 222 490 26.
243 423 366 490 Caesar
388 425 428 489 ob
451 427 601 490 virtutem
623 437 746 492 turmae
770 427 942 490 Cassianae
965 425 1060 489 dona-

94 513 149 576 vit
174 510 262 574 milia
283 517 345 572 xln
369 519 400 574 et
422 511 580 596 praefecto
610 520 737 598 torques
761 534 874 576 aureos
898 521 922 569 V
946 522 977 574 et
999 511 1062 574 levi

97 605 286 660 armaturae
307 594 395 661 milia
416 601 477 658 xn.
501 596 572 661 Hoc
594 597 645 660 die
666 599 706 660 A.
729 596 868 662 Baebius
885 607 916 660 et
932 595 967 660 Ο.
989 596 1061 660 Fla·

98 683 178 744 vius
202 691 233 744 et
254 681 293 744 A.
310 679 500 763 Trebellius,
525 683 645 767 equites
668 681 803 746 Romani
824 681 989 763 Astenses,
1014 703 1060 745 ar·

98 775 201 850 gente
224 789 324 852 prope
346 767 421 830 tecti
443 767 532 851 equis
555 766 596 830 ad
619 765 789 831 Caesarem
811 767 1060 850 transfugerunt,

98 851 160 936 qui
183 853 409 916 nuntiaverunt
432 852 553 936 equites
569 851 726 926 Romanos
744 855 925 916 coniurasse
942 873 1060 931 omnes3

101 937 219 1020 quiin
242 937 354 1000 castris
376 936 509 1022 Pompei
532 947 647 1019 esseut,
676 947 711 1000 ut
731 939 950 1003 transitionem
980 937 1061 998 iace·

99 1029 195 1084 rent:
224 1023 308 1085 servi
329 1021 445 1085 indicio
476 1043 583 1085 omnes
605 1024 638 1084 in
667 1022 841 1086 custodiam
864 1045 934 1086 esse
958 1023 1060 1086 conie-

102 1113 184 1188 ctos,
209 1129 226 1171 e
250 1105 362 1191 quibus
386 1108 551 1172 occasione
574 1115 665 1192 capta
687 1129 721 1172 se
743 1107 958 1191 transfugisse.
982 1106 1061 1168 Item

101 1189 167 1253 hoc
190 1191 241 1254 die
263 1191 385 1254 litterae
408 1203 480 1257 sunt
502 1191 541 1254 de
563 1214 684 1272 rensae,
701 1213 779 1279 quas
801 1192 945 1255 mittebat
965 1191 1062 1255 Ursa-

102 1297 200 1339 onem
231 1275 288 1340 Cn.
315 1277 500 1362 Pompeius:
531 1215 562 1340 Sp.
591 1277 629 1340 V.
660 1277 699 1340 G.
727 1275 764 1339 E.
795 1277 833 1340 V.
863 1277 941 1357 Etsi,
969 1284 1062 1360 prout

101 1369 215 1424 nostra
235 1361 376 1443 felicitas,
401 1383 442 1425 ex
464 1364 618 1425 sententia
645 1362 843 1446 adversarios
866 1362 968 1429 adhuc
991 1382 1062 1446 pro-

102 1443 214 1528 pulsos
245 1494 251 1508 .
284 1493 291 1508 .
322 1493 361 1509 ..
393 1494 431 1512 ..
462 1449 516 1534 qui
542 1449 569 1510 si
591 1469 690 1532 aequo
713 1448 782 1511 loco
806 1449 854 1511 sui
875 1457 1062 1533 potestatem

38 1574 40 1579 ·
103 1528 258 1613 facerent,
289 1530 432 1614 celerius,
464 1555 556 1620 quam
571 1541 679 1596 vestra
706 1533 811 1616 opinio
843 1534 912 1614 fert,
943 1531 1062 1617 bellum

105 1615 322 1679 confecissem.
353 1615 417 1680 Sed
444 1619 618 1682 exercitum
647 1618 780 1682 tironem
807 1642 870 1683 uon
893 1619 1008 1682 audent
1029 1619 1063 1679 in

49 1763 50 1767 ,
105 1721 253 1786 campum
283 1701 438 1766 deducere
465 1705 641 1787 nostrisque
674 1706 777 1768 adhuc
809 1704 865 1768 fixi
897 1703 1061 1788 praesidiis
1089 1754 1092 1758 .

104 1783 224 1848 bellum
249 1787 374 1850 ducunt.
404 1788 484 1852 Nam
515 1789 654 1874 singulas
683 1793 824 1856 civitates
854 1788 1062 1853 circumsede-

105 1879 196 1934 runt:
219 1872 292 1934 iude
308 1870 369 1934 sibi
384 1883 575 1936 commeatus
591 1876 728 1960 capiunt.
753 1875 857 1952 Quare
874 1889 902 1938 et
919 1875 1061 1937 civitates

106 1965 282 2019 nostrarum
305 1959 441 2042 partium
462 1960 656 2024 conservabo
679 1971 710 2024 et
731 1959 848 2039 bellum
871 1961 971 2044 primo
988 1980 1062 2044 quo·¹

108 2061 168 2123 que
190 2049 330 2126 tempore
353 2044 525 2107 conficiam.
550 2043 701 2110 Cohortes
724 2048 757 2110 in
780 2047 883 2108 animo
905 2043 1006 2108 habeo
1022 2041 1063 2106 ad

108 2145 165 2188 vos
193 2129 326 2191 mittere.
356 2127 500 2193 Profecto
530 2140 636 2194 nostro
666 2141 841 2195 commeatu
869 2130 987 2214 privati
1007 2150 1062 2192 ne·

110 2213 243 2276 cessario
267 2212 307 2276 ad
330 2213 543 2277 dimicandum
566 2215 767 2279 descendent.
822 2237 825 2244 ·
1019 2239 1021 2242 ·

171 2297 221 2360 27.
244 2297 426 2384 Insequenti
461 2309 601 2384 tempore
655 2322 729 2363 uum
762 2305 861 2363 nostri
896 2301 929 2362 iu
966 2320 1060 2384 opere

105 2379 235 2470 distenti
262 2394 383 2464 essent,
415 2387 543 2468 equites.
569 2386 602 2448 in
624 2324 749 2466 ediveto,
784 2384 858 2448 dum
890 2384 1059 2469 lignantnr,

110 2467 261 2532 interiecti
284 2478 356 2533 sunt
378 2468 505 2554 aliquot.
533 2469 625 2534 Servi
640 2471 885 2554 transfugerunt,
930 2471 962 2532 ui
983 2492 1061 2532 nun·

111 2551 273 2635 flaverunt,
297 2576 324 2616 a.
348 2554 378 2618 d.
403 2561 438 2616 ΙΙΙ
461 2555 542 2619 Non.
566 2554 659 2618 Mart.
682 2556 836 2642 proelium
859 2556 899 2618 ad
946 2557 1062 2619 ericam

113 2638 191 2721 quod
212 2639 330 2703 factum
345 2647 400 2717 est,
418 2661 457 2702 ex
474 2662 510 2704 eo
525 2649 667 2726 tempore
683 2651 799 2704 metum
815 2663 885 2704 esse
900 2661 1059 2724 magnum,

109 2729 142 2785 'et
161 2722 278 2786 Attium
301 2723 421 2788 Varum
445 2726 562 2788 circum
586 2725 716 2790 castella
767 2747 902 2790 raeesse.
940 2725 989 2788 Eo
1011 2724 1061 2786 die

113 2805 277 2892 Pompeius
301 2820 408 2874 castra
429 2813 529 2875 movit
549 2821 580 2874 et
602 2820 711 2875 contra
726 2749 883 2896 iiispaiim
898 2811 931 2872 in
947 2809 1060 2872 oliveto

114 2893 275 2956 constituit.
309 2895 429 2960 Caesar
457 2898 641 2981 priusquam
672 2897 783 2960 eodem
813 2905 861 2958 est
889 2895 1059 2979 profectus,

9 3041 10 3046 ,
109 2976 182 3039 'iuna
209 2978 288 3042 hora
316 2981 441 3044 circiter
471 2990 561 3044 sexta
589 2983 658 3045 visa
686 2992 742 3044 est.
765 2981 814 3044 Ita
837 2981 945 3042 eastris
969 2980 1060 3042 motis

9 3145 11 3160 ‚
114 3059 242 3126 Ucubim
271 3063 439 3149 Pompeius
468 3065 669 3150 praesidium,
700 3066 784 3151 quod
813 3064 947 3149 reliquit,
970 3063 1061 3127 iussit

9 3165 11 3234 ξ
113 3156 144 3212 ut
162 3148 366 3230 incenderent
388 3157 419 3214 et
440 3150 550 3214 deusto
574 3151 688 3236 oppido
710 3153 742 3214 in
767 3159 870 3214 castra
892 3151 1011 3213 maiora
1027 3169 1060 3211 se

9 3255 10 3258 ’
113 3235 291 3320 reciperent.
314 3234 496 3320 Insequenti
517 3245 657 3320 tempore
678 3236 889 3320 Ventiponem
911 3233 1060 3319 oppidum

9 3383 11 3406 ὲ
116 3341 202 3404 quum
225 3342 410 3406 oppugnare
433 3342 488 3384 coe
511 3322 596 3402 isset,
621 3320 778 3385 deditione
800 3320 882 3384 facta
904 3321 966 3383 iter
986 3317 1061 3381 fecit

112 3405 144 3467 in
163 3405 342 3487 Carrucam,
366 3413 476 3470 contra
490 3344 682 3491 pPornpeium
705 3405 944 3489 castraposuit.
967 3403 1058 3469 Pom-

9 3559 10 3572 χ
116 3490 194 3572 peius
223 3489 381 3577 oppidum,
416 3491 500 3576 quod
533 3501 644 3554 contra
675 3512 732 3553 sua
763 3488 922 3574 praesidia
953 3496 1059 3574 portas
