2562 3970
201 223 335 289 LXXVI
548 225 804 292 PRAEFATIO.

195 403 387 474 praedonum
416 403 550 478 diripere
583 413 774 462 censuerunt.
809 397 907 462 Recte
939 395 1019 462 haee
1050 399 1152 482 impu·

199 483 309 566 guerit
319 481 537 568 Nipperdeius‚
550 505 645 568 quum
661 492 801 567 apertum
817 484 866 564 sit,
882 482 1026 546 Pharitae
1042 504 1156 550 omnen

199 587 308 648 neves,
332 590 414 652 quae
434 568 550 653 ubique
572 589 667 632 eursu
687 567 897 649 decesserint,
928 567 1065 652 diripere
1086 589 1153 632 non

200 653 349 735 potuisse.
387 651 493 715 Minue
522 663 628 716 tamen
654 651 759 738 placet
793 675 887 739 quam
920 654 988 736 ipse
1020 651 1155 737 protulit

200 737 393 800 coniectura:
425 759 559 816 quaeque
582 743 625 802 iii
646 761 770 818 eumque
791 759 893 802 naues.
921 737 1011 800 Libri
1032 737 1154 802 hebent

200 820 300 884 Paris.
315 844 375 884 see.
390 832 421 886 et
435 822 528 885 Vind.
563 845 587 885 r.
598 845 674 901 quae
690 832 744 902 qui
756 831 865 902 ubique
883 845 984 904 nares,
999 821 1089 887 Leid.
1102 845 1151 907 pr.

203 911 376 984 quicumque
397 930 506 982 naues,
558 908 618 971 eid.
643 931 704 973 see.
728 931 905 988 quarequam
926 915 1027 986 ibique
1048 929 1154 990 naver,

200 989 274 1054 Urs.
305 1002 336 1055 et
363 992 431 1055 Pet.
462 1015 597 1071 quaeque
626 1001 678 1058 ubi
704 1017 806 1058 naues.
843 993 880 1056 in
907 993 966 1056 hue
998 992 1152 1058 librorum

201 1075 404 1140 fluctuatione
427 1100 469 1142 ex
490 1076 553 1141 loei
572 1079 694 1145 ratione
710 1078 910 1143 scribendum
933 1099 1002 1142 esee
1025 1079 1152 1152 censuii

203 1182 275 1239 quo
298 1169 363 1226 ubi
385 1184 641 1242 quaecumque
663 1186 756 1230 naues
779 1171 980 1244 imprudentia
1007 1176 1061 1228 aut
1081 1176 1151 1226 tem-

197 1257 314 1325 pestate
338 1256 461 1327 paulum
483 1270 540 1312 rua
563 1272 658 1312 curru
677 1257 877 1324 decesserunt,
894 1256 950 1312 iras
966 1271 990 1313 e.
1016 1271 1044 1326 q.
1068 1271 1093 1310 s.
1109 1285 1152 1302 —

200 1329 287 1394 Infra
308 1331 381 1396 libri
403 1334 435 1396 in
457 1333 507 1396 his
528 1334 594 1397 fere
615 1334 723 1398 verbis
738 1336 952 1399 consentiunt:
975 1339 1037 1398 Nee
1052 1343 1151 1398 tractu

200 1424 309 1498 oppidi
324 1440 404 1497 pure
419 1433 486 1483 erut
499 1428 603 1497 repiae
618 1429 740 1502 ruique,
764 1428 795 1484 iu
813 1442 901 1498 quam
916 1427 982 1500 ipse
996 1425 1155 1482 habitandi

200 1523 297 1566 eausa
325 1511 411 1568 initio
442 1518 508 1568 erat
535 1513 689 1582 induatur,
723 1519 752 1568 et
782 1512 927 1570 theutrum
960 1511 1153 1576 coniunctum

201 1594 303 1652 domui
325 1597 407 1668 quoti
427 1597 652 1654 areisvteuebat
672 1598 768 1655 laeum
790 1598 948 1668 aditusque
969 1596 1098 1654 habebat
1112 1594 1156 1658 au

196 1686 319 1752 portum
348 1688 376 1738 et
412 1681 454 1740 aa
488 1683 608 1754 reliqua
645 1683 776 1740 naualia.
815 1675 918 1760 Vulgo
950 1681 1017 1740 Hae
1052 1685 1152 1738 tractu

200 1759 412 1844 seripserunt,
435 1760 662 1846 Nipperdeius:
692 1768 794 1826 Haec
820 1774 919 1828 tractu
948 1767 1056 1841 oppidi
1073 1781 1153 1839 pure

202 1857 270 1907 erat
290 1853 393 1924 reqiae
422 1854 548 1923 ramea,
578 1869 659 1930 quae
688 1845 788 1910 verbe,
816 1869 866 1910 me
895 1869 959 1909 non
986 1844 1065 1909 itelli
1089 1866 1154 1924 ere,

199 1931 337 2014 ingenue
364 1931 524 1994 confiteor.
551 1931 594 1993 At
607 1953 647 1993 ex
661 1933 776 2016 ipsare
798 1953 911 2016 perum
925 1867 1096 1994 verisimiie
1107 1929 1153 1992 vi-

200 2014 301 2094 detur,
322 2014 575 2080 Ptolemaeorum
593 2018 714 2101 regium
734 2019 881 2101 exiguam
910 2025 1032 2102 purtem
1054 2015 1154 2078 fuisse

201 2101 309 2184 oppidi
320 2112 448 2181 tractus,
463 2103 648 2185 praesertim
664 2124 759 2188 quum
771 2103 924 2165 theat-rum
939 2100 999 2164 eibi
1007 2102 1153 2164 coniunc-

199 2194 266 2248 tum
281 2183 421 2268 haberet,
438 2196 469 2248 et
480 2209 575 2271 quum
587 2186 621 2249 id
631 2187 716 2250 haud
734 2187 828 2252 dubie
844 2211 863 2249 a
879 2187 1016 2250 Caesare
1033 2193 1154 2270 speetu·

199 2279 266 2332 tum
277 2271 325 2352 eit,
341 2279 376 2332 ut
391 2272 536 2354 aperiret,
552 2273 633 2335 inter
645 2272 724 2352 loca,
737 2295 819 2356 quae
834 2293 875 2333 ex
890 2273 937 2335 rei
948 2271 1090 2334 militaris
1103 2290 1155 2338 ra·

201 2356 286 2418 tione
297 2357 435 2418 maxime
447 2359 628 2420 necessarie
642 2357 839 2437 videbantur,
853 2379 933 2440 quae
944 2357 1155 2436 munirentur,

201 2441 346 2524 inprimis
368 2463 404 2503 re
429 2442 489 2504 'am
510 2443 618 2524 fuisse,
642 2449 702 2506 Nee
718 2442 917 2524 sanissimum
931 2439 1157 2525 ratusreliqua

200 2524 300 2589 verba
319 2527 364 2589 ita
385 2548 405 2589 a
427 2528 554 2589 ornavi:
578 2533 608 2590 N
613 2549 652 2592 ee
675 2540 827 2590 tractus
854 2534 962 2607 oppidi
977 2547 1058 2605 pare
1086 2536 1157 2588 erat

200 2619 315 2689 reaia
338 2619 461 2695 exipua,
485 2619 516 2674 iu
541 2633 628 2689 quam
657 2619 723 2689 ipre
752 2617 911 2676 habitandi
939 2632 1036 2676 cauea
1066 2618 1154 2674 initio

200 2707 268 2760 erat
289 2704 446 2772 inductus,
471 2708 501 2759 et
521 2703 668 2760 theatrum
690 2705 882 2761 coniunctum
912 2703 1014 2761 domui
1043 2693 1157 2781 [quad]

200 2790 282 2846 arcia
313 2788 430 2846 tenebat
457 2787 553 2844 laeum
583 2788 743 2859 aditusque
771 2788 900 2846 iubebat
920 2789 962 2846 ad
983 2793 1108 2861 partum
1125 2793 1159 2846 et

200 2874 242 2932 aa
262 2875 380 2946 reliqua
407 2873 530 2929 naualia
579 2865 758 2930 Relativum
789 2875 871 2945 autad
897 2867 1041 2950 magistri
1066 2865 1157 2932 addi-

199 2961 375 3016 tamentum
398 2972 469 3014 esse
498 2952 612 3035 iudico,
644 2975 739 3039 quum
769 2975 806 3016 eo
836 2962 960 3017 servato
989 2952 1060 3015 fieri
1088 2974 1157 3018 non

200 3038 324 3121 pessit,
339 3037 415 3122 quin
438 3038 610 3102 enuntiatio
640 3047 797 3124 tamquam
827 3061 933 3104 rerum
959 3039 1158 3102 curiosarum

199 3123 395 3186 enumeratio
417 3121 573 3186 videatur.

575 3351 772 3361 ...o-m*
