2538 3978
218 231 280 296 156
478 231 607 296 BELLI
629 229 930 294 ALEXANDRINI

217 423 382 466 occurrere
404 411 586 488 potuerunt,
609 403 762 488 proelium
786 403 1014 466 commiserunt
1027 399 1187 463 festinan·
1246 453 1247 466 ,

216 495 265 552 tes
286 491 470 573 praeripere
503 487 598 552 subse
622 487 768 551 uentibus
803 487 953 550 victoriae
983 487 1185 550 societatem.

216 570 359 651 Quorum
379 575 532 657 impetum
552 571 612 636 Mit
634 574 752 637 ridates
774 595 890 656 magna
913 594 984 636 cum
1007 569 1185 655 prudentia

215 659 465 807 Sconstantiaque
501 659 654 722 virtutum
677 668 708 724 et
737 657 1028 720 Alexandrinorum
1057 657 1182 741 impru-
1246 729 1247 736 ἵ

196 785 197 792 1
237 744 330 824 entia]
356 743 585 808 consuetudine
604 754 713 808 nostra
735 743 847 806 castris
870 741 995 806 vallatis
1012 743 1181 807 sustinuit:

216 850 313 914 quum
334 851 411 894 vero
433 829 560 893 incaute
593 840 687 914 atque
721 827 893 894 insolenter
926 826 1097 891 succedere
1122 851 1181 892 eos

212 913 440 978 munitionibus
452 913 583 995 videret,
600 916 764 1000 eruptione
779 913 917 998 undique
932 913 1015 976 facta
1025 935 1181 998 magnum

211 1021 380 1064 numerum
401 1021 510 1064 eorum
531 1000 699 1065 interfecit.
724 999 817 1078 Quod
831 1001 892 1062 nisi
907 998 1048 1062 locorum
1062 1001 1182 1063 notitia

210 1083 326 1170 reliqui
350 1106 385 1148 se
406 1085 561 1148 texissent
581 1087 762 1172 partimque
784 1086 818 1148 in
839 1107 949 1165 navos,
986 1082 1101 1168 quibus
1117 1085 1180 1150 flu·
1209 1101 1214 1114 ’

211 1190 284 1232 men
306 1171 509 1251 transierant,
532 1173 738 1256 recepissent,
774 1169 915 1234 funditus
938 1169 1035 1234 deleti
1057 1180 1178 1234 essent.

212 1253 277 1332 Qui
298 1264 332 1318 ut
353 1255 484 1340 paulum
505 1254 546 1321 ab
569 1256 624 1321 illo
640 1258 752 1321 timore
769 1279 803 1320 se
818 1265 1010 1336 recrearunt,
1034 1255 1180 1322 adiuncti

211 1339 260 1403 his
284 1341 338 1426 qui
361 1339 638 1428 subsequebantur
670 1365 781 1406 rursus
804 1363 988 1428 oppugnare
1009 1339 1177 1406 Mithrida
1246 1379 1247 1404 t

210 1435 264 1488 ten
288 1446 343 1489 coe
368 1435 468 1491 eruut.

274 1510 325 1576 28.
383 1513 524 1576 ittitura
555 1513 740 1578 Mithridate
773 1513 902 1576 nuntius
938 1510 1079 1592 Caesari,
1119 1515 1177 1597 qui

209 1618 278 1660 rem
300 1607 423 1682 gestam
445 1597 610 1684 perferret.
635 1598 807 1684 Cognoscit
827 1621 868 1661 ex
886 1599 952 1662 suis
967 1597 1076 1661 eadem
1092 1597 1176 1664 haec

209 1681 364 1746 accidisse
385 1704 454 1746 rex.
476 1683 526 1747 Ita
548 1707 651 1769 paene
674 1683 733 1749 sub
756 1684 840 1749 idem
862 1693 987 1766 tempus
1011 1694 1041 1746 et
1056 1705 1115 1746 rex
1132 1685 1175 1748 ad

209 1768 451 1851 opprimendum
472 1769 679 1834 Mithridaten
701 1769 913 1855 proficiscitur
935 1777 966 1832 et
988 1767 1108 1834 Caesar
1131 1769 1175 1834 ad

207 1853 436 1938 recipiendum.
460 1853 623 1920 Celeriore
645 1855 784 1918 fluminis
806 1853 872 1917 Nili
894 1855 1095 1938 navigatione
1112 1877 1173 1920 rex

208 1946 256 2001 est
278 1961 366 2020 usus,
389 1941 423 2002 in
447 1963 509 2026 quo
531 1963 680 2026 magnam
704 1951 736 2004 et
757 1949 900 2026 paratam
924 1939 1059 2002 classem
1075 1941 1172 2004 habe·
1246 1983 1247 2002 t

207 2021 269 2087 bat.
295 2022 414 2088 Caesar
437 2026 548 2088 eodem
570 2028 683 2091 itinere
706 2027 751 2089 uti
773 2024 882 2106 noluit,
908 2047 947 2088 ne
976 2025 1112 2088 navibus
1135 2027 1170 2090 in
1246 2031 1247 2042 ³

207 2106 337 2172 flumine
372 2108 546 2191 dimicaret,
582 2111 639 2174 sed
673 2114 905 2176 circumvectus
939 2119 987 2174 est
1020 2113 1169 2194 comari,

208 2193 293 2278 quod
314 2194 444 2258 Africae
466 2199 564 2280 partis
589 2219 659 2262 esse
676 2197 800 2277 dicitur,
825 2197 917 2259 sicuti
932 2194 1171 2280 supra'demon-

208 2279 393 2360 stravimus3
426 2283 514 2365 prius
537 2292 642 2346 tamen
665 2285 750 2367 regis
774 2282 873 2366 copiis
897 2281 1041 2362 occurrit,
1076 2304 1171 2366 quam

206 2363 233 2426 is
255 2363 462 2430 Mithridaten
485 2367 615 2452 aggredi
639 2377 757 2452 posset,
791 2389 926 2452 eumque
949 2367 990 2430 ad
1012 2390 1047 2432 se
1069 2369 1170 2432 victo·

201 2453 273 2512 'rem
295 2449 445 2516 incolumi
470 2455 612 2516 exercitu
635 2454 765 2538 recepit.
801 2449 998 2518 Consederat
1020 2475 1092 2516 cum
1118 2475 1171 2517 co-

206 2534 268 2618 piis
290 2557 349 2598 rex
372 2535 442 2600 loco
465 2548 578 2602 natura
600 2541 731 2620 munito,
770 2537 855 2621 quod
878 2547 948 2602 erat
969 2538 1039 2622 ipse
1062 2539 1170 2602 excel-

205 2620 270 2682 sior
291 2619 420 2704 planitie
444 2643 485 2684 cx
515 2623 661 2687 omnihus
697 2624 840 2708 partibus
875 2623 1033 2704 subiecta,
1067 2622 1170 2688 tribus

205 2714 310 2768 autem
348 2729 388 2770 ex
432 2706 584 2771 lateribus
618 2710 716 2772 variis
750 2711 957 2773 munitionum
995 2708 1170 2792 generibus

204 2790 388 2874 tegebatur:
424 2813 522 2856 unum
554 2793 637 2857 latus
671 2805 739 2858 erat
761 2793 918 2860 adiectum
940 2791 1061 2858 flumini
1083 2793 1166 2876 Nilo,

204 2875 342 2940 alterum
365 2878 541 2943 editissimo
572 2879 641 2943 loco
676 2881 813 2960 ductum,
847 2888 882 2942 ut
904 2889 1026 2964 partem
1049 2889 1168 2944 castro·

203 2981 273 3024 rum
295 2962 460 3044 obtineret,
483 2966 611 3028 tertium
633 2965 749 3050 palude
772 2963 971 3048 cingebatur.

267 3047 318 3111 29.
340 3046 430 3113 Inter
463 3060 568 3113 castra
591 3059 622 3112 et
645 3047 793 3114 Caesaris
826 3051 887 3114 iter
919 3049 1037 3113 flumen
1069 3049 1166 3112 inter·

204 3131 339 3196 cedebat
360 3145 529 3220 angustum
552 3133 713 3198 altissimis
736 3137 825 3220 ripis,
850 3135 933 3220 quod
948 3135 981 3197 in
996 3133 1104 3196 Nilum
1119 3136 1165 3198 in·

203 3215 331 3299 fluebat,
355 3220 465 3284 aberat
487 3229 592 3283 autem
615 3219 655 3284 ab
680 3223 766 3307 regis
789 3223 899 3284 castris
915 3219 1002 3283 milia
1017 3238 1167 3303 passuum

203 3304 326 3368 circiter
350 3313 407 3367 Vll.
437 3305 508 3368 Rex
531 3328 626 3389 quum
650 3305 710 3370 hoc
731 3308 843 3370 itinere
859 3306 969 3368 venire
994 3303 1166 3368 Caesarem

204 3390 418 3472 comperisset,
443 3393 618 3538 equitatum
640 3413 764 3456 omnem
781 3391 1008 3476 expeditosque
1025 3387 1167 3453 delectos

201 3472 324 3554 pedites
348 3475 386 3538 ad
410 3475 443 3538 id

490 3498 583 3540 umen
607 3477 699 3556 misit,
736 3478 789 3562 qui
821 3476 956 3538 transitu
990 3475 1167 3538 Caesarem
