2538 3978
400 249 533 316 COMM.
555 249 605 313 ΠΙ
627 249 719 314 CAP.
742 249 835 312 3-6.
1057 249 1097 314 ts

141 427 226 484 hex
256 420 443 486 Gabinianis
470 420 677 500 Alexandria,
708 418 818 484 Gallos
848 419 1096 505 Germanosque,

161 529 217 570 uos
246 506 292 571 ibi
320 507 359 572 A.
390 506 545 572 Gabinius
571 507 723 592 praesidii
751 527 848 569 causa
876 507 961 591 apud
988 527 1098 590 regem
1149 562 1152 570 .

138 530 356 657 {telemacum
385 590 563 678 reliquerat,
595 592 764 678 Pompeius
794 591 878 656 filius
901 615 972 655 curn
996 591 1097 655 classe

140 677 332 760 adduxerat3
356 685 445 742 DCCC
467 701 509 742 ex
523 679 622 742 servis
644 679 708 740 suis
730 686 955 762 pastorumque
971 699 1098 742 suorum

140 785 263 828 nurnero
287 773 449 849 coegerat,
466 769 530 826 CCC
551 762 782 828 Tarcondarius
804 762 917 827 Castor
932 771 963 826 et
976 762 1097 827 Donni-

139 843 209 911 laus
243 871 285 911 ex
324 848 418 913 Gallo
442 851 547 913 raecia
569 848 722 912 dederant
763 850 885 930 (horum
919 848 998 912 alter
1034 869 1098 911 una

139 943 280 1014 venerat,
305 933 385 998 alter
405 872 506 998 fidium
526 933 686 1020 miserat),
719 941 762 999 CC
785 957 827 998 ex
849 933 942 1020 Syria
963 957 983 998 a
1005 933 1121 998 Com-⁴

140 1039 275 1101 mageno
311 1019 478 1101 Antiocho,
516 1021 567 1083 cui
603 1042 719 1103 magna
751 1021 920 1104 Pompeius
956 1019 1099 1104 praemia

140 1103 258 1186 tribuit,
281 1106 370 1168 missi
386 1117 483 1187 erant,
499 1107 532 1168 in
547 1105 596 1169 his
612 1105 753 1191 plerique
769 1106 1002 1192 hippotoxotae.
1025 1105 1098 1168 Huc

138 1187 316 1270 Dardanos,
332 1189 449 1254 Bessos
464 1193 580 1275 partim
594 1192 813 1271 mercenarios,
836 1191 950 1276 partim
965 1191 1097 1276 imperio

140 1283 195 1336 aut
224 1276 326 1357 gratia
354 1285 569 1360 comparatos,
598 1277 673 1339 item
702 1275 903 1357 Macedones,
926 1275 1097 1340 Thessalos

140 1380 179 1421 ac
199 1358 394 1445 reliquarum
423 1363 563 1445 gentium
586 1372 617 1425 et
639 1363 802 1427 civitatum
822 1363 981 1428 adiecerat
1003 1371 1097 1448 atque

141 1464 223 1525 eum,
261 1469 355 1530 quem
388 1469 484 1532 supra
519 1448 812 1532 demonstravimus,
844 1469 1011 1512 numerum
1044 1470 1097 1511 ex·

140 1528 292 1614 pleverat.

205 1615 235 1676 5.
257 1615 423 1680 Frumenti
450 1619 513 1681 vim
543 1621 715 1682 maximam
744 1643 785 1683 ex
813 1617 987 1701 Thessalia,
1019 1617 1099 1682 Asia

140 1697 297 1784 Aegypto,
315 1701 418 1785 Creta,
442 1702 574 1788 Cyrenis
597 1705 725 1788 reliquis
749 1728 788 1768 ue
810 1704 991 1790 regionibus
1015 1727 1097 1769 com-

140 1796 319 1869 paraverat.
341 1789 490 1852 Hismara
513 1787 714 1874 Dyrrhachii,
728 1729 917 1876 Apolloniae
940 1790 1098 1854 omnibus·

142 1891 203 2018 que
227 1872 348 1956 oppidis
370 1876 535 1938 maritimis
565 1877 776 1957 constituerat,
799 1885 834 1939 ut
855 1898 942 1940 mare
964 1877 1098 1940 transire

173 1976 314 2020 aesarem
342 1960 536 2043 prohiberet,
571 1962 701 2048 eiusque
728 1969 771 2025 rei
800 1983 896 2026 eausa
924 1962 1010 2026 omni
1043 1985 1098 2027 ora

142 2042 299 2105 maritima
332 2044 466 2110 classem
503 2046 708 2130 disposuerat.
744 2047 896 2111 Praeerat
929 2048 1098 2134 Aegyptiis

141 2126 276 2198 navibus
305 2127 474 2215 Pompeius
503 2131 596 2212 filius,
619 2131 769 2196 Asiaticis
790 2132 832 2196 D.
855 2131 983 2198 Laelius
1006 2145 1038 2198 et
1060 2134 1096 2199 C.

142 2209 293 2294 Triariae,
317 2213 454 2299 Syriacis
482 2215 517 2279 C.
549 2213 692 2300 Cassius,
715 2218 845 2282 Rhodiis
869 2219 904 2282 C.
927 2218 1098 2287 Marcellus

141 2317 213 2358 cum
242 2296 277 2360 C.
307 2299 457 2386 Coponio,
480 2301 668 2366 Liburnicae
697 2315 790 2390 atque
816 2304 976 2371 Achaicae
1004 2308 1098 2372 classi

141 2379 325 2448 Scribonius
355 2387 435 2451 Libo
464 2397 494 2451 et
514 2388 558 2450 M.
588 2387 750 2456 Octavius.
774 2391 846 2454 Toti
867 2400 972 2457 tamen
995 2394 1097 2459 officio
1169 2402 1173 2417 '

141 2468 297 2534 maritimo
319 2471 363 2534 Μ.
385 2473 519 2537 Bibulus
548 2477 744 2558 praepositus
768 2481 880 2539 cuncta
902 2479 1097 2554 administra-

140 2552 209 2615 bat:
234 2554 381 2621 adhunc
404 2581 525 2624 summa
546 2562 670 2643 imperii
692 2562 891 2646 respiciebat.
1014 2580 1016 2584 ·

205 2639 233 2701 6.
258 2639 386 2724 Caesar,
409 2655 443 2708 ut
457 2646 661 2710 Brundisium
675 2651 770 2729 venit,
794 2651 996 2715 concionatus
1012 2651 1097 2736 apud

142 2723 266 2805 milites,
298 2731 445 2812 quoniam
473 2754 571 2816 prope
602 2731 642 2794 ad
670 2731 766 2795 finem
788 2732 934 2799 laborum
956 2759 992 2800 ac
1014 2738 1097 2820 peri·

143 2808 282 2873 culorum
312 2826 395 2877 esset
422 2827 626 2900 perventum,
664 2839 764 2902 aequo
801 2822 904 2884 animo
938 2822 1098 2905 mancipia

142 2904 236 2980 atque
250 2898 475 2982 impedimenta
487 2905 520 2966 in
540 2903 631 2968 ltalia
645 2905 865 2988 relinquerent,
882 2908 944 2990 ipsi
958 2905 1097 2989 expediti

141 3002 240 3043 naves
268 2987 531 3072 conscenderent,
566 3013 627 3076 quo
656 2992 756 3053 maior
782 3013 931 3054 numerus
963 2992 1097 3056 militum

142 3077 250 3151 posset
270 3070 397 3154 imponi,
421 3075 587 3160 omniaque
611 3098 650 3138 ex
671 3077 803 3139 victoria
825 3086 856 3138 et
878 3099 919 3141 ex
941 3100 998 3140 sua
1020 3075 1096 3140 libe-

142 3151 265 3216 ralitate
281 3167 449 3240 sperarent,
464 3160 730 3226 conclamantibus
747 3161 900 3244 omnibus,
917 3164 1095 3247 imperaret,

144 3241 229 3324 quod
260 3241 370 3323 vellet,
409 3245 564 3329 quodcum
587 3249 889 3332 ueimperavisset,
924 3269 963 3311 se
995 3269 1095 3332 aequo

143 3326 247 3391 animo
264 3348 333 3390 esse
354 3330 501 3412 facturos,
518 3339 541 3392 11
587 3354 636 3395 on.
660 3333 725 3395 lan.
745 3343 844 3395 naves
868 3332 970 3397 solvit.
993 3331 1096 3416 Impo-

145 3413 232 3494 sitae,
255 3426 289 3478 ut
312 3437 407 3500 supra
433 3416 680 3481 demonstratum
708 3427 764 3498 est,
793 3415 934 3500 legiones
957 3426 1004 3480 VI.
1037 3418 1096 3484 Po·
1158 3487 1159 3492 ,

144 3501 252 3564 stridis
274 3513 395 3566 terram
416 3505 527 3587 attigit.
549 3502 637 3569 Inter
653 3503 880 3570 Cerauniorum
895 3526 972 3568 saxa
987 3512 1019 3568 et
1033 3501 1097 3568 elia
