2532 3968
388 227 523 297 OOMM.
545 226 624 294 VIII
647 229 739 295 eAP.
764 227 879 296 8-12.
1051 223 1109 306 197

152 384 408 488 insequebantur,
432 410 486 466 aut
499 401 639 466 vicissim
661 400 768 466 hostes
790 399 901 466 eadem
919 403 1109 489 transgressi

151 480 421 572 nestros'longius
444 485 684 554 submonebant.
714 485 891 554 Accidebat
913 497 1019 552 autem
1034 502 1109 574 quo-

151 569 277 637 tidianis
292 564 549 658 pabulationibus
565 571 612 658 (id
627 572 711 659 quod
726 571 869 637 accidere
885 581 1108 658 erat'necesse,

152 671 248 744 quum
275 659 358 721 raris
386 655 526 722 disiectis
549 681 589 746 ue
617 679 659 721 ex
681 657 832 722 aedificiis
861 655 1013 760 pabulum
1037 676 1108 722 con-

152 739 358 834 quireretur),
388 751 424 808 ut
450 743 536 830 impe
560 743 611 806 'tis
639 742 717 807 loeis
741 743 878 829 dispers1
905 741 1109 830 pabulatores

152 830 473 913 eiremnvenirentur3
497 847 578 916 quae
600 851 661 910 res,
685 830 744 893 etsi
766 827 925 892 mediocre
941 828 1108 893 detrimen-

150 924 217 976 tum
232 915 443 979 iumentorum
466 935 504 979 ae
524 937 688 978 servorum
698 918 815 979 nostris
826 913 988 997 afferebat,
1004 923 1109 978 tamen

150 998 262 1063 stultas
284 1000 490 1084 cogitationes
517 999 669 1064 incitabat
690 999 912 1075 barbarorum,
948 1009 1042 1086 atque
1071 1017 1109 1064 ee

149 1085 268 1170 magis,
292 1084 378 1172 quod
399 1083 580 1169 Commius,
608 1107 702 1172 quem
731 1085 906 1172 profectum
929 1083 970 1148 ad
992 1081 1110 1149 auxilia

149 1169 380 1234 Germanorum
393 1170 582 1237 arcessenda
593 1169 694 1253 docui,
710 1191 781 1234 eum
793 1169 951 1258 equitibus
962 1179 1110 1254 venerat,

173 1258 204 1320 ui
215 1255 339 1320 tametsi
350 1277 481 1320 numero
493 1278 558 1320 non
570 1276 620 1319 am
644 1255 703 1319 lius
717 1265 806 1320 erant
817 1255 989 1342 quingenti,
1004 1259 1109 1320 tamen

149 1279 379 1406 &omanorum
401 1341 537 1406 adventu
562 1277 689 1406 barbari
711 1340 899 1406 nitebantur.

214 1423 263 1510 II.
287 1425 414 1502 Caesar,
438 1450 535 1513 quum
551 1423 816 1491 animadverteret
833 1425 955 1492 hostem
971 1426 1109 1514 eomple-

148 1533 200 1576 res
230 1511 297 1577 dies
325 1513 445 1576 eastris
468 1511 586 1599 palude
620 1522 652 1576 et
679 1512 741 1577 loci
774 1513 1044 1577 natura'munitis
1074 1533 1109 1576 se

147 1607 257 1661 tenere
279 1619 383 1684 neque
412 1599 589 1684 oppugnari
616 1607 721 1662 castra
754 1615 861 1662 eorum
892 1598 959 1661 sine
982 1597 1109 1662 dimica-

148 1681 233 1748 tione
254 1684 433 1768 pemicIosa
454 1705 515 1748 nec
543 1683 648 1749 locum
671 1683 896 1748 munitionibus
920 1679 1026 1746 claudi
1047 1684 1110 1747 nisi

148 1791 168 1830 a
188 1772 308 1833 maiore
332 1769 473 1833 exercitu
494 1791 599 1854 posse,
623 1767 743 1832 litteras
767 1767 808 1832 ad
830 1763 1021 1833 Trebonium
1039 1769 1108 1831 mit·

148 1855 204 1935 tit,
232 1863 267 1917 ut
294 1875 389 1940 quam
418 1853 583 1919 celerrime
612 1863 720 1940 posset
747 1852 777 1918 le
802 1855 904 1918 'onem
926 1853 1005 1936 xlii,
1029 1867 1110 1938 quae

148 1961 219 2003 cum
235 1939 270 2003 T.
288 1939 398 2004 Sextio
410 1938 514 2024 legato
529 1942 561 2004 in
577 1877 954 2026 Biturigibuslliemabat,
972 1959 1109 2002 arcesse-

147 2035 196 2088 ret
218 2035 311 2111 atque
332 2028 377 2089 ita
399 2047 470 2088 eum
486 2025 585 2089 tribus
601 2024 779 2111 legionibus
798 2026 922 2110 magnis
944 2023 1109 2088 itineribus

147 2109 189 2173 ad
211 2133 246 2176 se
267 2112 405 2194 veniret3
434 2112 503 2196 ipse
532 2111 654 2197 equites
683 2112 717 2174 in
746 2112 849 2176 vicem
877 2109 1049 2174 Remorum
1071 2129 1109 2172 ac

146 2195 326 2280 Lingonum
341 2194 596 2283 reliquarumque
613 2197 786 2278 civitatum,
830 2215 942 2260 uorum
960 2214 1109 2280 magnum

147 2303 313 2345 numerum
336 2291 535 2363 evocaverat,
551 2281 711 2367 praesidio
727 2219 982 2367 pabulationibus
1002 2280 1109 2363 mittit,

148 2367 202 2454 qui
224 2366 344 2430 subitas
366 2365 503 2431 hostium
524 2369 719 2432 incursiones
743 2369 940 2431 sustinerent.

212 2453 261 2516 12.
286 2451 380 2532 Quod
402 2475 498 2540 quum
521 2449 661 2539 quotidie
681 2453 781 2536 fieret,
804 2473 842 2516 ac
864 2454 925 2516 iam
944 2461 1109 2516 eonsuetu-

148 2537 221 2602 dine
244 2539 408 2624 diligentia
435 2540 644 2621 minueretur,
679 2537 764 2624 quod
785 2535 972 2626 plerumque
995 2537 1109 2600 accidit

147 2623 374 2711 diutumitate,
390 2623 554 2689 Bellovaci
577 2622 700 2688 delecta
722 2642 817 2688 manu
839 2622 979 2712 peditum
1003 2625 1109 2770 copsi-

146 2712 186 2773 tis
209 2708 395 2776 stationibus
419 2709 609 2796 quotidianis
638 2709 777 2795 equitum
804 2719 999 2774 nostrorum
1015 2708 1041 2771 si
1054 2731 1106 2772 ve·

147 2795 263 2859 stribus
294 2795 371 2860 loeis
405 2793 534 2858 insidias
570 2793 741 2880 disponunt
776 2793 950 2880 eodemque
987 2795 1109 2880 equites

146 2890 272 2966 postero
300 2881 352 2944 die
382 2881 524 2963 mittunt,
550 2881 602 2966 qui
652 2881 766 2944 simum
796 2879 947 2944 elicerent
972 2887 1107 2960 nostros,

146 2966 261 3030 deinde
283 2969 514 3030 circumventos
530 2987 571 3050 ag
593 2903 790 3029 rederentur.
828 2964 926 3029 Cuius
942 2963 1017 3028 mali
1040 2985 1108 3028 sors

146 3050 257 3116 incidit
278 3047 394 3134 Remis,
419 3049 533 3137 quibus
555 2989 609 3115 ille
622 3051 700 3114 dies
719 3049 871 3137 fimgendi
893 3051 1031 3113 muneris
1054 3049 1108 3112 ob·

145 3147 286 3201 venerat.
331 3135 476 3222 Namque
499 3135 540 3219 hi,
565 3156 661 3222 quum
682 3148 813 3222 repente
835 3136 971 3201 hostium
986 3135 1108 3218 equites

146 3219 442 3288 ammadvertissent
476 3244 514 3285 ae
540 3237 673 3284 numero
708 3223 887 3324 superiores
917 3221 1109 3306 paucitatem

147 3310 425 3393 contempsissent,
456 3315 496 3372 eu
518 3305 600 3371 idius
627 3307 761 3370 insecut1
789 3305 946 3393 peditibus
969 3305 1109 3390 undique

147 3403 220 3456 sunt
241 3391 436 3457 circumdati.
475 3330 546 3472 quo
561 3391 643 3456 facto
659 3391 835 3477 perturbati
851 3390 996 3474 celerius,
1014 3411 1109 3478 quam

146 3477 339 3543 consuetudo
355 3477 416 3542 lert
432 3478 586 3564 equestris
601 3475 723 3564 proelii,
742 3500 775 3542 se
791 3485 980 3564 receperunt
993 3474 1109 3540 amisso
