2534 3970
400 208 533 274 COMM.
556 209 572 272 Ι
595 209 688 274 ΟΑΡ.
713 209 846 272 19—22.
1058 209 1099 273 15

143 387 246 460 vocat,
280 378 409 443 fratrem
448 373 590 460 adhibet3
624 401 705 464 quae
737 381 771 441 in
808 401 844 442 eo
878 378 1096 463 reprehendat,

145 463 292 545 ostendit,
317 487 396 550 quae
417 466 484 547 ipse
507 464 678 547 intellegat,
702 487 783 549 quae
806 464 916 527 civitas
939 474 1096 548 queratur,

144 551 310 633 proponit3
339 559 454 630 monet,
477 559 512 612 ut
540 550 573 612 in
594 548 652 612 reli
675 571 750 612 uum
772 557 896 633 tempus
918 571 1026 612 omnes
1049 572 1098 612 su·

146 634 303 717 spiciones
314 636 408 716 vitet,
424 636 593 718 praeterita
608 655 641 697 se
685 635 811 698 ivitiaco
821 633 910 697 fratri
921 634 1098 700 condonare

146 717 231 781 dicit.
253 717 443 802 Dumnorigi
465 718 611 783 custodes
638 720 735 803 ponit,
758 728 801 800 ut,
825 740 905 804 quae
927 728 1008 802 agat,
1032 720 1097 804 qui·

146 803 277 866 buscum
299 803 453 889 loquatur,
478 805 557 867 scire
579 805 686 888 possit.
898 847 903 851 -

209 888 261 950 21.
294 887 416 952 Eodem
439 889 490 952 die
513 888 552 952 ab
583 887 834 972 exploratoribus
864 890 978 952 certior
998 888 1098 953 laeuis

148 972 250 1036 hostes
268 973 325 1036 sub
340 983 446 1038 monte
461 973 641 1038 consedisse
663 972 751 1036 milia
772 994 919 1057 passuum
938 973 978 1036 ab
999 975 1099 1058 ipsius

147 1059 258 1122 castris
281 1067 360 1139 octo,
384 1058 483 1144 qualis
507 1067 592 1122 esset
613 1067 726 1120 natura
747 1059 862 1121 montis
890 1068 921 1122 et
943 1059 1043 1205 cipalis
1066 1062 1099 1122 in

147 1144 278 1206 circuitu
306 1165 466 1225 ascensus,
494 1144 547 1229 qui
573 1153 808 1228 cognoscerent,
834 1145 926 1206 misit.
979 1145 1099 1208 enunti-

147 1235 232 1290 atum
271 1237 319 1290 est
356 1227 481 1292 facilem
517 1250 596 1292 esse.
646 1227 698 1292 De
731 1230 823 1292 tertia
854 1228 962 1312 vigilia
994 1229 1100 1292 Titum

145 1311 330 1395 Labienum,
353 1312 492 1398 legatum
512 1335 570 1398 pro
592 1323 747 1397 praetore,
770 1334 841 1376 cum
860 1313 982 1376 duabus
1004 1313 1099 1398 legio·

145 1395 236 1460 nibus
260 1406 291 1460 et
311 1399 349 1461 iis
372 1397 514 1479 ducibus,
538 1400 592 1483 qui
613 1399 671 1461 iter
694 1408 916 1482 cognoverant,
945 1421 1100 1462 summum

145 1484 252 1565 iugum
274 1484 387 1546 montis
410 1482 582 1547 ascendere
603 1483 707 1563 iubet,
738 1483 813 1569 quid
836 1486 885 1547 sui
906 1483 1028 1548 consilii
1050 1486 1100 1564 sit,

147 1567 291 1630 ostendit.
317 1567 391 1652 lpse
413 1568 453 1631 de
475 1577 589 1654 quarta
609 1568 720 1653 vigilia
748 1569 859 1633 eodem
887 1570 1014 1649 itinere,
1038 1590 1100 1653 quc

146 1652 260 1716 hostes·
273 1653 384 1734 ierant,
407 1653 448 1716 ad
471 1675 524 1717 eos
543 1653 705 1717 contendit
719 1655 953 1737 equitatumque
976 1674 1101 1716 omnem

146 1746 217 1801 aute
240 1759 274 1800 se
296 1739 400 1800 mittit.
443 1737 479 1802 P.
503 1736 681 1819 Considius,
706 1739 759 1822 qui
780 1738 827 1801 rei
847 1737 991 1801 militaris
1019 1739 1100 1822 pen'·

145 1822 284 1885 tissimus
306 1821 483 1886 habebatur
505 1832 536 1887 et
557 1824 591 1886 in
614 1823 756 1886 exercitu
769 1822 806 1886 L.
823 1821 930 1886 Sullae
946 1832 977 1886 et
991 1832 1102 1908 postea

19 1986 38 2002 ἦ
144 1909 177 1970 in
197 1907 242 1970 M.
265 1905 376 1970 Crassi
390 1907 500 1990 fuerat,
524 1931 596 1972 cum
611 1907 864 1992 exploratoribus
882 1909 1100 1992 praemittitiu.

207 1991 259 2055 22.
292 1992 400 2056 Prima
421 1993 501 2074 luce,
524 2015 621 2078 quum
643 2015 782 2056 summus
804 2015 895 2056 mons
918 2016 937 2057 a
957 1991 1100 2058 Labieno

145 2085 313 2158 teneretur,
335 2079 404 2162 ipse
426 2078 466 2142 ab
488 2079 625 2142 hostium
648 2079 759 2142 castris
780 2101 845 2142 non
867 2079 991 2162 longius
1013 2077 1100 2142 mille

146 2170 177 2225 et
196 2164 377 2246 quingentis
399 2163 546 2248 passibus
574 2163 713 2244 abesset,
736 2185 849 2248 neque,
871 2172 907 2226 ut
926 2171 1039 2248 postea
1060 2185 1101 2226 cx

146 2247 278 2331 captivis
308 2251 475 2332 comperit,
510 2257 565 2312 aut
590 2251 688 2332 ipsius
715 2247 869 2312 adventus
892 2257 946 2311 aut
966 2247 1101 2312 Labieni

145 2333 287 2417 cognitus
311 2343 403 2415 essct,
428 2331 596 2398 Considius
619 2355 699 2418 equo
726 2333 862 2397 admisso
892 2333 933 2396 ad
955 2356 1028 2398 eum
1050 2355 1100 2397 ac·

8 2469 27 2486 ,
146 2417 252 2498 currit,
276 2417 351 2480 dicit
372 2426 520 2500 montem,
545 2439 638 2503 qucm
667 2441 686 2480 a
713 2417 855 2482 Labieno
877 2419 1025 2503 occupari
1046 2439 1101 2482 vo·
1134 2483 1137 2490 ,

144 2500 252 2584 luerit,
283 2501 323 2566 ab
353 2501 496 2568 hostibus
525 2505 640 2567 teneri:
673 2503 707 2566 id
736 2525 812 2566 sea
841 2501 972 2567 Gallicis
1005 2503 1101 2567 armis

145 2595 238 2672 atque
270 2587 447 2672 insignibus
480 2589 677 2672 cognovisse.
730 2587 848 2652 Caesar
885 2611 957 2652 suas
994 2611 1031 2652 co
1053 2589 1101 2651 ias

145 2671 177 2734 in
199 2673 378 2756 proximum
400 2671 513 2736 collem
541 2672 703 2756 subducit,
735 2675 837 2737 aciem
867 2673 1003 2738 instruit.
1069 2695 1101 2736 a·

145 2755 271 2839 bienus,
304 2766 340 2820 ut
361 2766 428 2822 erat
449 2759 480 2822 ei
501 2766 704 2842 praeceptum
727 2779 746 2821 a
769 2756 919 2840 Caesare,
949 2780 990 2822 ne
1012 2780 1101 2843 prcc-

146 2839 222 2904 lium
244 2844 468 2924 committeret,
493 2844 556 2906 nisi
576 2844 676 2928 ipsius
706 2845 816 2927 copiae
840 2865 940 2928 prope
965 2843 1102 2907 hostium
1155 2873 1156 2876 ¹

133 2935 249 3010 castra
276 2927 365 2990 visae
399 2936 520 3010 essent,
558 2936 592 2990 ut
625 2927 765 3013 undique
797 2950 861 2992 uno
893 2937 1035 3013 tempore
1067 2929 1102 2991 in

144 3008 251 3075 hostes
280 3011 415 3097 impetus
445 3012 551 3094 fieret,
581 3021 687 3080 monte
717 3022 868 3098 occupato
898 3023 1022 3078 nostros
1048 3034 1102 3077 ex·

145 3095 309 3179 spectabat
332 3095 451 3181 proelio
474 3120 514 3176 ue
535 3096 723 3162 abstinebat.
759 3097 859 3162 Multo
889 3096 1102 3184 deniquedis

145 3201 203 3264 per
225 3180 438 3266 exploratores
490 3183 752 3267 aesarcognovit
778 3192 809 3246 et
835 3191 974 3248 montem
996 3205 1016 3245 a
1037 3183 1102 3246 suis

145 3266 248 3330 teucri
273 3274 305 3330 et
328 3264 493 3330 Helvetios
519 3275 623 3331 castra
644 3267 782 3334 movisse
804 3275 837 3332 et
858 3266 1044 3331 Considium
1064 3269 1103 3332 ti·

144 3371 232 3415 more
256 3352 474 3436 perterritum,
498 3352 582 3438 quod
603 3375 668 3417 non
688 3351 836 3434 vidisset,
869 3373 927 3438 pro
948 3353 1018 3416 viso
1041 3349 1102 3416 sibi

144 3437 354 3501 renuntiasse.
382 3435 431 3500 Ec
453 3436 505 3502 die
527 3459 588 3524 quo
611 3445 779 3502 consuerat
805 3435 973 3502 intervallo
995 3433 1101 3500 hosta's
