2490 3974
213 281 279 343 214
524 280 653 346 BELLI
675 281 865 346 AFRIGAE

214 449 275 514 bus
305 450 573 534 administrantur,
603 454 746 554 legiones
776 453 867 535 dnae,
901 459 927 515 X
959 461 991 517 et
1018 461 1115 534 thlt,
1150 475 1191 516 ex

216 535 325 600 Sicilia
351 537 487 602 navibus
517 541 669 603 onerariis
720 538 869 621 refectae,
899 559 995 624 quum
1023 538 1096 602 iam
1122 561 1190 602 non

215 619 310 706 longe
332 644 352 685 a
377 632 470 708 portu
490 623 651 709 Ruspinae
679 561 836 705 abessent,
865 645 941 688 cons
963 625 1070 686 icatae
1102 622 1190 687 Cae-

215 707 357 770 sarianas
372 730 480 790 naves,
504 711 640 794 quaein
663 711 796 773 statione
823 708 908 794 apud
958 707 1098 794 hapsum
1125 721 1188 772 sta·
1217 739 1218 790 3

213 789 301 874 bant,
324 793 427 876 veriti,
449 816 490 857 ne
504 796 538 858 in
560 795 813 859 adversariorum
831 804 867 858 ut
887 793 1061 857 insidiandi
1143 795 1188 856 tia

213 876 258 939 ibi
287 881 547 944 commorantium
576 879 712 944 classem
739 879 924 960 inciderent,
956 880 1064 963 impru
1089 889 1187 942 entes

213 961 287 1025 vela
318 964 352 1026 in
383 962 482 1028 altum
515 965 670 1030 dederunt
695 987 734 1028 ac
760 964 816 1028 diu
843 964 1040 1048 multumque
1070 965 1185 1027 iactati

213 1047 342 1111 tandem
364 1049 471 1112 multis
492 1060 566 1135 post
580 1048 694 1115 dicbus
717 1051 769 1113 siti
790 1050 959 1136 inopiaque
981 1049 1127 1114 confecti
1144 1050 1184 1112 ad

214 1131 386 1196 Caesarem
407 1136 605 1219 perveniunt.

277 1218 328 1281 54.
352 1218 475 1297 Quibus
498 1220 674 1310 legionibus
704 1222 854 1306 expositis
882 1241 1004 1283 memor
1025 1220 1062 1282 in
1084 1219 1185 1285 Italia

211 1305 365 1451 pqrstinae
394 1303 541 1370 licentiae
568 1306 710 1370 militaris
740 1329 778 1369 ac
806 1306 987 1390 rapinarum
1014 1315 1182 1370 certorum

254 1392 375 1453 minum
395 1389 561 1475 parvulam
589 1391 683 1456 modo
711 1391 873 1456 consulam
902 1399 1014 1453 nactus
1043 1389 1180 1473 Caesar,

213 1474 299 1558 quod
320 1473 356 1539 O.
371 1475 522 1556 Avienus,
545 1477 691 1541 tribunus
706 1477 841 1541 militum
856 1483 882 1540 X
895 1475 1041 1560 legionis,
1059 1498 1180 1542 navem

213 1570 405 1624 commeatus
426 1561 547 1626 familia
568 1585 625 1627 sua
654 1576 749 1628 atne
777 1564 926 1626 iumentis
953 1564 1181 1644 occupavisset

186 1653 315 1730 'neque
343 1646 475 1711 militem
502 1671 600 1712 unum
622 1649 662 1713 ab
688 1587 800 1712 Sicilia
829 1646 1014 1726 sustulisset,
1044 1657 1180 1731 postero

212 1730 264 1794 die
279 1731 319 1795 de
334 1744 486 1818 suggestu
507 1735 687 1798 convocatis
708 1735 847 1799 omnium
861 1733 1023 1820 legionum
1037 1733 1177 1798 tribunis

212 1817 522 1905 centurionibusque,
555 1819 695 1884 Maxime
726 1819 854 1900 vellem,
881 1821 992 1904 inquit,
1026 1816 1178 1882 homines

212 1923 288 1966 suae
309 1902 503 1987 petulantiae
524 1907 704 1991 nimiaeque
720 1905 873 1969 libertatis
889 1903 1061 1989 aliquando
1077 1905 1176 1968 finem

210 1987 362 2052 fecissent
382 2011 536 2075 meaeque
559 1990 714 2072 lenitatis,
743 1990 916 2054 modestiae
936 1990 1177 2076 patientiaeque

210 2075 366 2137 rationem
380 2073 574 2140 habuissent
593 2076 658 2140 Sed
673 2077 820 2160 quoniam
834 2075 899 2139 illis
922 2075 1011 2139 abusi
1034 2073 1099 2136 sibi
1122 2098 1176 2138 ne-

212 2181 273 2244 que
296 2158 425 2223 modum
446 2183 550 2249 neque
571 2163 740 2226 terminum
763 2163 964 2241 constituunt,
988 2181 1051 2245 quo
1077 2162 1176 2225 ceteri

212 2245 407 2309 dissimiliter
423 2268 457 2310 se
473 2259 594 2334 gerant,
617 2257 741 2332 egomet
755 2248 824 2332 ipse
840 2247 1066 2310 documentum
1082 2268 1174 2309 more

211 2330 341 2395 militari
362 2335 560 2398 constituam.
585 2333 621 2398 O.
644 2333 776 2413 Avieno,
794 2333 879 2418 quod
899 2329 1040 2394 initalia
1054 2330 1175 2394 milites

209 2417 319 2502 populi
346 2417 480 2482 Romani
509 2430 618 2484 contra
644 2416 872 2504 rempublicam
902 2415 1059 2502 instigasti
1088 2420 1174 2502 rapi-

210 2526 268 2568 nas
292 2527 332 2568 ue
360 2527 418 2589 per
444 2506 616 2592 municipia
643 2503 746 2568 fecisti
796 2503 922 2589 uodque
953 2501 1032 2565 mihi
1059 2503 1174 2587 reique

209 2527 357 2676 publicae
379 2590 498 2657 inutilis
518 2594 605 2657 fuisti
628 2600 659 2653 et
673 2611 730 2674 pro
745 2526 897 2652 militibus
911 2597 998 2650 tuam
1017 2586 1173 2651 familiam

209 2679 413 2762 iumentaque
434 2678 468 2740 in
489 2700 589 2744 naves
616 2678 800 2761 imposuisti,
828 2684 944 2759 tuaque
972 2693 1070 2758 opera
1090 2673 1173 2736 mili-

208 2764 293 2828 tibus
320 2773 462 2849 tempore
494 2761 674 2828 necessario
706 2759 888 2846 respublica
911 2768 1006 2840 caret,
1041 2757 1083 2821 ob
1117 2782 1173 2823 eas

208 2871 262 2913 res
289 2849 482 2936 ignominiae
512 2871 608 2914 causa
634 2846 675 2910 ab
705 2849 847 2913 exercitu
875 2868 945 2910 meo
967 2855 1000 2911 te
1020 2865 1172 2934 removeo

144 2948 147 2954 '
208 2934 366 3021 hodieque
388 2957 430 2998 ex
450 2933 563 3000 Africa
582 2935 696 3001 abesse
711 2943 743 2998 et
757 2941 909 3018 quantum
923 2940 997 3016 pote
1011 2929 1173 3014 proficisci

209 3021 313 3086 iubeo.
336 3020 480 3107 Itemque
507 3031 550 3104 te,
580 3020 663 3084 Aule
692 3019 815 3100 Fontei,
840 3017 923 3106 quod
945 3015 1092 3081 tribunus
1113 3019 1170 3080 mi·

209 3105 299 3170 litum
323 3106 489 3171 seditiosus
504 3107 669 3194 malusque
691 3106 769 3170 civis
791 3105 885 3186 fuisti,
907 3112 939 3166 te
961 3100 1001 3166 ab
1024 3103 1169 3166 exercitu

208 3192 342 3257 dimitto.
371 3192 442 3256 Tite
469 3191 620 3275 Saliene,
636 3191 678 3254 M.
708 3191 793 3273 Tiro,
825 3187 862 3252 C.
891 3187 1047 3266 Clusinos,
1071 3209 1170 3272 quum

209 3277 337 3341 ordines
359 3280 393 3341 in
414 3300 484 3342 meo
514 3279 656 3342 exercitu
682 3276 837 3342 beneficio
863 3297 928 3339 non
956 3275 1072 3336 virtute
1095 3294 1170 3336 eon-

210 3366 308 3426 secuti
330 3364 376 3427 ita
396 3385 454 3426 vos
476 3365 647 3449 gesseritis,
671 3371 706 3426 ut
726 3383 830 3447 neque
848 3359 932 3424 bello
954 3360 1049 3422 fortes
1063 3379 1169 3443 neque

208 3467 287 3529 pace
309 3447 386 3512 boni
407 3457 470 3532 ‚aut
490 3448 584 3512 utiles
613 3449 736 3512 fueritis
766 3457 798 3511 et
823 3447 924 3530 magis
952 3443 986 3507 in
1014 3442 1169 3508 seditione

208 3533 467 3618 concitandisqne
497 3533 648 3596 militibus
679 3531 848 3597 adversum
869 3539 1011 3596 vestrum
1033 3530 1168 3612 impera-
