2538 3978
177 198 239 264 100
464 200 526 264 DE
547 197 692 264 BELLO
716 196 849 262 civim

176 369 214 434 Id
244 378 311 436 erat
332 371 542 456 perexiguum
565 393 661 456 quum
682 372 781 456 ipsius
805 371 872 455 agri
900 379 1022 449 natura,
1053 368 1152 454 quod

177 467 250 520 sunt
279 455 349 520 loca
378 478 491 541 aspera
518 465 549 520 et
571 465 752 538 montuosa,
787 477 825 518 ac
853 455 1041 540 plerumque
1075 455 1151 518 fm-

176 551 281 604 mento
303 551 434 605 utuntur
455 543 633 626 importato,
662 535 729 606 t'um
757 539 841 626 quod
867 540 1036 626 Pompeius
1059 541 1150 604 haec

177 627 360 712 providerat
381 635 413 690 et
434 626 649 712 superioribus
672 626 784 692 diebus
805 625 944 710 praedae
966 626 1036 690 loco
1061 626 1147 689 Par-

176 711 280 776 thinos
303 711 458 776 habuerat
499 713 754 798 frumentumque
795 733 888 776 omne
926 713 1147 796 conquisitum

177 798 317 883 spoliatis
340 797 525 884 effossisque
548 819 658 862 eorum
673 798 817 862 domibus
840 819 897 883 per
918 798 1038 882 equites
1054 818 1147 862 com-

198 891 325 947 ortarat.

175 905 196 969 p
241 969 291 1032 43.
316 968 438 1047 Quibus
460 968 556 1034 rebus
580 971 713 1054 cognitis
738 969 857 1034 ansar
873 968 1038 1032 consilium
1054 973 1149 1054 capit

177 1054 303 1120 exloci
324 1064 444 1118 natura.
483 1055 583 1128 Erant
613 1057 707 1133 enim,
727 1057 845 1118 circum
875 1064 979 1119 castra
1006 1055 1145 1140 Pompei

177 1139 324 1225 permulti
347 1141 423 1204 editi
438 1151 531 1227 atque
554 1143 658 1226 asperi
676 1140 783 1204 colles
806 1140 874 1204 Hos
897 1143 1033 1225 primum
1047 1163 1144 1226 prae-

177 1221 265 1290 sidiis
287 1228 388 1290 tenuit
411 1226 602 1312 castellaque
631 1226 677 1290 ibi
704 1227 885 1290 communit.
908 1226 996 1308 Inde,
1019 1236 1054 1290 ut
1075 1226 1144 1291 loci

178 1313 329 1397 cuiusque
361 1321 473 1378 natura
504 1311 643 1393 ferebat,
674 1335 715 1376 ex
744 1312 874 1376 castello
907 1313 940 1375 in
974 1312 1143 1376 castellum

178 1397 331 1482 perducta
345 1399 517 1462 munitione
533 1398 775 1462 circumvallare
794 1399 979 1484 Pompeium
993 1399 1142 1481 instituit,

175 1483 256 1546 haec
279 1492 434 1566 spectans,
452 1483 535 1568 quod
555 1497 739 1569 angustare
753 1485 959 1549 frumentaria
980 1483 1141 1566 utebatur,

177 1568 324 1654 quodque
345 1569 513 1654 Pompeius
536 1570 735 1634 multitudine
757 1572 896 1656 equitum
915 1569 1052 1651 valebat,
1074 1593 1141 1656 quo

177 1655 298 1718 minore
321 1655 462 1739 periculo
489 1657 629 1741 undique
651 1656 842 1720 frumentum
865 1665 1139 1742 commeatumque

178 1742 330 1806 exercitui
359 1752 544 1826 supportare
574 1751 695 1827 posset,
727 1741 835 1823 simul,
858 1743 904 1806 uti
933 1741 1139 1826 pabulatione

176 1827 361 1912 Pompeium
394 1827 578 1911 prohiberet
614 1831 860 1913 equitatumque
887 1829 954 1891 eius
991 1828 1032 1891 sd
1067 1849 1137 1892 rem

177 1912 351 1998 gerendam
373 1913 516 1978 inutilem
544 1913 692 1995 efficeret,
723 1917 826 1995 tertio,
849 1924 884 1976 ut
906 1915 1137 1994 auctoritatem,

178 2020 241 2084 qua
262 1998 316 2062 ille
331 1999 468 2062 maxime
484 2023 503 2063 a
525 1999 569 2062 ud
584 2008 709 2064 exteras
724 2002 869 2065 nationes
884 1999 942 2062 niti
955 1999 1136 2080 videbatur,

177 2086 343 2164 minueret,
374 2107 471 2170 quum
497 2023 583 2148 lima
609 2107 665 2170 per
694 2085 803 2149 orbem
832 2095 990 2149 terrarum
1010 2107 1135 2170 perere·

177 2170 307 2320 {libel
330 2169 420 2234 illum
435 2193 454 2234 a
469 2170 607 2236 Caesare
620 2171 758 2236 obsideri
768 2193 872 2257 neque
884 2171 1001 2235 audere
1016 2170 1134 2256 proelio

212 2277 336 2319 m1eare.

240 2341 292 2406 44.
315 2339 483 2427 Pompeius
511 2364 615 2492 neque
645 2365 665 2406 a
685 2344 767 2408 mari
788 2343 1051 2491 Dyrrhachioque
1074 2341 1132 2405 dis-

178 2427 292 2491 cedere
314 2427 451 2509 volebat,
483 2450 544 2513 quo

178 2536 276 2592 arma,
299 2523 456 2578 tormenta
476 2515 522 2578 ibi
536 2514 748 2578 collocaverat
769 2515 1022 2601 frumentumque
1046 2536 1131 2579 exer-

178 2599 254 2663 citui
275 2598 409 2663 natibus
425 2599 638 2685 supportabat,
661 2623 764 2688 neque
784 2603 972 2666 munitiones
988 2599 1132 2664 Caesaris

178 2685 346 2772 prohibere
368 2696 499 2770 poterat,
522 2687 584 2750 nisi
599 2687 720 2771 proelio
735 2687 900 2751 decertare
922 2686 1035 2767 vellet3
1052 2686 1131 2773 quod

144 2784 145 2787 ’
179 2795 215 2836 eo
238 2782 379 2857 tempore
402 2781 554 2836 statuerat
575 2795 640 2836 non
663 2794 733 2836 esse
755 2773 943 2838 faciendum.
965 2773 1131 2857 Relinque-

589 2451 715 2493 omnem
737 2440 923 2514 apparatum
945 2429 998 2492 bel
1012 2431 1032 2511 i,
1062 2428 1130 2509 tela,
1248 2509 1249 2514 η

177 2858 284 2938 batur,
312 2867 347 2920 ut
376 2865 550 2921 extremam
578 2860 731 2922 rationem
763 2858 840 2922 belli
873 2880 1010 2945 sequens
1041 2880 1128 2945 quam
1246 2883 1247 2886 ¹

178 2943 329 3029 plurimos
352 2941 449 3006 colles
478 2953 646 3029 occuparet
668 2953 700 3038 et
723 2967 816 3030 quam
842 2945 1013 3008 latissimas
1033 2945 1129 3030 regio·

177 3051 235 3094 nes
272 3027 437 3115 praesidiis
472 3037 596 3094 teneret
639 3027 847 3115 Caesarisque
881 3034 1003 3116 copias,
1042 3052 1130 3116 quam

178 3116 316 3180 maxime
342 3121 463 3199 posset,
491 3114 673 3197 distineret3
702 3116 797 3201 idque
827 3117 949 3180 accidit.
988 3115 1130 3180 Castellis

179 3203 263 3264 enim
285 3207 384 3262 xxlm
408 3200 527 3264 effectis
550 3209 600 3262 XV
631 3201 718 3264 milia
744 3224 895 3287 passuum
917 3204 1050 3266 circuitu
1072 3223 1129 3264 am·

177 3286 292 3371 plexus
314 3287 374 3350 hoc
397 3287 496 3370 spatio
510 3286 744 3370 ,pabulabatur3
764 3287 926 3374 multaque
948 3297 1038 3350 erant
1051 3288 1131 3350 intra

179 3394 251 3434 eum
272 3372 376 3436 locum
397 3393 494 3435 manu
516 3383 593 3454 sata,
628 3373 741 3458 quibus
768 3374 895 3436 interim
923 3375 1062 3436 iumenta
1103 3395 1131 3436 a·
1248 3395 1249 3402 ¹

178 3458 292 3521 sceret.
315 3459 420 3543 Atque
442 3466 477 3522 ut
498 3459 600 3522 nostri
621 3469 791 3545 perpetuas
813 3460 1003 3524 munitiones
1024 3481 1060 3524 re
1102 3481 1131 3523 e·
