2532 3968
520 243 775 322 reseratio.
813 345 815 348 Ι
980 254 1060 363 ¹ut.

108 423 371 511 Gaesariauorum
392 427 527 497 nauibus
541 427 657 492 facttum
680 427 730 510 ait,
752 429 839 512 prius
861 437 890 492 et
906 427 999 494 eiecit
1013 445 1051 492 eo

107 510 249 592 mantio,
261 524 307 576 ut
327 515 393 578 iam
411 513 543 580 artificio
572 511 818 598 gubernatorum
841 510 1051 580 Caesarianae

107 605 207 661 naves
227 597 383 663 diductae
412 599 565 664 dteantur.
598 596 663 663 Sed
691 621 794 684 neque
821 596 909 664 locus
935 596 1050 682 placat,

107 701 203 766 quem
224 682 288 744 iam
311 683 466 758 ablativus
487 683 542 747 ille
569 690 708 760 artificio.
722 689 958 762 ebiomatarum
972 681 1057 750 obit

105 777 170 847 net,
192 787 295 852 neque
318 769 451 854 amplius
472 791 544 833 esse
565 767 707 849 videtum,
730 789 786 834 cur
808 767 975 836 adfictum
996 787 1052 851 gu·

105 849 311 917 bernatorum
332 863 493 940 tamquam
514 852 674 937 singulare
696 853 800 922 bacin
815 859 1052 922 teterrimarum

106 946 204 1018 retur,
228 938 255 1000 si
268 938 345 1003 nihil
368 940 452 1003 aliud
473 940 548 1002 inde
570 939 716 1003 effectum
735 947 792 1020 est,
814 935 877 1008 nisi
897 946 934 1001 ut
952 959 1058 1007 naves,

107 1019 340 1087 diducerentur.
372 1023 490 1110 ltaque.
506 1033 631 1090 tantum
642 1023 719 1097 mihi
740 1023 853 1090 abesse
867 1022 1002 1104 viderur,
1017 1031 1052 1085 ut

105 1104 187 1169 illud
208 1121 236 1171 et
258 1109 299 1174 eit
320 1109 524 1188 eliciendum,
555 1118 590 1174 ut
616 1109 703 1174 aliud
725 1117 797 1176 ante
819 1107 986 1172 mobilitati
1011 1109 1059 1174 sit.

105 1191 311 1258 inserendum
324 1216 367 1258 ae·
377 1193 594 1260 scribendum:
618 1207 651 1258 et
662 1202 801 1272 ,artificio
816 1199 1055 1270 cubernatoruta

106 1290 143 1340 et
161 1285 317 1346 mobilitati
337 1287 553 1346 neuiumiocus
569 1285 716 1362 dotatum
739 1279 873 1346 diductis
896 1279 980 1343 enirn
997 1299 1057 1340 na·,

86 1360 199 1427 ribus
221 1363 354 1430 facultas
374 1365 466 1453 facta¹
478 1375 527 1430 est
546 1365 729 1450 probandae
751 1373 782 1430 et
809 1363 1056 1448 gubernatorum

106 1449 238 1532 peritiae
261 1458 292 1512 et
312 1451 441 1516 navium
464 1449 643 1516 celeritatis.

116 1573 122 1580 -ι
172 1533 208 1595 0.
233 1535 274 1596 10
295 1535 469 1600 musculum
490 1537 587 1621 pedes
608 1536 669 1600 LX
690 1535 816 1621 longum
836 1534 933 1598 fuisse
956 1555 1054 1619 quum

106 1618 278 1682 uerisimile
307 1642 370 1684 non
401 1624 464 1704 sit,·
485 1623 546 1685 viri
575 1622 658 1687 docti
686 1620 740 1686 alii
768 1619 864 1684 alium
888 1639 1057 1686 numerum.

105 1701 313 1788 protulerunt
346 1705 464 1792 Recepi
506 1729 580 1775 uem
602 1706 756 1773 Goelerus
778 1704 925 1790 probavit
945 1724 1053 1770 nume-

106 1809 179 1852 rum
201 1788 284 1869 ,XX‘
305 1792 339 1854 in
367 1790 448 1855 libro
470 1729 532 1874 ‚die
560 1792 715 1877 Kaempfe
747 1789 800 1854 bei
820 1788 1055 1874 Dyrrhachium

106 1873 174 1938 und
194 1873 375 1939 Pharsalus‘
396 1897 427 1961 p.
452 1877 529 1959 1343
557 1877 641 1942 huno
654 1878 745 1944 ‘enirn
774 1897 937 1938 numerum
960 1883 992 1944 et
1013 1873 1054 1938 ad

108 1976 179 2022 rem
201 1961 397 2043 aptissimum
419 1971 451 2026 et
470 1962 545 2026 inde
567 1961 763 2048 probabilem
785 1959 906 2041 iudico,
922 1958 1006 2045 quod
1027 1959 1055 2022 ai

106 2044 196 2128 prius
225 2045 348 2129 signum
377 2047 472 2132 paulo
499 2049 711 2134 negligentius
739 2055 904 2110 exaratum
931 2043 985 2109 vel
1013 2067 1055 2110 ex

106 2139 199 2213 parte
222 2133 411 2196 exstirtctum
431 2129 500 2213 fuit,
520 2135 565 2198 ita
584 2143 622 2200 ut
641 2133 723 2198 hanc
743 2132 809 2196 fere
839 2131 977 2215 speciem
998 2151 1054 2192 nu·

106 2234 214 2278 merua
229 2216 396 2299 praeberet
416 2218 521 2299 ,<X‚‘
543 2216 636 2284 facile
655 2218 728 2284 iude
743 2217 915 2301 sexaginta
931 2216 1055 2282 numeri

107 2299 233 2382 signum
256 2304 381 2368 exarari
402 2305 510 2388 potuit.
525 2341 568 2355 ·-
582 2303 668 2367 Infra
682 2325 725 2366 ex
742 2301 960 2385 Oudendorpii
981 2322 1053 2365 con-

105 2383 230 2448 iectura
250 2406 367 2452 vocem
392 2400 466 2454 teoto
488 2389 609 2455 inserui
618 2409 629 2464 t¹
653 2393 701 2456 tta
719 2394 867 2468 [astipulo
890 2399 979 2465 atque
1001 2407 1057 2451 or·

108 2475 234 2534 denotem
255 2483 369 2538 structo
393 2485 504 2538 tecto.

116 2593 117 2597 =
162 2551 199 2617 Ο.
213 2554 254 2618 14
264 2559 537 2642 praepositionem,
548 2581 630 2645 quae
644 2566 716 2622 ante
727 2579 812 2622 muro
820 2555 938 2627 excidit
945 2555 1032 2642 (sed.
1045 2606 1052 2618 .

106 2659 195 2704 muro
218 2650 340 2720 sapietis
362 2647 575 2724 tormentisque
599 2650 752 2724 sepientes
773 2650 920 2722 persequi
943 2648 1053 2722 proiti-

97 2723 230 2811 Δῠιῑηιαν)
244 2747 308 2792 non
334 2749 350 2791 e
372 2734 425 2792 sed
443 2729 589 2796 defuisse
604 2727 644 2794 ob
659 2726 849 2798 antecedens
864 2725 1053 2792 vocabulum

107 2815 165 2874 red
198 2812 355 2896 suspicor,
385 2814 473 2881 cuiue
506 2813 610 2883 finalis
642 2812 747 2884 littera
778 2812 863 2882 haud
896 2811 992 2882 dubie
1020 2811 1053 2874 in

108 2915 208 2958 causa
240 2906 324 2981 erat,
360 2919 416 2965 cur
448 2897 596 2968 librarius
626 2899 666 2965 ab
699 2907 851 2985 sequente
885 2905 921 2968 de
953 2895 1055 2966 oculis

107 2977 280 3050 aberraret
574 3019 575 3024 κ

175 3063 211 3128 O.
235 3068 275 3130 16
297 3070 422 3151 retinui,
446 3069 531 3158 quod
545 3091 654 3137 omnes
669 3068 742 3132 libri
756 3067 874 3138 habent
888 3075 1054 3134 catamiti.

108 3147 149 3213 N.
177 3163 390 3218 correcturam
416 3157 450 3218 in
476 3155 603 3240 megine
625 3153 808 3222 Aieardiani
835 3153 910 3222 libri
938 3152 1055 3216 adscri-

108 3241 197 3320 ptam
219 3246 446 3305 circumueniri
469 3239 623 3324 probavit.

175 3319 212 3388 C.
236 3321 275 3386 19
299 3323 509 3411 Nipperdeius
537 3323 627 3390 libris
650 3323 819 3392 obsecutus
847 3324 960 3391 edidit:
989 3330 1056 3404 titre

108 3409 334 3486 coequentur
355 3419 473 3489 muenia
500 3417 658 3478 triambes
681 3417 891 3492 proeredttur.
920 3409 1055 3493 Praepo-

108 3491 257 3560 sitionem
276 3515 344 3562 'ceta
370 3498 405 3562 in
434 3495 570 3560 ablativo
601 3501 665 3564 ,Dc
690 3503 846 3576 equitibus*
876 3495 982 3564 omitti
1002 3514 1054 3579 pu
