<?xml version="1.0" encoding="UTF-8"?>
<!DOCTYPE html PUBLIC "-//W3C//DTD XHTML 1.0 Transitional//EN"
    "http://www.w3.org/TR/xhtml1/DTD/xhtml1-transitional.dtd">
<html xmlns="http://www.w3.org/1999/xhtml" xml:lang="en" lang="en">
 <head>
  <title>
</title>
<meta http-equiv="Content-Type" content="text/html;charset=utf-8" />
  <meta name='ocr-system' content='tesseract 3.04.00' />
  <meta name='ocr-capabilities' content='ocr_page ocr_carea ocr_par ocr_line ocrx_word'/>
</head>
<body>
  <div class='ocr_page' id='page_1' title='image "./ciuliicaesarisc01hirtgoog_0348.png"; bbox 0 0 2562 3970; ppageno 0'>
   <div class='ocr_carea' id='block_1_1' title="bbox 410 939 807 1008">
    <p class='ocr_par' dir='ltr' id='par_1_1' title="bbox 410 939 807 1008">
     <span class='ocr_line' id='line_1_1' title="bbox 410 939 807 1008; baseline 0 -2"><span class='ocrx_word' id='word_1_1' title='bbox 410 941 445 1006; x_wconf 80' lang='grc' dir='ltr'>Ο.</span> <span class='ocrx_word' id='word_1_2' title='bbox 468 943 576 1008; x_wconf 89' lang='lat' dir='ltr'>IULII</span> <span class='ocrx_word' id='word_1_3' title='bbox 599 939 807 1007; x_wconf 82' lang='lat' dir='ltr'>CAESARIS</span> 
     </span>
    </p>
   </div>
   <div class='ocr_carea' id='block_1_2' title="bbox 194 1076 975 1192">
    <p class='ocr_par' dir='ltr' id='par_1_2' title="bbox 194 1076 975 1192">
     <span class='ocr_line' id='line_1_2' title="bbox 194 1076 975 1192; baseline -0.004 0"><span class='ocrx_word' id='word_1_4' title='bbox 194 1076 347 1192; x_wconf 77' lang='grc'>,1111</span> <span class='ocrx_word' id='word_1_5' title='bbox 398 1077 660 1192; x_wconf 72' lang='lat' dir='ltr'>uultu</span> <span class='ocrx_word' id='word_1_6' title='bbox 714 1076 975 1191; x_wconf 84' lang='lat' dir='ltr'>ClVlLl</span> 
     </span>
    </p>
   </div>
   <div class='ocr_carea' id='block_1_3' title="bbox 326 1269 902 1336">
    <p class='ocr_par' dir='ltr' id='par_1_3' title="bbox 326 1269 902 1336">
     <span class='ocr_line' id='line_1_3' title="bbox 326 1269 902 1336; baseline 0.002 -3"><span class='ocrx_word' id='word_1_7' title='bbox 326 1269 692 1336; x_wconf 72' lang='lat' dir='ltr'><strong>COMMENTARIUS</strong></span> <span class='ocrx_word' id='word_1_8' title='bbox 714 1270 902 1335; x_wconf 82' lang='lat' dir='ltr'>PlillllUS.</span> 
     </span>
    </p>
   </div>
   <div class='ocr_carea' id='block_1_4' title="bbox 405 1550 815 1602">
    <p class='ocr_par' dir='ltr' id='par_1_4' title="bbox 405 1550 815 1602">
     <span class='ocr_line' id='line_1_4' title="bbox 405 1550 815 1602; baseline 0.002 -2"><span class='ocrx_word' id='word_1_9' title='bbox 405 1550 815 1602; x_wconf 81' lang='lat' dir='ltr'><strong>ARGUMENTUM.</strong></span> 
     </span>
    </p>
   </div>
   <div class='ocr_carea' id='block_1_5' title="bbox 136 1667 1089 3036">
    <p class='ocr_par' dir='ltr' id='par_1_5' title="bbox 136 1667 1089 3036">
     <span class='ocr_line' id='line_1_5' title="bbox 136 1667 1088 1736; baseline 0.005 -19"><span class='ocrx_word' id='word_1_10' title='bbox 136 1667 179 1735; x_wconf 80' lang='lat' dir='ltr'>[A.</span> <span class='ocrx_word' id='word_1_11' title='bbox 198 1669 231 1719; x_wconf 92' lang='lat' dir='ltr'>U.</span> <span class='ocrx_word' id='word_1_12' title='bbox 251 1669 279 1718; x_wconf 80' lang='lat'>0.</span> <span class='ocrx_word' id='word_1_13' title='bbox 299 1669 366 1736; x_wconf 67' lang='grc'>701]</span> <span class='ocrx_word' id='word_1_14' title='bbox 385 1671 493 1736; x_wconf 78' lang='lat' dir='ltr'>Propter</span> <span class='ocrx_word' id='word_1_15' title='bbox 512 1671 628 1736; x_wconf 82' lang='lat' dir='ltr'>legiones</span> <span class='ocrx_word' id='word_1_16' title='bbox 642 1671 749 1722; x_wconf 79' lang='grc'>0111111</span> <span class='ocrx_word' id='word_1_17' title='bbox 760 1679 806 1736; x_wconf 86' lang='lat' dir='ltr'>pc&#39;r</span> <span class='ocrx_word' id='word_1_18' title='bbox 824 1687 929 1721; x_wconf 82' lang='lat' dir='ltr'>causam</span> <span class='ocrx_word' id='word_1_19' title='bbox 946 1671 1009 1720; x_wconf 91' lang='lat' dir='ltr'>belli</span> <span class='ocrx_word' id='word_1_20' title='bbox 1026 1673 1088 1722; x_wconf 87' lang='lat' dir='ltr'>Par·</span> 
     </span>
     <span class='ocr_line' id='line_1_6' title="bbox 168 1737 1088 1804; baseline 0.004 -18"><span class='ocrx_word' id='word_1_21' title='bbox 168 1737 231 1786; x_wconf 87' lang='lat' dir='ltr'>thiei</span> <span class='ocrx_word' id='word_1_22' title='bbox 248 1738 375 1789; x_wconf 89' lang='lat' dir='ltr'>detractas</span> <span class='ocrx_word' id='word_1_23' title='bbox 398 1745 424 1788; x_wconf 88' lang='lat' dir='ltr'>et</span> <span class='ocrx_word' id='word_1_24' title='bbox 449 1739 572 1804; x_wconf 91' lang='lat' dir='ltr'>Pompeio</span> <span class='ocrx_word' id='word_1_25' title='bbox 591 1755 607 1788; x_wconf 87' lang='grc'>1</span> <span class='ocrx_word' id='word_1_26' title='bbox 630 1745 722 1789; x_wconf 85' lang='lat' dir='ltr'>senatu</span> <span class='ocrx_word' id='word_1_27' title='bbox 750 1739 858 1790; x_wconf 86' lang='lat' dir='ltr'>traditas</span> <span class='ocrx_word' id='word_1_28' title='bbox 886 1755 964 1804; x_wconf 84' lang='lat' dir='ltr'>quum</span> <span class='ocrx_word' id='word_1_29' title='bbox 990 1740 1088 1790; x_wconf 92' lang='lat' dir='ltr'>bellum</span> 
     </span>
     <span class='ocr_line' id='line_1_7' title="bbox 168 1806 1088 1873; baseline 0.003 -19"><span class='ocrx_word' id='word_1_30' title='bbox 168 1806 245 1854; x_wconf 76' lang='lat' dir='ltr'>civile</span> <span class='ocrx_word' id='word_1_31' title='bbox 262 1807 313 1856; x_wconf 85' lang='lat' dir='ltr'>iam</span> <span class='ocrx_word' id='word_1_32' title='bbox 329 1807 479 1869; x_wconf 76' lang='lat' dir='ltr'><strong>immineret,</strong></span> <span class='ocrx_word' id='word_1_33' title='bbox 498 1807 594 1858; x_wconf 79' lang='lat' dir='ltr'>Caesar</span> <span class='ocrx_word' id='word_1_34' title='bbox 611 1807 729 1858; x_wconf 89' lang='lat' dir='ltr'>ultimum</span> <span class='ocrx_word' id='word_1_35' title='bbox 746 1809 818 1873; x_wconf 89' lang='lat' dir='ltr'>pacis</span> <span class='ocrx_word' id='word_1_36' title='bbox 838 1807 1024 1858; x_wconf 74' lang='lat' dir='ltr'>sustentandae</span> <span class='ocrx_word' id='word_1_37' title='bbox 1043 1824 1088 1873; x_wconf 88' lang='lat' dir='ltr'>pc-</span> 
     </span>
     <span class='ocr_line' id='line_1_8' title="bbox 169 1873 1087 1942; baseline 0.004 -20"><span class='ocrx_word' id='word_1_38' title='bbox 169 1873 279 1923; x_wconf 89' lang='lat' dir='ltr'>riculum</span> <span class='ocrx_word' id='word_1_39' title='bbox 296 1875 357 1924; x_wconf 82' lang='lat' dir='ltr'>lecit</span> <span class='ocrx_word' id='word_1_40' title='bbox 374 1877 459 1926; x_wconf 83' lang='lat' dir='ltr'>missis</span> <span class='ocrx_word' id='word_1_41' title='bbox 477 1876 510 1925; x_wconf 90' lang='lat' dir='ltr'>ad</span> <span class='ocrx_word' id='word_1_42' title='bbox 528 1879 645 1926; x_wconf 85' lang='lat' dir='ltr'>senatum</span> <span class='ocrx_word' id='word_1_43' title='bbox 663 1876 695 1926; x_wconf 93' lang='lat' dir='ltr'>de</span> <span class='ocrx_word' id='word_1_44' title='bbox 714 1877 900 1942; x_wconf 78' lang='lat' dir='ltr'>compositione</span> <span class='ocrx_word' id='word_1_45' title='bbox 920 1877 1020 1926; x_wconf 89' lang='lat' dir='ltr'>litteris.</span> <span class='ocrx_word' id='word_1_46' title='bbox 1047 1877 1087 1926; x_wconf 91' lang='lat' dir='ltr'>De</span> 
     </span>
     <span class='ocr_line' id='line_1_9' title="bbox 171 1943 1087 2008; baseline 0.003 -17"><span class='ocrx_word' id='word_1_47' title='bbox 171 1943 264 2007; x_wconf 88' lang='lat' dir='ltr'>quibus</span> <span class='ocrx_word' id='word_1_48' title='bbox 282 1944 416 2008; x_wconf 84' lang='lat' dir='ltr'>quominus</span> <span class='ocrx_word' id='word_1_49' title='bbox 435 1943 468 1994; x_wconf 85' lang='lat' dir='ltr'>ad</span> <span class='ocrx_word' id='word_1_50' title='bbox 486 1949 603 1994; x_wconf 89' lang='lat' dir='ltr'>senatum</span> <span class='ocrx_word' id='word_1_51' title='bbox 620 1943 759 1994; x_wconf 81' lang='lat' dir='ltr'>referretur</span> <span class='ocrx_word' id='word_1_52' title='bbox 787 1945 891 1994; x_wconf 81' lang='lat' dir='ltr'>obstant</span> <span class='ocrx_word' id='word_1_53' title='bbox 915 1945 1036 1994; x_wconf 89' lang='lat' dir='ltr'>consules</span> <span class='ocrx_word' id='word_1_54' title='bbox 1066 1960 1087 1994; x_wconf 92' lang='lat' dir='ltr'>c.</span> 
     </span>
     <span class='ocr_line' id='line_1_10' title="bbox 171 2010 1087 2064; baseline 0.004 -4"><span class='ocrx_word' id='word_1_55' title='bbox 171 2013 193 2062; x_wconf 87' lang='lat'>1</span> <span class='ocrx_word' id='word_1_56' title='bbox 213 2010 309 2061; x_wconf 78' lang='lat' dir='ltr'>Cacsar</span> <span class='ocrx_word' id='word_1_57' title='bbox 335 2013 475 2062; x_wconf 80' lang='lat' dir='ltr'>exercitum</span> <span class='ocrx_word' id='word_1_58' title='bbox 502 2012 629 2062; x_wconf 83' lang='lat' dir='ltr'>dimittere</span> <span class='ocrx_word' id='word_1_59' title='bbox 654 2014 797 2064; x_wconf 89' lang='lat' dir='ltr'>iubeturc.</span> <span class='ocrx_word' id='word_1_60' title='bbox 816 2015 839 2062; x_wconf 78' lang='lat'>2.</span> <span class='ocrx_word' id='word_1_61' title='bbox 869 2013 939 2063; x_wconf 89' lang='lat' dir='ltr'>Urbe</span> <span class='ocrx_word' id='word_1_62' title='bbox 963 2013 1087 2064; x_wconf 86' lang='lat' dir='ltr'>militibus</span> 
     </span>
     <span class='ocr_line' id='line_1_11' title="bbox 170 2079 1087 2147; baseline 0.002 -19"><span class='ocrx_word' id='word_1_63' title='bbox 170 2079 298 2144; x_wconf 84' lang='lat' dir='ltr'>completa</span> <span class='ocrx_word' id='word_1_64' title='bbox 315 2095 392 2144; x_wconf 88' lang='lat' dir='ltr'>quum</span> <span class='ocrx_word' id='word_1_65' title='bbox 409 2079 490 2129; x_wconf 89' lang='lat' dir='ltr'>libere</span> <span class='ocrx_word' id='word_1_66' title='bbox 509 2080 663 2130; x_wconf 88' lang='lat' dir='ltr'>decernendi</span> <span class='ocrx_word' id='word_1_67' title='bbox 679 2086 794 2146; x_wconf 84' lang='lat' dir='ltr'>potestas</span> <span class='ocrx_word' id='word_1_68' title='bbox 812 2081 924 2147; x_wconf 86' lang='lat' dir='ltr'>singulis</span> <span class='ocrx_word' id='word_1_69' title='bbox 936 2082 1087 2146; x_wconf 88' lang='lat' dir='ltr'>eriperetur,</span> 
     </span>
     <span class='ocr_line' id='line_1_12' title="bbox 169 2147 1089 2218; baseline 0.002 -22"><span class='ocrx_word' id='word_1_70' title='bbox 169 2147 289 2213; x_wconf 85' lang='lat' dir='ltr'>neglecta</span> <span class='ocrx_word' id='word_1_71' title='bbox 315 2149 392 2198; x_wconf 87' lang='lat' dir='ltr'>etiam</span> <span class='ocrx_word' id='word_1_72' title='bbox 417 2148 577 2198; x_wconf 88' lang='lat' dir='ltr'>tribunorum</span> <span class='ocrx_word' id='word_1_73' title='bbox 600 2150 787 2200; x_wconf 80' lang='lat' dir='ltr'>intercessione</span> <span class='ocrx_word' id='word_1_74' title='bbox 804 2149 833 2199; x_wconf 89' lang='lat' dir='ltr'>fit</span> <span class='ocrx_word' id='word_1_75' title='bbox 849 2149 954 2218; x_wconf 82' lang='lat' dir='ltr'>SGtum,</span> <span class='ocrx_word' id='word_1_76' title='bbox 982 2149 1089 2199; x_wconf 86' lang='lat' dir='ltr'>videant</span> 
     </span>
     <span class='ocr_line' id='line_1_13' title="bbox 171 2185 1088 2284; baseline 0.001 -18"><span class='ocrx_word' id='word_1_77' title='bbox 171 2216 301 2278; x_wconf 87' lang='lat' dir='ltr'>consules,</span> <span class='ocrx_word' id='word_1_78' title='bbox 317 2222 459 2282; x_wconf 89' lang='lat' dir='ltr'>praetores,</span> <span class='ocrx_word' id='word_1_79' title='bbox 471 2218 568 2267; x_wconf 86' lang='lat' dir='ltr'>tribuni</span> <span class='ocrx_word' id='word_1_80' title='bbox 577 2217 661 2282; x_wconf 92' lang='lat' dir='ltr'>plebis</span> <span class='ocrx_word' id='word_1_81' title='bbox 672 2220 766 2283; x_wconf 89' lang='lat' dir='ltr'>quique</span> <span class='ocrx_word' id='word_1_82' title='bbox 776 2235 823 2284; x_wconf 90' lang='lat' dir='ltr'>pro</span> <span class='ocrx_word' id='word_1_83' title='bbox 834 2185 985 2268; x_wconf 70' lang='lat' dir='ltr'>consulibus</span> <span class='ocrx_word' id='word_1_84' title='bbox 995 2219 1046 2267; x_wconf 89' lang='lat' dir='ltr'>sint</span> <span class='ocrx_word' id='word_1_85' title='bbox 1055 2218 1088 2267; x_wconf 86' lang='lat' dir='ltr'>ad</span> 
     </span>
     <span class='ocr_line' id='line_1_14' title="bbox 171 2285 1087 2352; baseline -0.002 -16"><span class='ocrx_word' id='word_1_86' title='bbox 171 2285 268 2346; x_wconf 89' lang='lat' dir='ltr'>urbem,</span> <span class='ocrx_word' id='word_1_87' title='bbox 286 2300 319 2334; x_wconf 92' lang='lat' dir='ltr'>ne</span> <span class='ocrx_word' id='word_1_88' title='bbox 337 2285 399 2350; x_wconf 90' lang='lat' dir='ltr'>quid</span> <span class='ocrx_word' id='word_1_89' title='bbox 416 2286 563 2351; x_wconf 84' lang='lat' dir='ltr'>respublica</span> <span class='ocrx_word' id='word_1_90' title='bbox 582 2287 726 2336; x_wconf 87' lang='lat' dir='ltr'>detrimenti</span> <span class='ocrx_word' id='word_1_91' title='bbox 743 2289 868 2352; x_wconf 86' lang='lat' dir='ltr'>capiate</span> <span class='ocrx_word' id='word_1_92' title='bbox 887 2288 961 2335; x_wconf 83' lang='lat'>3-5</span> <span class='ocrx_word' id='word_1_93' title='bbox 979 2286 1087 2336; x_wconf 87' lang='lat' dir='ltr'>Provin-</span> 
     </span>
     <span class='ocr_line' id='line_1_15' title="bbox 169 2353 1089 2419; baseline -0.001 -15"><span class='ocrx_word' id='word_1_94' title='bbox 169 2355 226 2404; x_wconf 81' lang='lat' dir='ltr'>ciae</span> <span class='ocrx_word' id='word_1_95' title='bbox 242 2353 407 2419; x_wconf 84' lang='lat' dir='ltr'>Pompeianis</span> <span class='ocrx_word' id='word_1_96' title='bbox 426 2356 625 2417; x_wconf 84' lang='lat' dir='ltr'>committuntur,</span> <span class='ocrx_word' id='word_1_97' title='bbox 649 2360 705 2406; x_wconf 87' lang='lat' dir='ltr'>tota</span> <span class='ocrx_word' id='word_1_98' title='bbox 727 2356 805 2406; x_wconf 78' lang='grc'>111111</span> <span class='ocrx_word' id='word_1_99' title='bbox 823 2356 939 2405; x_wconf 87' lang='lat' dir='ltr'>delectus</span> <span class='ocrx_word' id='word_1_100' title='bbox 961 2353 1089 2404; x_wconf 88' lang='lat' dir='ltr'>habentur</span> 
     </span>
     <span class='ocr_line' id='line_1_16' title="bbox 170 2422 1088 2488; baseline 0.001 -17"><span class='ocrx_word' id='word_1_101' title='bbox 170 2438 191 2472; x_wconf 88' lang='grc'>1</span> <span class='ocrx_word' id='word_1_102' title='bbox 211 2425 235 2472; x_wconf 90' lang='grc'>6,</span> <span class='ocrx_word' id='word_1_103' title='bbox 255 2422 352 2472; x_wconf 82' lang='lat' dir='ltr'>Caesar</span> <span class='ocrx_word' id='word_1_104' title='bbox 368 2423 508 2472; x_wconf 84' lang='lat' dir='ltr'>Ravennae</span> <span class='ocrx_word' id='word_1_105' title='bbox 528 2423 597 2488; x_wconf 84' lang='lat' dir='ltr'>apud</span> <span class='ocrx_word' id='word_1_106' title='bbox 614 2424 708 2474; x_wconf 89' lang='lat' dir='ltr'>milites</span> <span class='ocrx_word' id='word_1_107' title='bbox 727 2425 894 2474; x_wconf 81' lang='lat' dir='ltr'>concionatus</span> <span class='ocrx_word' id='word_1_108' title='bbox 907 2436 985 2488; x_wconf 91' lang='lat' dir='ltr'>quum</span> <span class='ocrx_word' id='word_1_109' title='bbox 996 2422 1088 2472; x_wconf 87' lang='lat' dir='ltr'>volun</span> 
     </span>
     <span class='ocr_line' id='line_1_17' title="bbox 168 2491 1089 2572; baseline 0 -32"><span class='ocrx_word' id='word_1_110' title='bbox 168 2491 1089 2572; x_wconf 57' lang='grc'>1111111011111111111111111.’1,1111111111111111111111111111,1111111</span> 
     </span>
     <span class='ocr_line' id='line_1_18' title="bbox 169 2559 1089 2640; baseline -0.001 -32"><span class='ocrx_word' id='word_1_111' title='bbox 169 2559 296 2620; x_wconf 88' lang='lat' dir='ltr'>tribunos,</span> <span class='ocrx_word' id='word_1_112' title='bbox 324 2559 368 2624; x_wconf 88' lang='lat' dir='ltr'>qui</span> <span class='ocrx_word' id='word_1_113' title='bbox 384 2559 467 2610; x_wconf 86' lang='lat' dir='ltr'>Roma</span> <span class='ocrx_word' id='word_1_114' title='bbox 490 2560 524 2609; x_wconf 90' lang='lat' dir='ltr'>ad</span> <span class='ocrx_word' id='word_1_115' title='bbox 550 2575 607 2609; x_wconf 90' lang='lat' dir='ltr'>eum</span> <span class='ocrx_word' id='word_1_116' title='bbox 634 2561 809 2640; x_wconf 85' lang='lat' dir='ltr'>profugerant,</span> <span class='ocrx_word' id='word_1_117' title='bbox 837 2561 928 2610; x_wconf 89' lang='lat' dir='ltr'>obvios</span> <span class='ocrx_word' id='word_1_118' title='bbox 955 2559 1045 2609; x_wconf 88' lang='lat' dir='ltr'>habuit</span> <span class='ocrx_word' id='word_1_119' title='bbox 1063 2564 1089 2608; x_wconf 93' lang='lat' dir='ltr'>et</span> 
     </span>
     <span class='ocr_line' id='line_1_19' title="bbox 172 2623 1088 2694; baseline -0.002 -16"><span class='ocrx_word' id='word_1_120' title='bbox 172 2629 216 2692; x_wconf 86' lang='lat' dir='ltr'>qui</span> <span class='ocrx_word' id='word_1_121' title='bbox 234 2644 250 2678; x_wconf 89' lang='lat' dir='ltr'>a</span> <span class='ocrx_word' id='word_1_122' title='bbox 267 2627 391 2692; x_wconf 92' lang='lat' dir='ltr'>Pompeio</span> <span class='ocrx_word' id='word_1_123' title='bbox 409 2628 531 2678; x_wconf 87' lang='lat' dir='ltr'>mandata</span> <span class='ocrx_word' id='word_1_124' title='bbox 548 2628 582 2678; x_wconf 86' lang='lat' dir='ltr'>ad</span> <span class='ocrx_word' id='word_1_125' title='bbox 600 2644 658 2678; x_wconf 89' lang='lat' dir='ltr'>eum</span> <span class='ocrx_word' id='word_1_126' title='bbox 663 2623 839 2694; x_wconf 83' lang='lat' dir='ltr'>perferebant</span> <span class='ocrx_word' id='word_1_127' title='bbox 856 2630 885 2678; x_wconf 94' lang='lat' dir='ltr'>L</span> <span class='ocrx_word' id='word_1_128' title='bbox 907 2627 1044 2678; x_wconf 83' lang='lat' dir='ltr'>Gaesarem</span> <span class='ocrx_word' id='word_1_129' title='bbox 1063 2635 1088 2676; x_wconf 90' lang='lat' dir='ltr'>et</span> 
     </span>
     <span class='ocr_line' id='line_1_20' title="bbox 170 2692 1087 2762; baseline -0.002 -16"><span class='ocrx_word' id='word_1_130' title='bbox 170 2697 200 2746; x_wconf 88' lang='lat' dir='ltr'>L.</span> <span class='ocrx_word' id='word_1_131' title='bbox 219 2695 380 2746; x_wconf 84' lang='lat' dir='ltr'>Rosciumc.</span> <span class='ocrx_word' id='word_1_132' title='bbox 400 2698 424 2746; x_wconf 91' lang='grc'>8</span> <span class='ocrx_word' id='word_1_133' title='bbox 452 2697 525 2756; x_wconf 76' lang='lat' dir='ltr'>Quos</span> <span class='ocrx_word' id='word_1_134' title='bbox 553 2713 629 2762; x_wconf 90' lang='lat' dir='ltr'>quum</span> <span class='ocrx_word' id='word_1_135' title='bbox 648 2698 771 2762; x_wconf 88' lang='lat' dir='ltr'>Pompeio</span> <span class='ocrx_word' id='word_1_136' title='bbox 789 2697 941 2746; x_wconf 88' lang='lat' dir='ltr'>renunciare</span> <span class='ocrx_word' id='word_1_137' title='bbox 959 2692 1087 2756; x_wconf 89' lang='lat' dir='ltr'>iussisset,</span> 
     </span>
     <span class='ocr_line' id='line_1_21' title="bbox 170 2764 1088 2846; baseline 0 -32"><span class='ocrx_word' id='word_1_138' title='bbox 170 2769 286 2846; x_wconf 72' lang='lat' dir='ltr'>paratum</span> <span class='ocrx_word' id='word_1_139' title='bbox 304 2780 332 2814; x_wconf 89' lang='lat' dir='ltr'>se</span> <span class='ocrx_word' id='word_1_140' title='bbox 350 2780 408 2814; x_wconf 90' lang='lat' dir='ltr'>esse</span> <span class='ocrx_word' id='word_1_141' title='bbox 427 2765 460 2814; x_wconf 85' lang='lat' dir='ltr'>ad</span> <span class='ocrx_word' id='word_1_142' title='bbox 478 2767 669 2816; x_wconf 85' lang='lat' dir='ltr'>controversias</span> <span class='ocrx_word' id='word_1_143' title='bbox 687 2781 733 2831; x_wconf 90' lang='lat' dir='ltr'>per</span> <span class='ocrx_word' id='word_1_144' title='bbox 746 2766 877 2830; x_wconf 91' lang='lat' dir='ltr'>colloquia</span> <span class='ocrx_word' id='word_1_145' title='bbox 888 2764 1088 2829; x_wconf 89' lang='lat' dir='ltr'>componendas,</span> 
     </span>
     <span class='ocr_line' id='line_1_22' title="bbox 170 2833 1088 2898; baseline -0.002 -16"><span class='ocrx_word' id='word_1_146' title='bbox 170 2834 345 2898; x_wconf 85' lang='lat' dir='ltr'>iniquissimae</span> <span class='ocrx_word' id='word_1_147' title='bbox 363 2835 435 2898; x_wconf 81' lang='lat' dir='ltr'>pacis</span> <span class='ocrx_word' id='word_1_148' title='bbox 453 2833 614 2884; x_wconf 84' lang='lat' dir='ltr'>conditiones</span> <span class='ocrx_word' id='word_1_149' title='bbox 633 2833 738 2884; x_wconf 82' lang='lat' dir='ltr'>Caesari</span> <span class='ocrx_word' id='word_1_150' title='bbox 756 2850 772 2883; x_wconf 84' lang='lat' dir='ltr'>a</span> <span class='ocrx_word' id='word_1_151' title='bbox 794 2834 918 2898; x_wconf 89' lang='lat' dir='ltr'>Pompeio</span> <span class='ocrx_word' id='word_1_152' title='bbox 940 2847 1088 2897; x_wconf 87' lang='lat' dir='ltr'>proponun-</span> 
     </span>
     <span class='ocr_line' id='line_1_23' title="bbox 171 2901 1088 2966; baseline -0.002 -15"><span class='ocrx_word' id='word_1_153' title='bbox 171 2907 213 2951; x_wconf 86' lang='lat' dir='ltr'>tur</span> <span class='ocrx_word' id='word_1_154' title='bbox 231 2903 295 2953; x_wconf 82' lang='lat' dir='ltr'>c.·9.</span> <span class='ocrx_word' id='word_1_155' title='bbox 315 2903 360 2962; x_wconf 80' lang='lat'>103</span> <span class='ocrx_word' id='word_1_156' title='bbox 388 2902 481 2965; x_wconf 91' lang='lat' dir='ltr'>quibus</span> <span class='ocrx_word' id='word_1_157' title='bbox 507 2903 648 2966; x_wconf 89' lang='lat' dir='ltr'>repudiatis</span> <span class='ocrx_word' id='word_1_158' title='bbox 668 2903 764 2953; x_wconf 83' lang='lat' dir='ltr'>Caesar</span> <span class='ocrx_word' id='word_1_159' title='bbox 782 2902 917 2962; x_wconf 86' lang='lat' dir='ltr'>Arretium,</span> <span class='ocrx_word' id='word_1_160' title='bbox 943 2901 1088 2960; x_wconf 86' lang='lat' dir='ltr'>Pisaurum,</span> 
     </span>
     <span class='ocr_line' id='line_1_24' title="bbox 170 2969 1089 3036; baseline -0.004 -16"><span class='ocrx_word' id='word_1_161' title='bbox 170 2971 277 3032; x_wconf 83' lang='lat' dir='ltr'>Fanum,</span> <span class='ocrx_word' id='word_1_162' title='bbox 306 2969 447 3032; x_wconf 82' lang='lat' dir='ltr'>Anconam,</span> <span class='ocrx_word' id='word_1_163' title='bbox 474 2970 594 3035; x_wconf 79' lang='lat' dir='ltr'>iguvium</span> <span class='ocrx_word' id='word_1_164' title='bbox 622 2976 742 3036; x_wconf 83' lang='lat' dir='ltr'>occupat3</span> <span class='ocrx_word' id='word_1_165' title='bbox 769 2975 823 3020; x_wconf 89' lang='lat' dir='ltr'>toto</span> <span class='ocrx_word' id='word_1_166' title='bbox 847 2971 942 3022; x_wconf 88' lang='lat' dir='ltr'>Piceno</span> <span class='ocrx_word' id='word_1_167' title='bbox 962 2969 1089 3018; x_wconf 88' lang='lat' dir='ltr'>delectum</span> 
     </span>
    </p>
   </div>
   <div class='ocr_carea' id='block_1_6' title="bbox 170 3038 1181 3104">
    <p class='ocr_par' dir='ltr' id='par_1_6' title="bbox 170 3038 1181 3104">
     <span class='ocr_line' id='line_1_25' title="bbox 170 3038 1181 3104; baseline -0.006 -15"><span class='ocrx_word' id='word_1_168' title='bbox 170 3039 248 3089; x_wconf 84' lang='lat' dir='ltr'>habet</span> <span class='ocrx_word' id='word_1_169' title='bbox 265 3055 287 3088; x_wconf 91' lang='grc'>1.</span> <span class='ocrx_word' id='word_1_170' title='bbox 309 3039 348 3086; x_wconf 92' lang='grc'>11.</span> <span class='ocrx_word' id='word_1_171' title='bbox 369 3039 414 3098; x_wconf 78' lang='lat'>12;</span> <span class='ocrx_word' id='word_1_172' title='bbox 433 3038 543 3088; x_wconf 86' lang='lat' dir='ltr'>Auximo</span> <span class='ocrx_word' id='word_1_173' title='bbox 561 3040 659 3104; x_wconf 85' lang='lat' dir='ltr'>potitur</span> <span class='ocrx_word' id='word_1_174' title='bbox 677 3055 697 3089; x_wconf 93' lang='lat' dir='ltr'>o.</span> <span class='ocrx_word' id='word_1_175' title='bbox 719 3041 758 3089; x_wconf 87' lang='lat'>13.</span> <span class='ocrx_word' id='word_1_176' title='bbox 780 3039 883 3089; x_wconf 84' lang='lat' dir='ltr'>Summa</span> <span class='ocrx_word' id='word_1_177' title='bbox 901 3039 1012 3088; x_wconf 90' lang='lat' dir='ltr'>omnium</span> <span class='ocrx_word' id='word_1_178' title='bbox 1029 3051 1088 3100; x_wconf 89' lang='lat' dir='ltr'>per·</span> <span class='ocrx_word' id='word_1_179' title='bbox 1178 3069 1181 3083; x_wconf 52' lang='lat'><em>1</em></span> 
     </span>
    </p>
   </div>
   <div class='ocr_carea' id='block_1_7' title="bbox 170 3106 1088 3582">
    <p class='ocr_par' dir='ltr' id='par_1_7' title="bbox 170 3106 1088 3582">
     <span class='ocr_line' id='line_1_26' title="bbox 171 3106 1088 3171; baseline -0.004 -15"><span class='ocrx_word' id='word_1_180' title='bbox 171 3107 325 3168; x_wconf 85' lang='lat' dir='ltr'>turbatione,</span> <span class='ocrx_word' id='word_1_181' title='bbox 353 3122 432 3171; x_wconf 89' lang='lat' dir='ltr'>quum</span> <span class='ocrx_word' id='word_1_182' title='bbox 460 3106 557 3156; x_wconf 79' lang='lat' dir='ltr'>Caesar</span> <span class='ocrx_word' id='word_1_183' title='bbox 584 3108 635 3158; x_wconf 85' lang='lat' dir='ltr'>iam</span> <span class='ocrx_word' id='word_1_184' title='bbox 653 3108 686 3158; x_wconf 90' lang='lat' dir='ltr'>ad</span> <span class='ocrx_word' id='word_1_185' title='bbox 703 3109 793 3156; x_wconf 91' lang='lat' dir='ltr'>urbem</span> <span class='ocrx_word' id='word_1_186' title='bbox 811 3107 903 3158; x_wconf 86' lang='lat' dir='ltr'>adesse</span> <span class='ocrx_word' id='word_1_187' title='bbox 920 3107 1088 3162; x_wconf 82' lang='lat' dir='ltr'>nuntiaretur</span> 
     </span>
     <span class='ocr_line' id='line_1_27' title="bbox 170 3171 1087 3240; baseline -0.004 -17"><span class='ocrx_word' id='word_1_188' title='bbox 170 3175 309 3240; x_wconf 87' lang='lat' dir='ltr'>Pompeius</span> <span class='ocrx_word' id='word_1_189' title='bbox 328 3190 359 3224; x_wconf 89' lang='lat' dir='ltr'>ex</span> <span class='ocrx_word' id='word_1_190' title='bbox 376 3175 441 3224; x_wconf 89' lang='lat' dir='ltr'>urbe</span> <span class='ocrx_word' id='word_1_191' title='bbox 458 3175 492 3224; x_wconf 89' lang='lat' dir='ltr'>ad</span> <span class='ocrx_word' id='word_1_192' title='bbox 510 3175 627 3240; x_wconf 85' lang='lat' dir='ltr'>legiones</span> <span class='ocrx_word' id='word_1_193' title='bbox 645 3175 822 3240; x_wconf 87' lang='lat' dir='ltr'>proficiscitur,</span> <span class='ocrx_word' id='word_1_194' title='bbox 849 3174 975 3224; x_wconf 91' lang='lat' dir='ltr'>Lentulus</span> <span class='ocrx_word' id='word_1_195' title='bbox 994 3171 1087 3222; x_wconf 89' lang='lat' dir='ltr'>consul</span> 
     </span>
     <span class='ocr_line' id='line_1_28' title="bbox 172 3242 1085 3309; baseline -0.004 -17"><span class='ocrx_word' id='word_1_196' title='bbox 172 3242 286 3308; x_wconf 78' lang='lat' dir='ltr'>Capuam</span> <span class='ocrx_word' id='word_1_197' title='bbox 311 3244 427 3309; x_wconf 77' lang='lat' dir='ltr'>profugit</span> <span class='ocrx_word' id='word_1_198' title='bbox 451 3243 540 3308; x_wconf 90' lang='lat' dir='ltr'>ibique</span> <span class='ocrx_word' id='word_1_199' title='bbox 566 3243 685 3294; x_wconf 78' lang='lat' dir='ltr'>Caesaris</span> <span class='ocrx_word' id='word_1_200' title='bbox 716 3244 873 3309; x_wconf 87' lang='lat' dir='ltr'>gladiatores</span> <span class='ocrx_word' id='word_1_201' title='bbox 900 3247 981 3292; x_wconf 83' lang='lat' dir='ltr'>armat</span> <span class='ocrx_word' id='word_1_202' title='bbox 1005 3256 1026 3289; x_wconf 93' lang='lat' dir='ltr'>c.</span> <span class='ocrx_word' id='word_1_203' title='bbox 1047 3243 1085 3288; x_wconf 91' lang='lat'>14.</span> 
     </span>
     <span class='ocr_line' id='line_1_29' title="bbox 172 3308 1088 3377; baseline -0.002 -18"><span class='ocrx_word' id='word_1_204' title='bbox 172 3309 268 3360; x_wconf 83' lang='lat' dir='ltr'>Asculo</span> <span class='ocrx_word' id='word_1_205' title='bbox 295 3327 370 3377; x_wconf 87' lang='lat' dir='ltr'>recep</span> <span class='ocrx_word' id='word_1_206' title='bbox 372 3317 398 3361; x_wconf 93' lang='lat' dir='ltr'>to</span> <span class='ocrx_word' id='word_1_207' title='bbox 427 3309 523 3361; x_wconf 79' lang='lat' dir='ltr'>Caesar</span> <span class='ocrx_word' id='word_1_208' title='bbox 550 3327 582 3360; x_wconf 88' lang='lat' dir='ltr'>ex</span> <span class='ocrx_word' id='word_1_209' title='bbox 609 3311 751 3362; x_wconf 90' lang='lat' dir='ltr'>delectibus</span> <span class='ocrx_word' id='word_1_210' title='bbox 778 3311 942 3376; x_wconf 83' lang='lat' dir='ltr'>Pompeianis</span> <span class='ocrx_word' id='word_1_211' title='bbox 969 3308 1088 3358; x_wconf 78' lang='lat' dir='ltr'>cohortes</span> 
     </span>
     <span class='ocr_line' id='line_1_30' title="bbox 173 3329 1088 3443; baseline -0.002 -17"><span class='ocrx_word' id='word_1_212' title='bbox 173 3383 288 3443; x_wconf 88' lang='lat' dir='ltr'>augete.</span> <span class='ocrx_word' id='word_1_213' title='bbox 307 3329 505 3432; x_wconf 69' lang='lat' dir='ltr'>15.p1)0mitium</span> <span class='ocrx_word' id='word_1_214' title='bbox 524 3379 629 3430; x_wconf 77' lang='lat' dir='ltr'>Corfinii</span> <span class='ocrx_word' id='word_1_215' title='bbox 647 3380 781 3430; x_wconf 89' lang='lat' dir='ltr'>obsessum</span> <span class='ocrx_word' id='word_1_216' title='bbox 798 3383 868 3430; x_wconf 87' lang='lat' dir='ltr'>tenet</span> <span class='ocrx_word' id='word_1_217' title='bbox 885 3393 907 3428; x_wconf 85' lang='grc'>1.</span> <span class='ocrx_word' id='word_1_218' title='bbox 927 3380 966 3428; x_wconf 88' lang='grc'>16.</span> <span class='ocrx_word' id='word_1_219' title='bbox 987 3379 1031 3437; x_wconf 82' lang='grc'>17;</span> <span class='ocrx_word' id='word_1_220' title='bbox 1049 3379 1088 3424; x_wconf 92' lang='lat' dir='ltr'>in-</span> 
     </span>
     <span class='ocr_line' id='line_1_31' title="bbox 174 3447 1087 3513; baseline -0.002 -18"><span class='ocrx_word' id='word_1_221' title='bbox 174 3448 247 3495; x_wconf 85' lang='lat' dir='ltr'>terim</span> <span class='ocrx_word' id='word_1_222' title='bbox 266 3447 447 3498; x_wconf 81' lang='lat' dir='ltr'>Sulmonenses</span> <span class='ocrx_word' id='word_1_223' title='bbox 466 3448 572 3498; x_wconf 77' lang='lat' dir='ltr'>Caesari</span> <span class='ocrx_word' id='word_1_224' title='bbox 594 3452 682 3512; x_wconf 88' lang='lat' dir='ltr'>portas</span> <span class='ocrx_word' id='word_1_225' title='bbox 705 3449 862 3513; x_wconf 89' lang='lat' dir='ltr'>aperiuntc.</span> <span class='ocrx_word' id='word_1_226' title='bbox 882 3447 921 3496; x_wconf 84' lang='lat'>18.</span> <span class='ocrx_word' id='word_1_227' title='bbox 949 3447 1087 3504; x_wconf 89' lang='lat' dir='ltr'>Domitius,</span> 
     </span>
     <span class='ocr_line' id='line_1_32' title="bbox 172 3514 1084 3582; baseline -0.003 -18"><span class='ocrx_word' id='word_1_228' title='bbox 172 3515 216 3579; x_wconf 89' lang='lat' dir='ltr'>qui</span> <span class='ocrx_word' id='word_1_229' title='bbox 232 3515 327 3566; x_wconf 84' lang='lat' dir='ltr'>frustra</span> <span class='ocrx_word' id='word_1_230' title='bbox 344 3516 467 3566; x_wconf 79' lang='lat' dir='ltr'>auxilium</span> <span class='ocrx_word' id='word_1_231' title='bbox 484 3532 500 3566; x_wconf 91' lang='lat' dir='ltr'>a</span> <span class='ocrx_word' id='word_1_232' title='bbox 517 3515 639 3582; x_wconf 90' lang='lat' dir='ltr'>Pompeio</span> <span class='ocrx_word' id='word_1_233' title='bbox 665 3519 799 3582; x_wconf 86' lang='lat' dir='ltr'>petiverat,</span> <span class='ocrx_word' id='word_1_234' title='bbox 824 3531 902 3580; x_wconf 87' lang='lat' dir='ltr'>quum</span> <span class='ocrx_word' id='word_1_235' title='bbox 928 3514 1017 3580; x_wconf 82' lang='lat' dir='ltr'>fugam</span> <span class='ocrx_word' id='word_1_236' title='bbox 1034 3529 1084 3562; x_wconf 88' lang='lat' dir='ltr'>mo·</span> 
     </span>
    </p>
   </div>
   <div class='ocr_carea' id='block_1_8' title="bbox 193 3581 324 3646">
    <p class='ocr_par' dir='ltr' id='par_1_8' title="bbox 193 3581 324 3646">
     <span class='ocr_line' id='line_1_33' title="bbox 193 3581 324 3646; baseline 0.033 -6"><span class='ocrx_word' id='word_1_237' title='bbox 193 3601 271 3640; x_wconf 77' lang='lat' dir='ltr'>caesar</span> <span class='ocrx_word' id='word_1_238' title='bbox 283 3581 324 3646; x_wconf 91' lang='grc' dir='ltr'>Π</span> 
     </span>
    </p>
   </div>
   <div class='ocr_carea' id='block_1_9' title="bbox 0 0 1293 3970">
    <p class='ocr_par' dir='ltr' id='par_1_9' title="bbox 0 0 1293 3970">
     <span class='ocr_line' id='line_1_34' title="bbox 0 0 1293 3970; baseline 0 0"><span class='ocrx_word' id='word_1_239' title='bbox 0 0 1293 3970; x_wconf 95' lang='lat' dir='ltr'> </span> 
     </span>
    </p>
   </div>
  </div>
 </body>
</html>
