2538 3978
187 325 191 336 ,
213 263 274 326 160
474 261 601 324 BELLI
622 258 923 324 ALEXANDRINI

210 433 421 519 finitimasque
465 433 647 517 provincias
689 429 953 494 administrandas
990 427 1183 510 tradiderat,

214 521 301 582 venit
323 529 454 598 oratum,
478 540 518 580 ne
533 518 715 580 Armeniam
731 517 894 596 minorem,
918 535 1050 598 regnum
1062 535 1182 596 suum,

211 625 293 667 neve
322 601 566 688 Cappadociam,
597 625 729 688 regnum
753 600 987 681 Ariobarzanis,
1017 601 1183 684 possideri

213 689 395 774 vastarique
430 698 591 773 pateretur
628 711 646 750 a
682 687 863 767 Pharnace,
898 707 958 770 quo
995 684 1080 748 malo
1115 689 1181 749 nisi

211 772 429 856 liberarentur,
458 775 612 857 imperata
642 795 675 836 se
704 774 809 836 facere
838 773 1068 856 pecuniamque
1102 793 1181 856 pro·

208 861 336 922 missam
361 857 490 922 Caesari
511 881 574 922 non
596 881 689 943 posse
716 856 908 943 persolvere.
930 855 1089 920 Domitius
1112 879 1180 920 non

208 955 331 1008 tantum
361 944 402 1007 ad
429 943 634 1028 explicandos
665 954 806 1028 sumptus
833 942 881 1006 rel
909 940 1054 1005 militaris
1077 963 1180 1026 quum

203 1031 377 1115 pecuniam
399 1033 609 1093 necessariam
625 1051 694 1093 esse
710 1028 873 1110 iudicaret,
890 1027 947 1090 sed
968 1029 1063 1092 etiam
1077 1037 1177 1113 turpe

207 1113 325 1200 populo
347 1113 489 1178 Romano
513 1126 544 1178 et
566 1113 602 1178 C.
627 1114 757 1179 Caesari
772 1113 886 1178 victori
908 1111 1030 1198 sibique
1052 1112 1176 1176 infame

209 1221 280 1263 esse
310 1210 461 1263 statueret
487 1221 587 1285 regna
616 1202 769 1264 sociorum
798 1209 892 1283 atque
925 1199 1098 1262 amicorum
1133 1199 1179 1262 ab

209 1293 341 1348 externo
363 1307 440 1369 rege
462 1287 617 1370 occupari,
641 1287 767 1348 nuntios
789 1283 952 1347 confestim
976 1283 1016 1346 ad
1030 1282 1178 1348 Pharna—

209 1392 278 1433 cem
299 1371 392 1451 misit,
421 1368 574 1433 Armenia
604 1369 868 1456 Cappadociaque
898 1369 1068 1432 decederet
1089 1391 1178 1434 neve

208 1456 413 1540 occupatione
435 1455 512 1519 belli
540 1455 643 1519 civilis
670 1455 778 1541 populi
799 1453 934 1518 Romani
954 1455 1005 1517 ius
1027 1457 1177 1520 maiesta-

204 1555 334 1626 temque
349 1550 493 1604 tentaret.
509 1541 603 1604 Hanc
623 1541 890 1605 denuntiationem
906 1561 1003 1625 quum
1017 1541 1174 1605 maiorem

206 1629 271 1690 vim
300 1625 477 1690 habituram
506 1629 709 1707 existimaret,
735 1629 761 1689 si
789 1627 918 1710 propius
947 1647 1001 1689 eas
1022 1626 1176 1710 regiones

206 1733 278 1775 cum
301 1713 441 1776 exercitu
464 1715 658 1793 accessisset,
682 1712 722 1774 ad
738 1712 878 1796 legiones
899 1711 1060 1795 profectus
1075 1733 1175 1776 unam

206 1819 248 1861 ex
270 1796 371 1860 tribus
394 1803 511 1858 XXXVI
535 1818 642 1862 secum
657 1796 751 1879 ducit,
775 1797 854 1860 duas
876 1797 909 1858 iu
931 1795 1115 1881 Aegyptum
1131 1797 1174 1861 ad

208 1881 380 1946 Caesarem
402 1884 495 1946 mittit
510 1882 622 1946 litteris
643 1883 711 1946 eius
734 1895 899 1964 evocatas3
923 1903 1057 1966 quarum
1072 1881 1175 1946 altera

207 1969 240 2030 iu
262 1966 347 2030 bello
369 1967 588 2032 Alexandrino
612 1989 676 2031 non
698 1969 841 2048 occurrit,
866 1967 951 2053 quod
973 1967 1087 2032 itinere
1110 1977 1173 2032 ter-

205 2054 298 2116 restri
312 2074 370 2136 per
385 2051 510 2137 Syriam
526 2063 594 2115 erat
609 2053 716 2116 missa.
739 2053 893 2138 Adiungit
909 2051 993 2132 [Cn]
1012 2051 1172 2116 Domitius

206 2138 324 2222 legioni
345 2144 459 2198 XXXt'l
484 2139 563 2201 duas
586 2138 626 2202 ab
647 2137 808 2220 Deiotaro,
825 2159 903 2222 quas
925 2136 980 2200 ille
1003 2137 1175 2222 disciplina

205 2232 301 2370 atque
331 2233 487 2287 armatura
515 2234 625 2287 nostra
652 2223 830 2372 complures
860 2244 961 2287 annos
983 2225 1173 2287 constitutas

206 2307 248 2371 ha
272 2306 364 2388 ebat,
395 2310 578 2395 equitesque
608 2300 628 2372 C
664 2310 720 2374 toti
744 2331 794 2372 em
817 2330 857 2371 ue
886 2306 926 2372 ab
953 2307 1173 2373 Ariobarzane

188 2393 310 2456 'sumit
331 2393 428 2457 Mittit
454 2395 490 2457 P.
519 2396 654 2460 Sestium
683 2395 723 2458 ad
747 2393 782 2458 O.
832 2392 999 2459 laetorium
1022 2404 1170 2479 quaesto-

203 2499 282 2558 rem,
311 2488 347 2542 ut
375 2477 532 2563 legionem
562 2479 740 2561 adduceret,
771 2501 852 2564 quae
885 2499 926 2542 ex
955 2478 1170 2544 tumultuariis

203 2563 354 2626 militibus
369 2566 403 2628 in
418 2565 517 2628 Ponto
533 2565 673 2629 confecta
689 2575 765 2646 erat,
783 2564 999 2650 Quintumque
1014 2564 1172 2628 Patisium

203 2649 237 2710 in
260 2647 404 2713 Ciliciam
426 2649 467 2712 ad
498 2649 616 2714 auxilia
643 2651 842 2714 arcessenda.
872 2649 962 2728 Quae
985 2651 1095 2734 copiae
1120 2672 1172 2714 ce-

202 2732 313 2797 leriter
335 2755 442 2798 omnes
465 2737 552 2798 iussu
575 2735 705 2798 Domitii
729 2736 869 2800 Comana
891 2744 1119 2798 convenerunt.

290 2819 341 2882 35.
364 2820 489 2883 Interim
511 2819 642 2904 legatia
661 2820 826 2884 Pharnace
838 2841 992 2906 responsa
1005 2820 1171 2884 referunt:
1210 2870 1213 2876 .

205 2901 410 2988 Cappadocia
432 2927 466 2969 se
489 2906 674 2987 decessisse,
697 2907 880 2970 Armeniam
902 2907 1059 2969 minorem
1081 2927 1172 2970 rece·

201 2989 298 3136 lisse'
322 3011 416 3074 quam
437 3001 570 3076 paterno
599 2992 725 3055 nomine
754 2993 824 3055 iure
854 2991 997 3054 obtinere
1024 2989 1171 3058 deberet.

237 3075 351 3160 cuique
367 3075 434 3139 eius
456 3078 547 3161 regni
563 3098 658 3141 causa
672 3077 797 3160 integra
812 3075 943 3140 Caesari
965 3089 1170 3142 servaretur:

202 3169 347 3243 paratum
363 3161 445 3224 enim
463 3185 497 3226 se
519 3160 633 3244 facere,
657 3161 739 3246 quod
756 3164 782 3224 is
798 3163 968 3225 statuisset.
992 3161 1168 3242 Domitius,

202 3265 299 3328 quum
321 3246 585 3311 animadverteret
603 3268 675 3310 eum
691 3246 894 3331 Cappadocia
909 3247 1087 3310 decessisse
1102 3269 1170 3314 non

201 3326 364 3393 voluntate
392 3331 570 3413 adductum,
600 3332 656 3395 sed
687 3333 886 3412 necessitate,
921 3331 1005 3416 quod
1040 3329 1172 3396 facilius

202 3413 385 3478 Armeniam
418 3416 587 3480 defendere
622 3427 729 3500 posset
761 3415 936 3482 subiectam
969 3438 1069 3502 regno
1108 3439 1169 3481 suo

202 3517 297 3580 quam
319 3498 552 3584 Cappadociam
567 3500 690 3586 longius
712 3511 865 3566 remotam
889 3502 1037 3588 quodque
1053 3523 1170 3566 omnes
