2562 3966
390 220 525 286 OOMM.
547 220 578 284 V
601 219 693 288 CAP.
716 219 852 285 44-48.
1038 223 1095 285 111

208 394 260 458 46.
283 393 404 457 Caesar
431 392 569 476 acceptis
598 389 711 456 litteris
734 391 812 456 hora
833 392 957 459 circiter
978 399 1014 454 XI
1037 391 1101 457 diei

144 481 249 544 stetim
270 481 414 542 nuntium
435 479 469 540 in
489 476 677 541 Bellovacos
701 476 742 540 ad
761 477 805 540 M.
829 475 980 542 Crassum
1002 499 1100 563 quae·

87 631 89 636 ,
144 575 262 630 ctorem
290 565 399 640 mitet,
432 564 520 630 citius
548 561 681 626 hiberna
710 562 842 632 aberant
871 561 911 626 ab
945 584 982 626 eo
1014 561 1101 626 milia

144 671 295 736 passuum
317 656 411 722 XXV;
434 647 521 712 iubet
542 647 648 712 media
664 658 756 710 nocte
771 647 929 732 legionem
944 647 1102 733 proficisci

145 735 353 820 celeriterque
363 733 416 797 ad
444 755 480 798 se
500 735 619 796 venire.
670 733 747 796 Exit
773 755 845 796 cum
871 736 980 798 nuntio
1009 730 1102 803 Ores·

146 843 210 884 sus.
254 819 399 884 Alterum
421 818 462 882 ad
489 819 604 882 Gaium
625 817 762 882 Fabium
782 817 920 903 legatum
943 819 1045 898 mittit,
1068 826 1103 880 ut

146 908 179 968 in
199 905 399 968 Atrebatium
419 905 498 968 fines
528 904 684 987 legionem
707 903 852 986 adducat,
876 926 938 988 qua
960 903 1022 966 sibi
1042 904 1103 970 iter

146 991 323 1055 faciendum
354 989 483 1053 sciebat.
538 987 655 1052 Scribit
683 987 834 1070 Labieno,
859 990 886 1052 si
906 987 1102 1074 reipublicae

146 1076 310 1140 commodo
337 1075 442 1140 facere
494 1083 587 1156 osset,
618 1096 687 1138 cum
715 1073 840 1158 legione
864 1073 905 1138 ad
925 1075 1004 1138 fines
1026 1073 1102 1138 Ner·

146 1163 269 1226 vitorum
296 1163 412 1225 veniat
461 1098 625 1246 Iletiquam
655 1167 779 1244 partem
814 1161 1001 1241 exercitus„
1016 1157 1104 1307 quod

146 1246 240 1332 paulo
275 1247 385 1310 aberat
405 1284 409 1289 ·
427 1245 572 1330 longius,
608 1267 672 1309 non
710 1253 800 1329 putat
843 1255 1017 1330 exspectan
1037 1267 1104 1324 am3

147 1335 267 1480 eqffites
297 1333 421 1396 circiter
445 1330 689 1417 quadringentos
712 1351 752 1394 ex
778 1332 930 1414 proximis
965 1330 1104 1397 hibernis

147 1439 185 1482 co
212 1419 218 1432 '
245 1419 276 1480 't

211 1441 262 1564 lg'l.
293 1502 382 1565 Hora
416 1501 540 1564 circiter
572 1501 663 1564 tertie
698 1500 738 1564 ab
772 1499 1028 1566 antecursoribus
1065 1499 1104 1564 de

148 1584 257 1652 Crassi
278 1587 416 1650 adventu
438 1589 552 1651 certior
579 1585 679 1650 fectus
708 1608 745 1650 eo
773 1586 825 1648 die
846 1586 933 1650 milia
954 1607 1105 1670 passuum

147 1680 200 1735 XX
221 1672 373 1758 procedit.
419 1670 569 1735 Crassum
592 1670 835 1736 Samarobrivae
850 1670 994 1756 praeficit
1008 1670 1104 1754 legio-

148 1781 220 1822 nem
243 1779 283 1821 ue
312 1756 471 1838 attribuit,
506 1757 590 1842 quod
615 1757 661 1820 ibi
682 1759 725 1820 irn
749 1757 908 1821 edimenta
934 1757 1104 1835 exercitus,

143 1781 275 1908 obsides
313 1843 489 1923 civitatum,
526 1841 647 1906 litteras
681 1779 826 1927 publicas
854 1842 1107 1926 frumentumque

148 1951 251 2010 omne,
275 1927 360 2012 quod
386 1949 423 1990 eo
450 1927 633 1992 tolerandae
659 1927 772 1990 hiemis
800 1949 896 1990 causa
925 1927 1106 2006 devexerat,

148 2013 355 2099 relinquebat.
405 2012 539 2093 Fabius,
576 2023 610 2076 ut
637 2013 828 2097 imperatum
858 2022 942 2094 erat,
971 2034 1035 2076 non
1063 2013 1108 2074 itu

148 2099 281 2163 mulmm
302 2107 441 2163 moratus
462 2100 496 2160 in
517 2100 630 2164 itinere
646 2119 717 2161 curn
733 2097 857 2183 legione
873 2099 1018 2162 occurrit.
1048 2097 1107 2160 La·

149 2185 262 2249 bienus
288 2185 418 2248 interitu
444 2181 554 2248 Sabini
581 2193 612 2246 et
645 2183 742 2247 caede
772 2183 945 2248 cohortium
974 2185 1107 2267 cognita,

149 2291 246 2357 quum
269 2291 377 2334 omnes
400 2269 442 2332 ad
471 2291 543 2332 eum
571 2269 782 2334 Treverorum
805 2271 914 2353 copiae
936 2269 1107 2347 venissent,

149 2356 277 2434 veritus,
309 2357 337 2418 si
366 2377 407 2417 ex
434 2353 574 2418 hibernis
600 2354 695 2439 lirgae
723 2353 857 2418 similem
883 2354 1109 2440 profectionem

137 2441 287 2520 ¹fecisset,
310 2449 345 2502 ut
370 2439 507 2503 hostium
529 2441 681 2524 impetum
703 2441 858 2503 sustinere
879 2447 996 2524 posset,
1019 2460 1109 2525 prae-

151 2527 260 2590 sertim
295 2546 373 2610 quos
401 2527 522 2588 recenti
550 2525 682 2590 victoria
711 2525 816 2589 efferri
845 2527 956 2606 sciret,
989 2523 1109 2588 litterss

151 2610 284 2676 Caesari
305 2611 452 2693 remittit,
481 2620 598 2697 quanto
628 2632 699 2672 cum
726 2609 866 2695 periculo
889 2609 1046 2694 legionem
1069 2632 1110 2673 ex

152 2695 290 2760 bibernis
313 2696 486 2762 educturus
507 2706 600 2778 esset,
622 2717 691 2760 rem
713 2705 836 2780 gestam
857 2698 892 2758 in
908 2694 1111 2760 Eburonibus

175 2779 329 2862 erscribit,
353 2781 445 2846 docet
467 2804 575 2848 omnes
598 2783 754 2868 equitatus
769 2781 989 2867 peditatusque
1004 2781 1111 2866 copias
1194 2819 1197 2827 ·

152 2805 365 2930 l‘reverorum
387 2869 448 2930 tria
468 2866 557 2931 milia
578 2888 729 2953 passuum
751 2866 847 2952 longe
862 2866 902 2930 ab
919 2867 983 2930 suis
999 2869 1112 2930 cestris

153 2951 343 3016 consedisse.

215 3037 268 3100 48.
299 3035 419 3100 Caesar
446 3037 578 3102 consilio
606 3038 673 3104 eius
705 3036 864 3122 probato,
879 3038 938 3101 etsi
965 3037 1112 3122 opinione

153 3124 249 3186 trium
275 3119 436 3206 legionum
465 3122 605 3188 deiectus
635 3121 677 3185 ad
712 3123 791 3186 dues
823 3121 976 3204 redierat,
1006 3133 1113 3185 tamen

155 3229 252 3272 unum
274 3208 449 3272 communis
471 3207 582 3272 salutis
605 3207 758 3273 auxilium
779 3209 813 3270 in
835 3206 996 3270 celeritate
1018 3229 1113 3292 pone·

155 3293 218 3357 bat.
269 3291 365 3356 Venit
394 3296 518 3377 magnis
546 3291 710 3358 itineribus
738 3293 772 3356 iu
800 3291 987 3356 Nerviorum
1023 3292 1113 3356 fines.

157 3377 204 3442 lbi
228 3399 268 3441 ex
290 3377 423 3462 captivis
445 3381 615 3464 cognoscit,
639 3401 720 3464 quae
746 3377 830 3462 apud
852 3375 1039 3441 Ciceronem
1061 3399 1113 3462 ge

157 3471 276 3544 rentur,
299 3473 478 3550 quantoque
500 3465 533 3528 in
555 3463 695 3550 periculo
717 3461 770 3528 r'es
791 3463 841 3526 sit
886 3461 969 3524 Tum
991 3462 1114 3525 cuidam
