2538 3978
164 218 223 284 128
450 220 512 286 DE
533 220 678 288 Beato
702 221 836 288 CIVILI

163 391 276 458 Castra
294 392 530 474 'a‘cohortibus,.
542 415 622 480 quae
643 394 689 458 ibi
702 395 864 480 praesidio
881 406 973 460 erant
986 397 1129 480 relictae,

163 479 316 542 industrie
340 477 600 560 defendebantur,
623 479 722 544 multo
744 481 839 544 etiam
862 482 965 545 acrius
988 505 1007 546 a
1028 482 1129 547 Thra·

163 563 251 628 cibus
274 563 481 649 barbarisque
515 564 652 629 auxiliis.
701 565 783 628 Nam
816 567 871 652 qui
903 567 970 632 acie
1002 569 1128 652 refuge·

162 658 236 712 rant
257 648 383 731 milites,
412 659 443 713 et
464 651 569 714 animo
598 651 757 734 perterriti
787 661 818 715 et
846 651 1032 717 lassitudine
1054 676 1128 718 con-

163 735 238 800 lecti
252 736 357 798 missis
373 734 517 820 plerique
532 737 628 800 armis
644 737 805 822 signisque
820 737 1009 802 militaribus
1024 740 1133 824 magis

164 819 203 886 de
226 819 350 906 reliqua
371 821 446 906 fuga
468 843 562 906 quam
585 820 624 884 de
647 831 822 886 castrorum
845 823 1028 889 defensione
1043 824 1127 909 cogi·

163 905 282 971 tabant.
305 905 415 992 Neque
437 928 514 970 vero
537 905 662 989 diutius,
686 909 740 993 qui
754 909 787 972 in
809 908 894 972 vallo
910 911 1127 991 constiterant,

164 989 395 1055 multitudinem
411 991 544 1056 telorum
562 994 718 1058 sustinere
732 1003 911 1078 potuerunt,
924 994 981 1058 sed
992 995 1129 1059 confecti

163 1075 349 1141 vulneribus
385 1076 490 1141 locum
526 1077 585 1141 reli
607 1088 736 1160 uerunt,
773 1081 980 1164 protinusque
1017 1103 1130 1144 omnes

165 1160 298 1226 ducibus
334 1165 384 1226 usi
420 1100 655 1228 centurionibus
691 1163 889 1251 tribunisque
925 1165 1058 1228 militum
1094 1166 1130 1228 in

165 1246 335 1312 altissimos
357 1257 489 1330 montes,
518 1251 572 1335 qui
594 1249 635 1313 ad
663 1259 767 1315 castra
788 1250 998 1336 pertinebant,
1022 1251 1131 1316 confu-

186 1341 287 1397 erunt.
565 1379 567 1384 -
970 1355 972 1362 ·

164 1357 186 1418 g
229 1418 279 1482 96.
302 1417 340 1482 In
363 1421 472 1484 castris
487 1419 619 1506 Pompei
641 1421 750 1486 videre
771 1420 859 1486 licuit
880 1420 1022 1485 trichilas
1049 1430 1130 1486 stru·

168 1512 245 1587 otas,
268 1527 419 1591 magnum
441 1507 565 1590 argenti
588 1507 713 1592 pondus
736 1509 922 1592 expositum,
938 1506 1130 1571 recentibus

165 1589 337 1676 cespitibus
359 1591 564 1656 tabernacula
587 1602 754 1675 constrata,
769 1593 859 1657 Lucii
884 1595 979 1657 etiam
1000 1591 1130 1656 Lentuli

165 1684 197 1740 et
218 1676 442 1742 nonnullorum
464 1677 668 1742 tabernacula
681 1688 825 1764 protecta
847 1678 944 1743 edera
964 1677 1129 1764 multaque

164 1771 337 1847 praeterea,
369 1785 449 1850 quae
478 1765 607 1828 nimiam
635 1763 793 1828 luxuriam
823 1772 854 1828 et
874 1765 1027 1829 victoriae
1049 1763 1129 1828 fidu-

166 1849 247 1912 ciam
275 1846 489 1933 designarent,
519 1857 554 1912 ut
581 1848 673 1914 facile
703 1850 877 1914 existimari
908 1859 1017 1935 posset
1048 1848 1128 1912 nihil

91 1964 95 1972 ·
165 1956 219 2000 eos
243 1932 282 1998 de
305 1944 421 1998 eventu
444 1936 511 1998 eius
527 1933 591 1998 diei
604 1935 756 2017 timuisse,
773 1937 827 2036 qui
844 1956 908 1999 non
929 1936 1129 1999 necessarias

168 2021 392 2105 conquirerent
412 2019 487 2084 volu
510 2029 600 2084 tates.
630 2020 675 2083 At
696 2019 729 2083 hi
751 2021 925 2087 miserrimo
948 2041 988 2083 ac
1008 2021 1115 2105 patien

165 2105 285 2169 tissime
316 2107 458 2170 exercitu
487 2043 633 2170 baesaris
664 2106 820 2170 luxuriem
848 2105 1048 2186 obiicicbant,
1078 2106 1128 2169 cui

167 2211 292 2275 semper
314 2192 419 2255 omnia
440 2190 480 2254 ad
495 2192 709 2256 necessarium
725 2206 817 2256 usum
832 2191 1014 2256 defuissent.
1037 2190 1130 2267 Pom·

165 2276 265 2362 peius,
295 2277 358 2339 iam
389 2299 484 2362 quum
516 2279 598 2340 intra
629 2276 749 2340 vallum
782 2277 882 2358 nostri
914 2284 1127 2356 versarentur,

166 2383 282 2446 equum
304 2371 415 2430 nactus
439 2361 589 2432 detractis
611 2363 788 2446 insignibus
811 2363 1011 2449 imperatoris
1034 2362 1130 2426 decu·

167 2468 262 2510 mana
283 2456 378 2594 porta
407 2469 441 2512 se
476 2471 518 2513 ex
550 2449 660 2512 castris
690 2451 783 2512 eiecit
810 2449 1018 2533 protinusque
1048 2468 1128 2532 equo

166 2533 261 2596 citato
312 2533 445 2596 arissam
475 2533 643 2598 contendit.
677 2533 788 2620 Neque
819 2534 873 2598 ibi·
894 2534 1040 2614 constitit,
1071 2530 1127 2594 sed

166 2617 278 2682 eadem
300 2618 462 2684 celeritate
477 2641 595 2705 paucos
610 2641 685 2682 suos
705 2643 746 2684 ex
760 2620 836 2706 fuga
849 2631 960 2684 nactus
976 2624 1128 2682 nocturno

165 2705 280 2768 itinere
293 2727 357 2768 non
372 2706 552 2770 intermisso
568 2706 716 2768 comitatu
737 2707 876 2792 equitum
892 2711 971 2766 XXX
986 2704 1028 2769 ad
1041 2721 1127 2767 mare

68 2848 70 2852 .
165 2791 311 2875 pervenit
339 2812 517 2875 navemque
549 2790 788 2856 frumentariam
818 2790 1002 2854 conscendit
1023 2805 1127 2874 saepe,

166 2885 202 2938 ut
223 2874 398 2957 dicebatur,
423 2898 560 2960 querens
582 2885 751 2940 tantumne
774 2878 953 2962 opinionem
967 2873 1128 2954 fefellisse,

166 2971 210 3043 ut,
235 2983 254 3024 a
276 2983 337 3046 quo
365 2984 483 3046 genere
512 2962 674 3026 hominum
702 2964 866 3027 victoriam
897 2970 1064 3048 sperasset,
1087 2959 1128 3024 ab

167 3068 204 3112 eo
225 3047 315 3111 initio
337 3046 431 3133 fugae
452 3048 535 3112 facto
557 3069 659 3133 paene
680 3049 824 3132 proditus
848 3047 1021 3112 videretur.

232 3132 282 3196 97.
307 3131 426 3196 Caesar
448 3135 560 3197 castris
589 3135 706 3218 potitus
736 3156 756 3197 a
776 3133 929 3198 militibus
959 3129 1129 3213 contendit,

166 3240 208 3282 ne
229 3219 262 3282 in
284 3218 404 3303 praeda
426 3220 572 3304 occupati
600 3218 721 3305 reliqui*
737 3221 856 3304 negotii
878 3219 1010 3305 gerendi
1031 3216 1128 3282 facul-

165 3311 263 3368 tatem
287 3304 488 3368 dimitterent.
520 3301 593 3382 Qua
618 3327 653 3368 re
682 3306 850 3390 impetrata
871 3314 1011 3368 montem
1033 3325 1130 3390 opere

147 3390 409 3454 circummunire
442 3390 586 3454 instinrit.
624 3389 819 3476 Pompeiani,
857 3389 941 3476 quod
973 3391 1001 3455 is
1037 3411 1133 3454 mons

168 3481 235 3538 erat
258 3475 324 3538 sine
347 3497 439 3559 aqua,
463 3475 557 3540 diffisi
580 3475 610 3540 ei
637 3474 707 3542 loeo
728 3476 839 3541 relicto
861 3485 967 3540 monte
989 3476 1132 3540 universi
