2534 3970
202 255 244 321 86
461 254 522 320 DE
544 250 688 328 BELLO
711 251 902 319 GALLIOO

200 438 267 491 turn
285 447 383 504 ,cursu
413 436 445 490 et
468 425 597 490 viribus·
619 423 746 489 efficere
772 433 950 510 potuerunt,
983 423 1165 510 complures

202 535 243 576 ex
262 513 302 576 iis
317 511 509 592 oeciderunt,
530 510 645 574 deinde
666 509 811 575 omnibus
825 508 919 594 longe
934 508 1061 596 lateque
1076 510 1162 575 aedi-

200 597 280 662 ficiis
302 597 439 660 incensis
462 616 497 660 se
517 597 551 659 in
575 604 679 659 castra
699 603 896 680 receperunt.

265 681 316 746 36.
339 680 462 745 Eodem
489 680 541 744 die
562 679 658 765 legati
679 678 720 743 ab
742 678 886 744 hostibus
907 681 996 744 missi
1018 680 1059 745 ad
1082 680 1162 747 an-

202 789 305 832 sarem
327 766 367 830 de
387 787 466 851 pace
487 775 652 830 venenmt.
695 765 755 831 His
778 763 898 830 Caesar
919 787 1084 830 numerum
1107 765 1163 830 ob-

201 852 313 934 sidum,
337 873 431 938 quem
457 861 531 915 ante
552 852 772 936 imperaverat,
795 849 968 936 duplicavit
989 871 1107 937 eosque
1128 853 1164 915 in

201 938 413 1003 continentem
434 935 549 1000 adduci
568 936 668 1020 iussit,
692 935 777 1021 quod
797 936 975 1021 propinqua
989 934 1040 1000 die
1055 938 1163 1023 aequi·

200 1023 298 1086 noctii
319 1021 452 1085 infirmis
473 1021 607 1085 navibus
629 1020 725 1084 hiemi
745 1022 979 1106 navigationem
991 1021 1162 1086 subiicien-

201 1107 276 1172 dam
309 1128 375 1172 non
406 1105 616 1172 existimabat.
666 1105 740 1190 Ipse
768 1104 915 1170 idoneam
942 1115 1164 1191 tempestatem

201 1201 334 1257 nanctus
370 1189 465 1276 paulo
500 1200 573 1339 post
605 1191 743 1255 mediam
769 1200 894 1256 noctem
922 1212 1021 1255 naves
1051 1189 1163 1274 solvit3

203 1299 284 1366 quae
307 1298 415 1341 omnes
437 1277 509 1341 inco
522 1297 610 1341 umes
639 1276 681 1340 ad
703 1277 915 1341 continentem
936 1286 1162 1362 pervenerunt,

196 1362 259 1428 sed
282 1383 324 1426 ex
343 1363 382 1424 iis
405 1362 569 1426 onerariae
591 1359 822 1444 duaeeosdem,
846 1383 924 1447 quos
946 1359 1068 1447 rehqui,
1086 1383 1163 1447 por·
1257 1429 1258 1432 Ἴ

203 1460 254 1512 tus
277 1468 393 1532 capere
414 1468 478 1511 non
499 1455 669 1532 potuerunt
683 1456 714 1511 et
727 1446 821 1532 paulo
836 1445 919 1510 infra
932 1445 1056 1512 delatae
1080 1456 1163 1510 sunt.
1257 1447 1258 1530 l

266 1533 317 1597 37.
341 1531 464 1610 Quibus
486 1553 527 1595 ex
547 1532 683 1597 navibus
706 1553 801 1618 quum
820 1541 927 1598 essent
949 1532 1084 1617 expositi
1105 1533 1163 1596 mi·

202 1618 274 1682 lites
297 1618 423 1681 circiter
451 1619 585 1683 trecenti
612 1627 648 1681 at·
665 1639 705 1680 ue
735 1617 769 1680 in
796 1625 900 1681 castra
926 1615 1164 1698 contenderent,

202 1703 329 1784 Morini,
352 1724 431 1802 quos
454 1701 574 1767 Caesar
594 1703 629 1766 in
645 1641 855 1766 “Britanniam
881 1702 1086 1786 proficiscens
1107 1723 1163 1787 pa

204 1797 290 1854 catos
311 1787 499 1873 reliquerat,
522 1809 578 1872 spe
599 1786 738 1873 praedae
761 1786 889 1852 adducti
909 1787 1012 1874 primo
1033 1809 1098 1852 non
1119 1787 1164 1850 ita

204 1895 319 1960 magno
349 1893 477 1936 suorum
502 1893 633 1937 numero
663 1874 936 1937 circumsteterunt
962 1893 1009 1953 ac,
1038 1871 1065 1935 si
1092 1893 1164 1936 sese
1257 1933 1258 1942 ,

203 1959 340 2024 interfici
360 1957 481 2022 nollent
487 2005 496 2040 ,
526 1979 615 2020 arma
635 1979 753 2044 ponere
774 1958 942 2022 iusserunt.
988 1955 1094 2036 Quum
1115 1955 1164 2020 illi

204 2044 282 2110 orbe
303 2043 386 2108 facto
409 2064 480 2108 sese
507 2042 726 2125 defenderent,
756 2041 901 2108 celeriter
928 2041 975 2106 ad·
992 2042 1164 2106 clamorem

202 2129 365 2195 hominum
396 2128 521 2192 circiter
552 2127 641 2192 milia
670 2149 728 2192 sex
754 2136 980 2193 convenenmt
1029 2125 1101 2206 Qua
1128 2149 1164 2191 re

203 2216 347 2279 nuntiata
373 2212 493 2278 Caesar
527 2233 652 2278 omnem
687 2235 729 2276 ex
757 2214 870 2277 castris
898 2213 1071 2299 equitatum
1098 2214 1163 2276 suis

204 2298 322 2366 auxilio
344 2299 439 2361 misit
474 2297 604 2362 Interim
618 2298 717 2362 nostri
730 2297 846 2362 milites
861 2298 1014 2383 impetum
1027 2297 1164 2366 hostium

205 2386 419 2450 sustinuerunt
440 2390 534 2469 atque
556 2383 691 2469 amplius
713 2381 800 2447 horis
823 2391 970 2471 quattuor
990 2382 1163 2447 fortissime

203 2493 225 2557 p
310 2478 426 2533 venmt
446 2478 478 2534 et
498 2468 608 2554 paucis
630 2467 815 2532 vulneribus
830 2469 968 2554 acceptis
984 2467 1164 2553 complures

204 2577 247 2620 ex
284 2556 292 2570 '
325 2553 518 2619 occiderunt.
551 2553 668 2618 Postea
681 2575 757 2618 vero
773 2574 867 2640 quam
882 2555 1040 2639 equitatus
1055 2562 1165 2616 noster

203 2642 237 2705 in
259 2649 463 2725 conspectum
483 2639 580 2721 venit,
602 2639 710 2703 hostes
730 2637 862 2703 abiectis
877 2639 974 2702 armis
988 2647 1079 2723 terga
1092 2659 1163 2702 ver·

204 2734 311 2791 terunt
331 2746 527 2811 magnusque
549 2743 658 2791 eorum
678 2745 830 2788 numerus
852 2731 901 2788 est
922 2725 1055 2788 occisus.

267 2811 319 2875 38.
342 2810 461 2875 Caesar
504 2819 607 2876 ostero
630 2809 682 2874 die
703 2808 810 2872 Titum
823 2807 1001 2873 Labienum
1021 2807 1163 2892 legatum

205 2919 277 2962 cum
297 2897 337 2960 iis
358 2833 544 2980 legioniluq
574 2917 652 2981 quas
678 2916 721 2960 ex
741 2894 907 2958 Britannia
927 2893 1106 2972 reduxerat,
1129 2893 1163 2954 in

204 2983 353 3064 Morinos,
376 2981 431 3067 qui
450 2979 656 3046 rebellionem
676 2979 827 3062 fecerant,
849 2980 944 3044 misit.
982 2977 1045 3058 Qui
1067 2997 1164 3062 quum

227 3077 333 3153 ropter
360 3066 516 3132 siccitates
542 3065 707 3151 paludum,
735 3087 796 3151 quo
824 3087 859 3128 se
885 3065 1071 3149 reciperent,
1099 3081 1164 3126 non

203 3091 371 3233 deberent,
401 3173 463 3238 quo
489 3152 651 3237 superiore
678 3172 761 3214 anno
787 3149 930 3235 perfugio
958 3147 1083 3212 fixerant
1103 3148 1164 3228 usi,

206 3259 315 3304 omnes
336 3237 403 3301 iere
424 3237 458 3300 in
483 3245 672 3321 potestatem
698 3234 833 3301 Labieni
853 3242 1077 3320 pervenerunt.
1120 3230 1164 3294 At

206 3322 247 3403 Q.
269 3323 408 3386 Titurius
435 3330 467 3386 et
487 3320 531 3384 L.
562 3317 655 3385 Cotta
680 3319 792 3404 legati,
816 3321 869 3406 qui
889 3320 923 3383 in
944 3317 1163 3403 Menapiorum

205 3407 284 3472 fines
307 3407 449 3492 legiones
464 3404 629 3488 duxerant,
652 3404 797 3470 omnibus
820 3426 929 3470 eorum
951 3403 1036 3488 egris
1058 3411 1163 3466 vasta·

196 3495 255 3577 tis,
277 3491 443 3558 frmentis
465 3492 610 3572 succisis,
639 3489 791 3555 aedificiis
812 3491 967 3572 incensis,
991 3486 1075 3574 quod
1096 3485 1162 3550 Me
