2534 3970
201 205 262 272 521
336 195 340 202 ⁴
455 207 517 272 DE
537 205 681 274 BELLO
704 207 894 274 GALLIOO

178 375 388 464 ,aggerisque
408 375 607 442 ¹altitudinem
622 380 728 444 acervi
748 401 907 444 armorum
928 380 1151 467 adaequarent,

200 472 230 526 et
248 471 357 526 tamen
384 463 508 526 circiter
529 472 618 548 parte
640 465 742 546 tertia,
764 473 800 528 ut
820 475 929 551 postea
950 475 1150 552 perspectum

199 556 256 630 est,
280 547 383 612 collata
404 556 500 633 atque
526 549 559 612 in
588 549 702 634 oppido
723 558 846 616 retenta
865 551 964 636 portis
985 550 1151 636 patefactis

199 653 236 698 eo
258 631 309 696 die
353 655 409 697 ace
431 643 504 697 sunt
524 635 582 696 usi.

261 717 312 782 33.
330 655 403 782 bub
429 737 599 804 vesperum
615 717 745 784 -ansar
765 727 873 804 portas
895 719 1000 784 claudi
1020 719 1149 786 milites·

219 824 260 868 ue
282 825 319 866 ex
340 826 358 868 o
381 802 455 888 pido
478 804 566 867 exire
586 804 686 884 iussit,
708 826 749 868 ne
771 826 866 889 quam
885 814 980 869 noctu
1001 827 1041 892 op
1064 806 1150 871 idaci

197 909 218 951 a
232 895 234 898 ’
247 826 412 952 militibus
433 889 578 952 iniuriam
607 891 796 974 acciperent
838 889 891 954 Illi
932 891 1073 981 ὶιῖεῖιιιιν
1114 899 1150 954 ut

196 973 390 1037 intellectum
413 983 469 1055 est,
492 971 631 1055 consilio,
654 975 739 1059 quod
753 974 911 1040 deditione
956 971 1150 1040 dta'ffostros

195 1058 354 1144 praesidia
367 1046 584 1122 vdeducturos'
598 1067 652 1122 aut
679 1059 814 1146 denique
841 1059 1056 1146 indiligentius
1085 1081 1148 1125 ser-

194 1142 333 1208 vaturos‘
341 1143 550 1225 crediderant,
572 1144 686 1229 partim
701 1146 837 1226 cum-iis,
861 1151 943 1232 quae
957 1147 1151 1210 retinuerant
1262 1213 1263 1224 2

197 1237 228 1293 et
250 1228 438 1310 celaverant,
466 1231 571 1310 armis,
592 1231 708 1314 partim
725 1233 831 1294 ‘scutis
858 1253 900 1295 ex
921 1231 1038 1295 cortice
1058 1230 1149 1294 factis

196 1323 250 1378 aut
270 1313 441 1392 viminibus
462 1314 601 1396 intextis,
624 1336 706 1400 quae
728 1313 840 1397 subito,
863 1325 898 1380 ut
918 1316 1068 1402 temporis
1083 1316 1149 1380 exi-

195 1400 297 1485 guitas
319 1397 508 1484 postulabat,
527 1394 667 1484 ‘pellibus
693 1399 892 1483 induxerant,
914 1403 1009 1466 tertia
1029 1399 1149 1486 vigilia,

196 1506 259 1570 qua
279 1485 407 1569 minime
433 1483 550 1548 arduus
577 1484 618 1549 ad
636 1488 762 1550 nostras
786 1487 978 1552 munitiones
999 1500 1150 1551 ascensus
1201 1491 1204 1496 '

194 1569 382 1652 videbatm,
409 1567 554 1635 omnibus
576 1571 675 1656 copiis
696 1571 859 1656 repentino
882 1593 922 1635 ex
944 1571 1058 1658 oppido
1080 1593 1149 1636 eru-
1219 1608 1221 1610 ·

194 1656 334 1756 ptionem
348 1655 499 1720 fecerunt.
523 1653 686 1738 Celeriter,
702 1664 737 1720 ut
751 1665 823 1721 ante
840 1655 960 1720 Caesar
970 1657 1149 1742 imperarat,

194 1739 319 1825 ignibus
342 1739 570 1826 significatione
596 1740 680 1806 facta
707 1764 748 1807 ex
772 1743 924 1826 proximis
952 1741 1087 1806 castellis
1110 1761 1149 1804 eo

195 1847 383 1890 concursum
405 1833 461 1908 est,
487 1835 722 1973 puffinatumque
744 1825 785 1890 ab
806 1826 949 1891 hostibus
969 1827 1014 1891 ita
1035 1826 1150 1890 acriter
1262 1829 1263 1848 ¹

195 1918 252 1993 est,
274 1920 351 1974 uta
371 1911 448 1974 viris
469 1909 543 1974 forti
566 1933 603 1974 us
624 1912 658 1974 in
680 1920 821 1976 extrema
842 1934 900 1998 spe
917 1911 1027 1976 salutis
1040 1911 1149 1998 iniquo

194 1994 264 2061 loco
286 2006 396 2060 contra
418 2017 482 2078 eos,
532 1996 565 2059 ui
587 2019 629 2060 ex
655 1995 739 2061 vallo
761 1996 960 2084 turribusque
981 1997 1045 2061 tela
1065 1998 1149 2060 iace-
1260 1999 1263 2006 ⁴

193 2089 280 2162 rent,
312 2081 448 2166 pugnari
474 2018 596 2163 deluit,
625 2103 721 2168 quum
747 2083 781 2145 in
813 2104 878 2147 una
903 2084 1018 2146 virtute
1047 2081 1148 2146 omnis

194 2187 267 2251 spes
284 2165 400 2229 ¹salutis
419 2167 624 2230 consisteret
650 2166 772 2232 Occisis
792 2167 832 2231 ad
846 2167 1007 2232 hominum
1021 2166 1148 2231 milibus
1262 2183 1263 2190 ¹

195 2259 341 2336 quattuor
366 2249 480 2337 reliqui
506 2252 540 2314 in
566 2252 722 2352 oppidum<
736 2255 845 2318 reiecti
867 2261 947 2316 sunt.
991 2252 1148 2318 Postridie
1262 2317 1263 2320 ,

194 2337 262 2401 eius
284 2336 349 2400 diei
368 2335 510 2400 refractis
524 2346 633 2421 portis,
650 2359 746 2424 quum
760 2341 823 2402 iam
841 2337 1024 2402 defenderet
1043 2358 1147 2419 nemo,

194 2429 289 2507 atque
316 2423 505 2486 intromissis
542 2421 692 2487 militibus
724 2425 842 2487 nostris
878 2425 1047 2489 sectionem
1080 2423 1148 2488 eius
1262 2411 1263 2450 ³

194 2507 302 2594 oppidi
321 2508 502 2570 universam
524 2506 643 2572 Caesar
663 2508 814 2574 vendidit.
840 2506 893 2573 Ab
914 2510 963 2591 iis,
990 2509 1044 2596 qui
1065 2529 1148 2573 eme·

192 2601 273 2694 rant,
296 2593 434 2693 capitum
460 2613 610 2692 numerus
636 2593 678 2658 ad
706 2615 778 2658 eum
803 2593 922 2658 relatus
950 2601 999 2660 est
1026 2593 1149 2658 milium

194 2698 313 2826 qmddli
360 2685 603 2850 oddmtlddrdbore
614 2784 635 2826 a
644 2763 757 2828 Publio
770 2762 897 2847 Crasso,
910 2785 1003 2852 quem
1019 2761 1148 2846 cumic-

193 2847 288 2996 ggorpe
315 2869 379 2912 una
408 2849 538 2912 miserat
565 2847 606 2912 ad
633 2848 788 2932 Venetos,
815 2848 963 2932 Unellos,
993 2849 1148 2930 Osismcs,

192 3018 367 3082 maritimae
385 3018 539 3105 'qoivitates
575 3017 801 3106 Oceanumque
830 3021 1000 3106 attingrmt,
1035 3019 1150 3084 certior

192 3102 295 3167 factus
318 3111 366 3168 est
388 3123 495 3168 omnes
525 3123 578 3167 eas
607 3105 750 3168 civitates
779 3105 812 3168 in
832 3105 1034 3170 deditionem
1061 3112 1149 3191 pote·

193 3197 368 3274 etatemque
389 3187 497 3274 populi
517 3188 649 3252 Romani
671 3188 915 3255 esse‘redactas.
965 3209 973 3247 t

256 3273 308 3338 35.
335 3268 396 3337 His
423 3272 520 3338 rebus
552 3275 649 3358 gestis
676 3277 761 3339 omni
777 3273 901 3339 suauis
919 3283 1034 3361 pacata
1060 3283 1150 3340 tunm

193 3359 285 3423 huius
307 3358 384 3424 belli
413 3359 453 3421 ad
478 3358 630 3424 barbaros
660 3360 764 3424 oinio
789 3358 911 3445 perlata
938 3369 1002 3443 est,
1029 3361 1077 3426 uti
1104 3357 1147 3425 ab

192 3444 232 3508 iis
252 3442 441 3523 nationibus,
464 3465 544 3527 quae
564 3452 651 3508 trans
724 3467 818 3510 enum
839 3443 1024 3528 incolerent,
1045 3445 1148 3510 mitte·

221 2931 410 3014 umosolitas,
439 2931 586 3014 Esuvios,
608 2931 772 3018 Aulercps,
794 2934 954 3023 Redones,
973 2957 1054 3022 quse
1076 2943 1150 2998 sunt
1262 2975 1263 2978 =
