2532 3968
172 196 238 262 210
426 197 489 262 DE
506 197 654 272 BELLO
677 197 869 264 GALLIOO

172 367 339 452 liberaret,
372 370 546 456 pn'ncipem
582 369 710 436 sceleris
739 369 823 434 illius
853 378 885 433 et
911 369 1131 434 concitatorem

171 453 266 538 belli,
302 453 506 539 Gutruatum,
540 455 581 520 ad
608 449 796 543 supplicium
826 455 1017 541 depoposcit.
1070 454 1133 535 Qui

173 541 233 606 etsi
253 563 294 605 ne
317 540 439 606 civibus
469 541 597 629 quidem
626 543 690 606 suis
720 565 754 609 se
783 540 1005 624 committebat,
1027 549 1132 605 tamen
1227 623 1229 626 Ι

172 625 318 692 celeriter
339 628 478 691 omnium
500 650 577 692 cura
599 629 759 715 quaesitus
773 629 808 692 in
823 637 927 692 castra
940 626 1131 712 perducitur.

173 711 305 798 Oogitur
326 714 359 777 in
382 714 450 777 eius
472 713 661 800 supplicium
677 713 797 779 Caesar
812 722 921 778 contra
933 735 1022 776 suam
1042 720 1133 777 natu·

171 820 240 862 ram
262 821 418 865 concursu
439 801 577 864 maximo
605 798 752 882 militum,
784 801 838 886 qui
866 800 973 862 omnia
993 797 1135 884 pericula

173 892 204 948 ct
226 882 413 950 detrimenta
433 884 510 949 belli
526 885 680 951 Gutruato
696 895 828 972 accepta
840 883 1030 967 referebant,
1054 883 1133 951 adeo
1238 883 1242 890 ’

172 979 208 1034 ut
228 969 414 1035 verberibus
437 973 651 1036 exanimatum
674 993 788 1058 corpus
811 973 915 1035 securi
935 971 1091 1034 feriretur.

235 1055 286 1120 39.
310 1055 360 1120 lbi
382 1055 501 1120 crebris
521 1056 634 1121 litteris
647 1056 772 1121 Caninii
793 1057 829 1120 fit
843 1056 967 1139 certior,
991 1077 1071 1142 quae
1093 1054 1133 1120 de

171 1141 335 1227 Drappete
357 1151 389 1206 et
408 1141 557 1208 Lucterio
579 1152 671 1228 gesta
692 1151 807 1225 essent,
831 1163 955 1228 quoque
977 1143 1009 1205 in
1032 1142 1133 1206 consi·

173 1227 216 1292 lio
238 1239 462 1313 permanerent
489 1229 649 1316 oppidani.
696 1227 839 1308 Quorum
862 1229 921 1292 etsi
941 1229 1134 1313 paucitatem

173 1312 406 1396 contemnebat,
429 1321 535 1378 tamen
563 1316 769 1400 pertinaciam
790 1335 906 1398 magna
933 1335 1035 1398 poena
1063 1333 1133 1376 esse

173 1398 374 1463 afficiendam
400 1399 574 1484 iudicabat,
604 1423 645 1465 ne
671 1401 820 1465 universa
846 1396 952 1464 Gallia
979 1420 1043 1462 non
1072 1397 1134 1462 sibi

172 1486 257 1549 vires
279 1483 418 1551 defuisse
440 1485 481 1550 ad
501 1485 712 1550 resistendum
726 1485 877 1550 Romanis
910 1483 967 1549 sed
989 1491 1133 1548 constan·

173 1571 250 1634 tiam
285 1579 426 1656 putaret,
462 1593 545 1635 neve
573 1570 634 1637 hoc
663 1571 807 1658 exemplo
838 1579 961 1635 ceterae
991 1570 1133 1634 civitates

172 1655 312 1721 locorum
334 1659 566 1743 opportunitate
587 1659 687 1722 tretae
710 1679 745 1721 se
765 1656 964 1721 vindicarent
983 1656 1018 1720 in
1038 1654 1132 1718 liber-

172 1749 279 1827 tatem,
303 1765 400 1829 quum
425 1742 570 1808 omnibus
598 1741 700 1807 Gallis
721 1751 832 1808 notum
854 1764 925 1807 esse
947 1743 1042 1806 sciret
1062 1740 1134 1806 reli·

173 1850 268 1914 quam
304 1849 374 1892 esse
411 1851 508 1892 unam
536 1837 687 1893 aestatem
716 1849 791 1894 suae
820 1828 1016 1916 provinciae,
1040 1847 1135 1913 quam

173 1916 201 1978 si
229 1914 385 1980 sustinere
407 1915 591 2002 potuissent,
614 1915 737 1980 nullum
751 1913 834 1979 ultra
850 1913 1025 2002 periculum
1045 1935 1134 1979 vere·

172 2008 291 2065 rentur.
327 2000 439 2087 Itaque
462 1999 501 2082 Q.
526 1999 680 2066 Calenum
701 2000 841 2088 legatum
863 2022 935 2064 cum
956 1999 1134 2086 legionibus

172 2085 307 2172 reliquit,
331 2088 385 2172 qui
399 2088 490 2151 iustis
504 2086 669 2152 itineribus
686 2087 947 2174 subsequeretur;
969 2086 980 2148 i
1004 2107 1038 2149 se
1060 2105 1133 2149 cum

174 2173 259 2235 omni
288 2173 428 2322 phquitatu
455 2195 549 2260 quarn
575 2182 680 2260 potest
706 2171 870 2239 celerrime
898 2172 938 2236 ad
994 2171 1134 2236 aninium

175 2266 289 2322 conten
323 2265 344 2321 t

237 2343 288 2406 40.
313 2343 418 2424 Quum
447 2352 556 2411 contra
584 2346 852 2430 exspectationem
886 2341 1025 2407 omnium
1053 2339 1132 2406 (lae-

176 2450 227 2492 sar
248 2427 484 2494 Uxellodunum
499 2432 641 2496 venisset
655 2429 867 2516 oppidumque
883 2427 1033 2514 operibus
1048 2425 1133 2493 clau·

174 2536 242 2577 sam
264 2514 530 2581 animadverteret
561 2537 665 2604 neque
699 2514 739 2580 ab
770 2515 1004 2599 oppugnatione
1025 2512 1135 2580 recedi

173 2600 296 2664 videret
322 2599 388 2665 ulla
418 2603 597 2667 conditione
641 2623 727 2683 osse,
763 2621 881 2684 magna
909 2607 1014 2663 autem
1034 2601 1135 2686 ¹copia

174 2685 322 2752 frumenti
344 2686 508 2753 abundare
530 2687 605 2775 oppi
646 2707 704 2751 nos
728 2707 768 2750 ex
787 2684 928 2772 perfugis
952 2693 1129 2771 cognosset,

174 2793 256 2858 aqua
275 2771 590 2857 prohiberehostem
612 2780 734 2837 tentare
756 2772 869 2858 coepit.
906 2770 1042 2836 Flumen
1062 2771 1131 2837 infi-

174 2879 258 2920 mam
279 2856 397 2922 vallem
419 2858 597 2941 dividebat,
635 2879 717 2944 quae
745 2867 845 2923 totum
871 2877 973 2944 paene
994 2866 1134 2923 montem

176 2942 333 3030 cingebat,
354 2945 388 3008 in
433 2966 473 3010 ue
502 2945 639 3031 positum
662 2952 729 3008 erat
761 2953 966 3030 praeruptum
994 2942 1133 3029 undique

174 3028 323 3129 oppidum
344 2969 590 3096 Uxellodunum.
613 3029 685 3095 Hoc
700 3039 845 3095 avertere
860 3028 924 3094 loci
938 3037 1053 3093 natura
1085 3049 1133 3093 ro·

174 3112 319 3179 mbebat:
342 3115 376 3180 in
396 3116 512 3180 infimis
535 3117 620 3181 enim
650 3117 696 3180 sic
718 3114 880 3180 radicibus
907 3115 1022 3179 montis
1054 3051 1132 3178 idre-

173 3197 276 3282 batur,
299 3208 334 3263 ut
355 3199 475 3266 nullam
495 3203 529 3266 in
549 3211 673 3289 partem
694 3201 854 3288 depressis
883 3199 976 3266 fossis
998 3200 1133 3264 derivari

173 3293 291 3370 posset.
334 3285 414 3350 Erat
436 3296 541 3353 autem
563 3286 728 3374 oppidanis
751 3285 888 3351 difficilis
904 3293 1134 3371 etpraeruptus

176 3391 213 3433 eo
236 3369 417 3456 descensus,
432 3381 468 3436 ut
480 3372 720 3460 prohibentibus
735 3373 852 3437 nostris
868 3372 936 3436 sine
949 3369 1134 3436 vulneribus

174 3473 212 3518 ac
241 3455 382 3542 periculo
402 3457 489 3525 vitae
524 3468 629 3548 neque
652 3458 740 3526 adire
762 3457 880 3525 flumen
900 3475 1004 3546 neque
1034 3456 1133 3524 arduo
