2562 3966
405 223 540 292 COMM.
562 225 593 292 V
616 225 709 292 CAP.
732 225 868 291 24-27.
1053 226 1112 290 101

157 397 301 480 fuissent,
329 395 385 461 des
410 407 497 462 erata
522 419 559 462 re
587 397 694 461 hostes
722 417 795 461 suos
818 395 859 461 ab
882 387 1115 482 oppugnatione

157 482 361 548 reduxerunt.
386 419 476 546 llum
490 504 555 546 suo
576 505 663 548 more
685 481 971 565 conclamaverunt,
993 482 1039 546 uti
1061 481 1113 546 ali·

159 570 214 654 qui
236 589 277 631 ex
298 569 415 646 nostris
437 569 477 632 ad
505 567 696 715 oolloguium
717 567 870 652 prodiret:
893 566 1011 631 habere
1034 589 1113 646 sese,

158 676 240 740 quae
269 653 309 718 de
335 674 371 717 re
400 654 559 717 communi
609 653 694 716 ieere
720 652 847 735 vellent,
878 651 992 738 quibus
1020 651 1115 716 rebus

156 739 390 803 controversias
413 739 512 802 minui
532 759 627 824 posse
650 748 822 823 sperarent.
930 793 933 798 .

222 824 273 888 27.
295 823 429 887 Mittitur
454 823 495 886 ad
517 843 572 888 eos
595 821 795 908 eolloquendi
817 844 913 887 eausa
934 821 1033 888 Gaius
1055 822 1114 886 Ar-

180 909 291 990 ineius,
314 923 411 994 eques
433 909 603 990 Romanus,
627 907 790 972 familiaris
806 907 915 988 Quinti
937 908 1060 990 Tiurii,
1083 917 1115 972 et

156 931 293 1072 Quintus
322 994 431 1058 Iunius
459 1017 500 1058 ex
527 994 684 1096 Hispania
712 993 853 1080 quidam,
883 994 937 1079 qui
957 995 1020 1056 iam
1042 1002 1113 1057 ante

157 1080 256 1144 missu
278 1077 423 1144 Caesaris
446 1079 487 1143 ad
507 1079 725 1164 Amb1origem
747 1080 903 1143 ventitare
928 1087 1112 1159 consuerat3

156 1164 243 1250 apud
272 1187 349 1250 quos
378 1165 547 1230 Ambiorix
574 1164 615 1228 ad
641 1164 726 1228 huno
753 1163 882 1228 modum
902 1162 1026 1229 loeutus
1048 1174 1113 1228 est:

156 1247 236 1314 Sese
257 1273 314 1336 pro
331 1249 477 1315 Caesaris
499 1253 532 1314 in
556 1273 590 1314 se
611 1248 774 1314 beneficiis
811 1248 959 1314 lurimum
975 1251 1005 1314 ei
1019 1249 1114 1314 eonii·-

155 1336 218 1399 teri
239 1334 366 1419 debere,
390 1335 474 1422 quod
485 1337 552 1401 eius
568 1356 666 1421 opera
682 1269 837 1420 stipendio
853 1333 1005 1400 liberatus
1020 1343 1113 1416 esset,

155 1419 242 1506 quod
270 1421 454 1503 Aduatucis,
482 1421 622 1486 finitimis
652 1422 727 1503 suis,
783 1419 899 1484 endere
921 1430 1113 1501 eonsuesset‚

156 1505 304 1592 quodque
328 1507 358 1570 ei
380 1516 411 1570 et
431 1507 515 1570 iilius
543 1515 575 1571 et
602 1508 708 1571 fratris
737 1441 821 1570 filius
843 1505 883 1570 ab
906 1503 1044 1570 Caesare
1066 1527 1113 1568 re·

156 1592 247 1655 missi
269 1601 384 1675 essent,
408 1615 486 1678 quos
503 1592 661 1657 Aduatuci
682 1590 828 1656 obsidum
849 1613 980 1656 numero
1002 1592 1114 1655 missos

155 1677 242 1762 apud
264 1699 298 1742 se
321 1679 354 1740 in
376 1679 526 1743 servitute
549 1687 580 1742 et
602 1677 720 1742 catenis
734 1678 924 1758 tenuissent3
946 1697 1049 1776 neque
1071 1673 1113 1757 id,

156 1761 242 1849 quod
262 1762 373 1831 feeerit
398 1763 438 1827 de
461 1765 694 1913 oppugnatione
716 1771 900 1843 castrorum,
923 1769 978 1825 aut
998 1760 1114 1826 iudicio

155 1858 211 1912 aut
224 1847 386 1914 voluntate
402 1871 459 1912 sua
486 1852 595 1931 eoisse‚
619 1848 677 1913 sed
692 1857 802 1912 coactu
817 1848 969 1930 eivitatis3
993 1868 1112 1932 suaque

154 1953 228 1996 esse
255 1933 409 1998 eiusmodi
435 1935 576 2019 imperia,
606 1944 641 1998 ut
667 1956 731 1998 non
760 1933 864 1996 minus
885 1931 1017 1996 haberet
1037 1932 1113 1996 iuris

155 2019 189 2082 in
211 2041 246 2084 se
267 2018 443 2101 multitudo,
467 2041 561 2105 quum
590 2020 601 2081 i
624 2040 659 2082 se
686 2019 719 2082 in
741 2017 982 2082 multitudinem.
1028 2015 1112 2081 Civi-

154 2104 214 2167 tati
241 2126 337 2190 porro
359 2105 442 2169 hano
458 2105 556 2169 fuisso
570 2043 647 2170 belli
663 2125 800 2186 eausam,
824 2102 908 2189 quod
928 2103 1113 2188 repentinae

153 2187 322 2253 Gallorum
344 2191 551 2254 coniurationi
573 2192 723 2256 resistere
744 2211 808 2253 non
829 2189 974 2274 potuerit
1019 2188 1057 2252 Id
1079 2210 1113 2252 se

154 2272 248 2339 facile
266 2291 319 2338 'ex
347 2275 522 2340 humilitate
557 2297 614 2339 sua
639 2274 775 2362 probare
803 2296 905 2360 posse,
937 2273 1021 2359 quod
1049 2296 1112 2339 non

154 2359 235 2425 adeo
269 2361 309 2424 sit
334 2362 498 2446 imperitus
527 2383 649 2444 rorum,
678 2371 713 2424 ut
742 2361 807 2424 suis
837 2381 874 2424 oo
896 2361 934 2422 iis
962 2381 1003 2444 po
1026 2358 1113 2422 ulum

154 2443 332 2510 Romanum
355 2448 499 2531 superari
520 2469 615 2532 posse
637 2445 782 2512 confidat.
817 2444 859 2509 So
904 2465 974 2508 esse
1020 2443 1113 2508 alliae

153 2551 321 2595 commune
336 2532 517 2597 eonsilium:
541 2531 686 2596 omnibus
701 2530 842 2595 hibernis
859 2528 1004 2594 Caesaris
1016 2552 1113 2614 oppu-

199 2615 291 2682 andis
312 2618 397 2683 huno
420 2640 489 2682 esse
512 2617 630 2682 dietum
648 2617 741 2698 diem,
764 2639 805 2680 ne
820 2615 927 2702 quale
951 2615 980 2679 'o
995 2613 1113 2678 alterae

167 2702 274 2787 egioni
303 2702 442 2767 subsidio
470 2707 579 2770 venire
606 2711 723 2788 posset.
772 2701 844 2765 Non
876 2701 968 2764 facie
1003 2699 1112 2765 Gallos

153 2786 258 2851 Gallis
280 2810 396 2873 negare
418 2790 567 2872 potuisse,
595 2788 783 2874 praesertim
805 2809 901 2872 quum
923 2785 963 2850 de
984 2807 1116 2871 reeupe-

153 2872 255 2937 randa
277 2876 434 2938 communi
456 2873 602 2938 libertate
624 2871 790 2938 eonsilium
808 2873 920 2935 initum
941 2870 1113 2934 videretur.

153 2955 278 3036 Quibus
302 2961 450 3045 quoniam
471 2981 529 3044 pro
544 2960 662 3043 pietate
679 2957 873 3038 satisfecerit,
897 2955 1015 3020 habore
1028 2976 1113 3018 nunc

154 3045 365 3108 serationem
392 3044 487 3109 officii
508 3066 565 3130 pro
588 3041 750 3108 benefieiis
781 3041 944 3108 Caesaris:
974 3061 1112 3121 monere,

154 3149 247 3194 orare
269 3128 426 3193 Titurium
470 3153 506 3194 ro
528 3129 672 3214 hospitio,
695 3138 730 3192 ut
752 3151 827 3192 suae
850 3148 888 3192 ao
909 3125 1043 3191 militum
1065 3146 1112 3188 sa·

154 3211 214 3278 luti
242 3213 394 3278 consulat.
445 3153 594 3300 llagnam
626 3235 754 3277 manum
782 3212 1012 3288 Gordianorum
1041 3231 1114 3274 oon-

154 3297 282 3363 ductam
303 3296 447 3364 Rhenum
469 3301 638 3382 transisse3
661 3298 744 3362 hano
765 3299 862 3362 affore
875 3296 982 3360 biduo.
1027 3294 1113 3380 Ipso·

154 3405 225 3448 rum
253 3406 322 3450 esse
356 3385 537 3467 eonsilium,
564 3383 705 3448 velintne
718 3429 720 3436 ·
734 3385 837 3468 prius,
868 3403 962 3468 quam
988 3380 1113 3444 finitimi

156 3473 302 3550 sentiant,
326 3469 455 3536 eductos
478 3493 518 3535 ex
539 3469 681 3541 hibernis
710 3467 827 3532 milites
847 3475 904 3532 aut
924 3465 965 3529 ad
988 3465 1113 3531 Cicero·
