2538 3978
198 246 261 310 144
438 245 568 310 BELLI
588 243 891 310 ALEXANDRlNl

196 426 302 481 autem
322 441 439 504 magna
460 417 627 481 multitudo
656 417 886 502 oppidanorum
908 417 940 479 in
966 422 1057 502 parte
1081 415 1166 480 an-

195 505 286 584 sarir,
326 526 399 568 uam
420 502 588 567 domiciliis
602 505 741 588 ipsorum
763 525 827 566 non
848 513 999 582 moverat,
1023 503 1108 589 quod
1125 525 1167 566 ea

196 610 230 650 se
252 527 378 652 fidilem
401 590 505 674 palam
521 589 639 652 nostris
662 610 733 652 esse
748 587 918 651 simulabat
941 597 971 651 et
986 586 1166 652 descivisse

196 694 216 735 a
226 675 290 736 suis
308 673 489 739 videbatur:
501 687 536 737 ut
550 673 626 736 mihi
635 673 940 738 defendendi'essent
948 672 1163 736 Alexandrini

194 781 298 844 neque
319 758 448 824 fallaces
472 781 542 823 esse
564 780 668 844 neque
689 759 860 842 temerarii,
883 757 1044 842 multaque
1060 760 1162 823 oratio

196 843 314 907 frustra
337 842 572 927 absumeretur3
589 867 685 929 quurn
699 865 775 908 vero
790 865 854 907 uno
869 853 1010 928 ternpore
1026 853 1057 906 et
1072 845 1160 908 natio

195 949 303 993 eorum
325 939 357 992 et
385 941 497 994 natura
527 939 744 1014 cognoscatur,
775 929 973 1013 aptissimum
1001 951 1073 992 esse
1099 929 1163 994 hoo

195 1036 295 1098 genus
319 1014 360 1077 ad
381 1016 591 1100 proditionem
614 1014 758 1078 dubitare
780 1036 873 1077 nemo
896 1023 1009 1099 potest.

258 1099 287 1162 8.
312 1098 433 1164 Caesar
447 1123 575 1164 suorum
590 1101 736 1164 timorem
749 1099 963 1164 consolatione
981 1108 1013 1163 et
1035 1101 1162 1163 ratione

196 1183 366 1248 minuebat
390 1186 472 1249 Nam
499 1187 601 1270 puteis
623 1185 717 1248 fossis
739 1206 856 1270 aquam
877 1184 1003 1248 dulcem
1023 1187 1162 1269 reperiri

218 1291 289 1333 osse
304 1270 491 1334 affirmabat.
517 1271 632 1334 Omnia
647 1271 733 1334 enim
748 1269 843 1334 litora
856 1269 1042 1334 naturaliter
1055 1293 1161 1354 aquae

194 1291 295 1418 dulcis
318 1377 416 1418 venas
439 1355 566 1420 habere.
598 1354 693 1433 Quod
720 1357 746 1418 si
769 1353 833 1418 alia
862 1365 946 1418 essct
973 1355 1074 1419 litoris
1096 1356 1162 1419 Ae-

193 1441 294 1524 gyptii
315 1449 429 1504 natura
451 1452 545 1526 atque
568 1442 708 1505 omnium
722 1439 926 1525 reliquorum,
949 1449 1065 1522 tamen,
1082 1463 1159 1525 quo·

192 1527 279 1588 niam
306 1547 395 1590 mare
428 1525 528 1590 libere
560 1536 713 1610 tenerent
747 1547 852 1611 neque
884 1525 991 1590 hostes
1021 1525 1160 1589 classem

192 1609 356 1692 haberent,
379 1612 539 1696 prohiberi
562 1629 639 1676 sese·
654 1635 719 1676 non
741 1633 845 1696 posse,
869 1633 930 1696 quo
954 1612 1057 1674 minus
1081 1633 1158 1695 quo·

192 1696 269 1760 tidie
291 1696 426 1760 navibus
449 1719 564 1783 aquam
585 1707 730 1783 peterent
760 1696 812 1760 vel
836 1717 855 1758 a
878 1698 1006 1759 sinistra
1026 1709 1116 1780 parte
1140 1719 1160 1760 a

192 1781 379 1847 Paraetonio
412 1783 463 1847 vel
497 1805 516 1846 a
545 1784 657 1847 dextra
679 1782 719 1846 ab
746 1781 867 1864 insula3
923 1804 983 1844 uae
1011 1781 1158 1846 diversae

193 1868 413 1952 navigationes
435 1891 510 1932 nunr
534 1890 608 1932 uam
636 1891 700 1932 uno
723 1877 866 1952 tempore
888 1805 1031 1940 adversis
1053 1869 1159 1932 ventis

191 1952 481 2037 praecluderentur.
504 1893 615 2040 liugas
644 1977 722 2018 vero
752 1953 874 2018 nullum
896 1971 967 2016 esse
990 1953 1157 2017 consilium

190 2060 254 2102 non
278 2037 378 2102 solum
400 2040 448 2121 iis,
473 2041 527 2125 qui
548 2041 682 2124 primam
705 2039 891 2124 dignitatem
912 2037 1076 2120 haberent,
1100 2039 1158 2102 sed

191 2124 292 2186 neiis
316 2124 452 2209 quidem,
475 2127 530 2210 qui
557 2125 636 2188 nihil
662 2135 887 2211 praeterquam
915 2123 954 2188 de
983 2125 1050 2187 vita
1072 2125 1157 2209 cogi-

190 2217 303 2272 tarent.
340 2209 457 2294 Magno
480 2211 607 2296 negotio
629 2212 764 2294 impetus
787 2211 924 2274 hostium
946 2209 1097 2274 adversos
1112 2231 1156 2272 ex

192 2294 418 2359 munitionibus
449 2297 610 2377 sustineri;
644 2295 759 2380 quibus
781 2295 900 2358 relictis
921 2316 982 2357 nec
1005 2294 1073 2358 loco
1095 2315 1160 2358 nec

191 2400 323 2442 numero
345 2401 439 2465 pares
462 2403 532 2445 esse
554 2403 658 2467 posse.
681 2381 833 2466 Magnam
855 2391 961 2444 autem
983 2401 1103 2445 moram
1125 2389 1159 2443 et

191 2462 407 2530 difficultatem
437 2487 605 2530 ascensum
631 2468 665 2529 in
693 2488 792 2530 naves
820 2465 938 2529 habere
959 2466 1158 2550 praesertim

191 2569 232 2612 ex
265 2549 405 2635 scaphis:
440 2573 593 2616 summam
626 2575 696 2616 esse
729 2561 841 2614 contra
867 2553 900 2614 in
926 2549 1157 2614 Alexandrinis

190 2633 390 2699 velocitatem
413 2635 617 2723 locorumque
632 2649 664 2704 et
679 2636 895 2702 aedificiorum
909 2637 1063 2700 notitiam.
1086 2635 1158 2700 Hos

189 2721 361 2805 praecipue
382 2722 415 2784 in
437 2723 570 2787 victoria
591 2724 762 2788 insolentes
789 2743 1015 2806 praecursurus
1038 2731 1070 2785 et
1083 2720 1157 2784 loca

190 2805 368 2870 excelsiora
404 2818 499 2893 atque
536 2809 680 2874 aedificia
722 2817 945 2892 occupaturos3
996 2809 1040 2870 ita
1077 2807 1159 2890 fuga

188 2891 387 2978 navibusque
413 2903 538 2957 nostros
570 2893 793 2980 prohibituros.
827 2893 964 2958 Proinde
991 2893 1058 2956 eius
1080 2913 1159 2956 con·

83 3021 84 3025 ,
190 2975 252 3040 silii
267 2975 527 3042 obliviscerentur
542 2989 637 3066 atque
649 2981 733 3044 omni
744 2979 865 3042 ratione
878 2999 948 3042 esse
962 2977 1159 3042 vincendum

190 3083 227 3126 co
251 3063 378 3126 iterent.

229 3086 283 3210 g9.
305 3148 377 3213 Hac
399 3149 539 3214 oratione
562 3149 648 3235 apud
662 3171 736 3214 suos
765 3149 874 3213 habita
896 3159 990 3236 atque
1013 3149 1159 3212 omnium

187 3232 346 3298 mentibus
379 3235 523 3298 excitatis
556 3235 610 3299 dat
642 3233 880 3300 centurionibus
913 3234 1084 3318 negotium,
1118 3244 1159 3298 ut

186 3317 317 3403 reliquis
341 3319 490 3467 operibus
505 3321 692 3384 intermissis
715 3321 755 3385 ad
769 3320 935 3385 fodiendus
957 3331 1070 3405 puteos
1086 3321 1156 3382 ani·

188 3423 276 3464 mum
298 3425 357 3469 con
371 3415 463 3468 erant
483 3426 566 3471 neve
588 3429 682 3491 quam
703 3416 827 3492 partem
842 3407 987 3470 nocturni
1001 3406 1156 3490 temporis

188 3487 404 3554 intermittant.
423 3489 511 3570 .Quo
545 3501 691 3577 suscepto
725 3493 852 3579 negotio
886 3501 980 3578 atque
996 3484 1003 3538 ἶ
1012 3491 1158 3555 omnium
