2534 3970
360 213 493 280 COMM.
515 215 565 280 III
587 215 679 280 CAP.
701 216 793 280 5-9.
1008 215 1048 280 at

101 407 234 452 numero
263 395 330 452 erat
355 385 446 450 Titus
472 385 668 450 Terrasidius
695 387 810 454 missus
841 387 875 450 in
903 384 1048 468 Esurios,

100 471 227 536 Marcus
249 471 382 536 ‘lisbius
405 469 515 536 Gallus
537 472 570 534 in
593 471 806 554 Curiosolitas,
830 469 966 550 Quintus
986 469 1048 535 Ve-

104 557 206 622 lanius
231 578 302 620 cum
323 556 394 622 Tito
417 555 494 622 Silio
515 557 548 620 in
570 557 718 623 Venetos.

161 641 192 706 8.
216 641 320 706 Huius
343 649 391 707 est
412 643 546 706 civitatis
565 641 659 727 longe
674 641 866 727 amplissima
880 641 1047 706 auctoritas

102 729 201 792 omnis
217 748 292 792 orae
306 727 480 795 maritimae
494 729 658 812 regionum
673 749 790 809 earum,
806 725 889 812 quod
904 735 936 791 et
949 747 1047 790 naves

102 811 217 878 habent
239 811 353 876 Veneti
374 811 534 896 plurimas,
558 812 671 898 quibus
692 815 726 876 in
739 811 940 896 Britanniam
961 811 1047 876 navi·

102 919 175 981 gare
196 907 403 980 consuerunt,
432 906 464 961 et
486 898 617 962 scientia
643 907 736 983 atque
765 919 825 967 usu
851 899 1047 960 nauticarum

100 1004 202 1046 rerum
224 981 364 1068 reliquos
379 981 568 1046 antecedunt
589 991 621 1047 et
642 983 676 1045 in
689 1004 804 1068 magno
819 983 938 1066 impetu
952 982 1047 1046 maris

102 1075 191 1153 atque
215 1077 326 1153 aperto
348 1069 457 1152 paucis
479 1067 621 1152 portibus
635 1068 816 1148 interiectis,
840 1089 917 1153 quos
940 1074 1048 1132 tenent

102 1153 167 1236 ipsi,
190 1175 303 1217 omnes
317 1151 394 1235 fere,
417 1152 470 1252 qui
492 1174 529 1218 eo
551 1153 631 1216 mari
651 1155 696 1216 uti
711 1161 908 1232 consuerunt,
930 1149 1048 1216 habent

101 1237 281 1322 vectigales.
324 1236 377 1301 Ab
403 1236 452 1300 lus
481 1237 516 1301 fit
537 1239 658 1301 initium
680 1237 836 1302 retinendi
857 1235 927 1300 Silii
953 1245 1047 1321 atque

102 1321 232 1399 Velanii,
258 1321 343 1409 quod
363 1345 422 1407 per
442 1345 496 1386 eos
519 1345 591 1389 suos
615 1345 649 1386 se
671 1322 807 1404 obsides,
831 1343 908 1408 quos
931 1319 1046 1386 Crasso

102 1405 268 1488 dedissent,
292 1418 530 1493 recuperaturos
553 1407 782 1472 existimabant.
806 1406 927 1472 Horum
942 1414 1062 1471 aucto.

101 1492 186 1555 ritate
212 1491 341 1556 finitimi
372 1492 500 1558 adducti
529 1500 575 1573 (ut
602 1503 675 1556 sunt
696 1491 858 1558 Gallorum
887 1489 990 1556 subita
1016 1500 1047 1554 et

101 1597 132 1640 re
154 1579 264 1641 entina
287 1577 432 1664 consilia)
455 1578 566 1644 eadem
588 1579 626 1642 de
650 1600 746 1643 causa
763 1576 914 1640 Trebium
935 1574 1046 1640 Terra·

102 1661 127 1723 si
148 1663 276 1748 'umque
305 1663 453 1746 retinent,
487 1673 519 1726 et
540 1663 684 1736 celeriter
712 1663 817 1726 missis
845 1661 957 1746 legatis
989 1681 1047 1746 per

102 1767 169 1811 suos
211 1749 351 1833 rincipes
373 1750 455 1812 inter
478 1770 511 1812 se
533 1750 697 1813 coniurant
717 1747 795 1810 nihil
816 1747 877 1810 nisi
891 1742 1047 1810 communi

102 1770 227 1895 marulo
251 1843 379 1898 acturos
402 1832 599 1920 eundemque
628 1835 728 1898 omnis
756 1832 899 1899 fortunae
928 1829 1046 1894 exitum

18 1985 20 1989 ,
103 1937 167 1980 esse
188 1916 321 1999 laturos,
343 1917 544 2004 reliquasque
567 1921 708 1983 civitates
738 1916 921 1998 sollicitant,
951 1923 986 1978 ut
1013 1914 1047 1978 in

102 2021 137 2064 ea
149 2000 307 2085 libertate,
324 2026 418 2089 quam
432 2026 452 2067 a
464 2004 634 2070 maioribus
649 2011 846 2090 acceperant,
860 2021 1046 2087 permanere

103 2107 190 2171 quam
204 2087 420 2154 Romanorum
436 2090 618 2154 servitutem
631 2089 771 2174 perferre
788 2085 927 2152 mallent
951 2083 1046 2150 Omni

102 2192 152 2234 ora
172 2173 333 2246 maritima
356 2172 500 2238 celeriter
522 2173 563 2238 ad
585 2196 674 2238 suam
696 2174 881 2238 sententiam
896 2169 1047 2256 perducta

102 2275 294 2322 communem
318 2257 507 2342 legationem
521 2257 562 2322 ad
576 2258 722 2323 Publium
738 2257 888 2324 Crassum
902 2257 1044 2320 mittunt:

102 2341 126 2404 si
144 2341 220 2406 velit
242 2365 318 2408 suos
340 2345 491 2429 recipere,
513 2344 640 2409 obsides
663 2344 723 2408 sibi
743 2343 890 2408 remittat

159 2425 188 2489 9.
222 2427 349 2507 Quibus
376 2429 416 2494 de
441 2429 537 2494 rebus
566 2428 683 2494 Caesar
715 2428 755 2493 ab
786 2427 901 2492 Crasso
930 2426 1045 2490 certior

101 2507 204 2594 factus,
228 2511 315 2614 quod
335 2515 404 2598 ipse
425 2514 535 2579 aberat
555 2514 689 2599 longius,
711 2536 809 2578 naves
831 2512 957 2576 interim
978 2510 1044 2573 lon-

102 2615 153 2677 gas
174 2597 336 2664 aedificari
356 2601 390 2663 in
404 2598 532 2665 flumine
546 2599 671 2686 Ligere,
693 2599 776 2700 quod
794 2597 896 2663 influit
916 2597 949 2660 in
965 2595 1044 2660 Oce·

103 2702 208 2766 anum,
230 2684 370 2770 remiges
393 2707 434 2748 ex
454 2687 618 2771 provincia
638 2685 772 2765 neuun,
798 2690 909 2746 nautas
975 2680 1044 2744 ber·

102 2777 284 2856 naturasque
324 2773 498 2856 comparari
529 2771 625 2838 iubet.
676 2770 736 2833 His
768 2768 865 2833 rebus
901 2788 937 2830 ce
951 2767 1045 2830 eriter

104 2851 323 2918 administratis
345 2857 429 2940 ipse,
460 2879 557 2942 quum
578 2857 714 2942 primum
735 2875 790 2940 per
819 2853 894 2917 anni
921 2865 1043 2936 tempus

103 2939 205 3020 potuit,
228 2939 270 3004 ad
293 2943 465 3006 exercitum
488 2941 656 3007 contendit.
696 2941 811 3006 Veneti
839 2936 1044 3084 reliqpaeque

103 3021 172 3086 item
194 3026 338 3090 civitates
355 3028 480 3110 cognito
497 3025 643 3091 Caesaris
665 3025 811 3105 adventu,
835 3025 916 3087 simu
970 3020 1042 3103 uod,

105 3119 246 3189 quantum
279 3112 312 3174 in
345 3133 379 3174 se
411 3111 532 3175 facinus
559 3111 775 3193 admisissent,
808 3044 1042 3191 intellegebant,

104 3186 232 3287 legatos,
266 3197 351 3282 quod
382 3219 498 3261 nomen
530 3198 570 3263 ad
598 3219 706 3262 omnes
735 3197 878 3260 nationes
902 3196 1044 3256 sanctum

105 3278 343 3368 mviolatumque
365 3305 490 3368 semper
511 3283 634 3362 fuisset,
667 3290 804 3348 retentos
827 3278 866 3343 ab
896 3299 930 3340 se
952 3286 984 3340 et
1011 3276 1045 3338 in

104 3360 223 3428 vincula
244 3370 419 3449 coniectos,
447 3391 505 3453 pro
527 3368 741 3455 magnitudine
767 3361 900 3453 periculi
925 3360 1044 3426 bellurn

106 3464 208 3527 parare
230 3463 262 3517 ct
282 3454 420 3518 maxime
447 3475 496 3536 ca,
530 3477 610 3542 quae
640 3453 680 3518 ad
700 3475 793 3517 usum
824 3449 953 3514 navium
974 3471 1044 3536 per·
