2532 3968
472 205 717 272 PRAEFATIO
948 207 1074 274 XXXV

122 752 254 864 [nisum
291 799 701 883 ocimnnmmoaun
736 803 797 868 un
834 803 977 869 amno
1019 803 1075 869 cr·

122 884 226 965 VILI,
250 886 342 970 quale
364 887 456 951 libris
470 887 563 952 nobis
578 882 728 952 traditum
743 900 800 970 est,
822 891 979 976 integrum
994 897 1075 972 esse;

120 970 312 1056 persuadere
343 973 422 1038 mihi
446 996 508 1038 non
537 975 632 1058 potui.
678 973 893 1058 Concedatur,
927 999 988 1061 quo
1021 974 1077 1060 qu'i

120 1055 289 1120 verborum
317 1057 529 1143 integritatem
555 1059 726 1122 defendunt
751 1060 810 1125 niti
825 1059 935 1142 solent,
960 1059 1076 1124 Caesa·

120 1163 203 1221 rem,
234 1143 261 1204 si
289 1163 341 1206 res
369 1153 481 1208 octavo
511 1154 542 1206 et
570 1166 652 1209 nono
674 1145 915 1230 proconsulatus
937 1168 1019 1210 anno
1041 1146 1076 1208 in

121 1225 227 1290 Gallia
254 1237 361 1312 gestas
398 1231 630 1294 commentariis
664 1235 704 1296 eri
728 1253 825 1295 onere
860 1253 918 1316 per
950 1230 1017 1294 fata
1046 1231 1076 1293 ei

121 1309 271 1393 licuisset,
294 1312 353 1376 sub
375 1312 472 1376 finem
498 1315 662 1378 novissimi
687 1253 760 1380 lilri
782 1338 820 1379 ea
842 1316 946 1380 omnia
966 1337 1075 1380 narra·

121 1406 227 1460 turum
248 1397 354 1478 tuisse,
379 1421 459 1484 quae
481 1399 606 1463 interim
628 1400 746 1464 Romae
769 1411 840 1465 acta
861 1410 969 1464 essent
990 1410 1077 1463 ante·-

122 1504 216 1565 quam
237 1481 274 1544 L.
298 1481 464 1547 Cornelius
485 1483 638 1548 Lentulus
661 1496 692 1549 et
714 1485 750 1549 O.
774 1484 925 1550 Claudius
943 1483 1083 1550 Marcel·

122 1566 171 1632 lus
200 1566 364 1632 consulatu
397 1570 474 1633 inito
511 1571 647 1654 primum
683 1581 825 1634 senatum
860 1570 1016 1634 haberent
1032 1570 1077 1634 ¹in

124 1675 224 1737 eoque
251 1665 405 1737 negarent
432 1677 467 1718 sc
496 1654 651 1720 relaturos
689 1678 759 1720 esse
794 1655 833 1719 de
871 1655 984 1720 litteris
1012 1653 1076 1718 illis

123 1737 287 1818 Caesaris,
321 1761 401 1825 quae
429 1741 493 1803 iam
519 1743 553 1804 in
582 1742 651 1826 ipso
680 1741 769 1805 initio
802 1742 897 1827 primi
924 1740 964 1805 de
991 1737 1077 1805 bello

123 1821 209 1886 civili
241 1822 315 1888 libri
347 1836 639 1890 commemorantur.
688 1826 732 1889 At
764 1825 798 1890 id
832 1829 950 1912 ipsum,
990 1823 1077 1910 quod

124 1907 244 1972 Caesar
267 1909 345 1973 duos
366 1910 438 1974 illos
462 1913 703 1976 commentarios
726 1934 790 1976 non
801 1911 943 1992 absolvit
964 1909 1078 1974 libros·

124 2016 186 2080 que
215 1993 255 2057 de
283 1993 368 2059 bello
391 1996 491 2078 civili,
523 1998 639 2081 quippe
690 1999 728 2062 ui.
745 2015 872 2062 causam
894 2019 984 2060 suam
1005 2017 1078 2080 pro·

123 2079 236 2145 barent
265 2090 296 2143 et
323 2080 502 2162 firmarent,
529 2081 614 2147 haud
636 2019 730 2146 (1111616
751 2083 786 2146 in
807 2081 910 2146 lucem
933 2081 1076 2166 editurus

124 2175 208 2246 erat,
242 2176 410 2251 antequam
438 2163 545 2230 rerum
574 2166 767 2232 Gallicarum
803 2167 844 2231 ad
878 2169 973 2231 finem
1005 2188 1077 2251 per·

124 2250 283 2333 duxisset,
318 2264 503 2335 argumento
537 2275 607 2316 6666
644 2252 753 2329 debet,
789 2252 920 2316 Caesari
955 2262 1078 2316 tanturn

125 2345 210 2400 certe
240 2335 279 2400 de
312 2359 418 2400 rerum
453 2338 647 2401 urbanarum
687 2348 770 2401 statu
809 2336 1078 2423 praemonendum

125 2421 232 2500 fuisse,
256 2432 406 2507 quantum
427 2445 559 2486 necesse
582 2432 659 2504 erat,
682 2434 717 2488 ut
737 2423 912 2486 litterarum
935 2444 1013 2507 quas
1036 2421 1078 2485 ad

126 2515 270 2570 senatum
285 2507 424 2570 dedisset
445 2512 477 2570 'et
499 2530 595 2572 causa
616 2517 648 2574 et
661 2518 880 2593 argumentum
901 2507 1077 2592 patefieret.

125 2592 235 2677 Neque
264 2591 358 2656 ullius
386 2595 537 2656 momenti
566 2611 636 2656 esse
658 2603 778 2678 potest,
806 2593 889 2678 quod
910 2593 971 2656 viri
994 2591 1079 2654 docti

126 2699 184 2761 pro
206 2678 428 2762 impedimento
443 2677 553 2741 haberi
574 2677 752 2759 voluerunt,
776 2679 942 2764 quominus
961 2675 1080 2740 Caesar

127 2785 230 2824 rerum
253 2772 326 2825 ante
348 2765 450 2847 ipsum
472 2764 594 2826 initium
617 2764 690 2826 anni
712 2785 740 2826 a.
756 2787 786 2826 u.
803 2786 830 2826 c.
853 2763 915 2826 705
937 2771 1079 2825 actarum

127 2848 294 2932 quicquam
318 2859 591 2929 commemoraret,
622 2848 707 2934 quod
730 2847 870 2934 singulos
892 2869 992 2910 annos
1015 2846 1078 2909 sin·

126 2931 209 3017 gulis
232 2933 463 2996 commentariis
486 2933 652 2997 absolvere
675 2943 871 3014 consuessem
893 2932 973 2996 haec
995 2932 1078 2996 enim

126 3039 231 3091 rerum
253 3030 413 3102 gestarum
428 3018 591 3103 dispositio
614 3020 775 3104 aptissima
797 3030 875 3098 erat,
898 3039 994 3102 quum
1016 3017 1078 3078 sin-

126 3101 271 3188 gulomm
298 3125 451 3169 annorum
471 3113 631 3190 tamquam
657 3105 737 3168 ratio
760 3102 921 3166 reddenda
942 3109 1025 3164 esset
1047 3116 1079 3164 et

128 3209 226 3273 quum
253 3189 341 3272 ipsae
360 3209 419 3268 ‘res
449 3189 524 3252 anni
552 3192 615 3253 fine
643 3189 905 3254 interciderentur
936 3223 970 3234 —·
991 3185 1078 3248 veris

128 3275 211 3336 enim
239 3274 327 3339 initio
357 3296 515 3346 armorum
544 3275 782 3360 capiendorum,
805 3272 919 3336 hiemis
940 3271 1079 3334 adventu

127 3358 416 3444 componendorum
449 3360 573 3442 signum
605 3358 675 3423 dari
711 3357 833 3423 solebat
857 3395 915 3436 —,
947 3366 980 3418 at
1013 3377 1078 3418 non

127 3445 190 3507 nisi
220 3445 360 3511 insulsus
400 3445 534 3529 scriptor
574 3443 728 3510 eiusmodi
762 3465 868 3505 rernm
901 3440 1078 3525 dispositio-

147 3541 259 3604 CH
163 3565 227 3596 iiiii
260 3590 268 3605 ,
846 3561 860 3594 e
