2534 3970
171 220 212 282 74
425 217 486 280 DE
507 215 650 281 BELLO
675 214 865 280 GALLIOO

170 389 256 474 prius
278 387 354 473 fuga
376 388 573 469 desisterent,
597 409 691 472 quam
712 387 745 449 in
767 396 967 470 conspectum
992 385 1125 470 agminis

170 475 270 536 nostri
290 474 461 536 venissent.
504 471 542 535 In
564 493 602 535 eo
624 470 743 557 proelio
766 493 808 534 ex
833 469 990 556 equitibus
1011 470 1125 536 nostris
1158 536 1163 541 ,

171 558 399 622 interficiuntur
421 567 568 644 quattuor
590 565 621 620 et
643 557 850 641 septuaginta,
872 557 905 619 in
926 555 975 620 his
994 557 1043 619 vir
1064 553 1126 617 for-

171 645 309 707 tissimus
336 643 410 707 Piso
438 641 631 729 Aquitanus,
659 640 852 726 amplissimo
881 661 997 724 genere
1024 649 1124 720 natus,

172 729 259 792 cuius
283 751 360 792 avus
383 730 415 791 in
438 728 564 791 civitate
583 748 640 790 sua
653 747 786 811 regnum
809 726 987 790 obtinuerat
1008 727 1126 788 amicus

172 813 212 877 ab
236 823 347 877 senatu
368 823 474 878 nostro
496 811 681 898 appellatus.
726 811 790 874 Hic
805 833 901 897 quum
922 810 1012 876 trani
1033 811 1126 872 inter·

172 897 259 962 cluso
281 898 320 962 ab
343 897 484 964 hostibus
507 897 659 961 auxilium
684 896 790 977 terret,
812 895 901 960 illum
924 917 965 959 ax
1009 893 1127 958 ericulo

172 985 300 1067 eripuit,
322 985 391 1068 ipse
420 1005 500 1068 equo
526 981 692 1047 vulnerato
720 980 955 1066 deiectusque
1017 982 1127 1065 potuit,
1148 1025 1150 1030 .

171 1067 341 1132 fortissime
362 1066 496 1132 restitit?
521 1089 616 1152 quum
638 1069 868 1130 circumventus
890 1065 996 1129 multis
1017 1064 1126 1129 vulne-

166 1153 259 1217 ribus
282 1154 419 1237 acceptis
446 1153 627 1233 cecidisset,
658 1161 751 1237 atque
780 1150 813 1214 id
839 1151 953 1230 frater,
984 1153 1037 1236 qui
1065 1150 1129 1212 iarn

171 1237 292 1323 proelio
322 1246 515 1319 excesserat,
545 1236 656 1322 procul
683 1236 972 1317 animadvertisset,
999 1236 1128 1300 incitato

173 1344 253 1408 equo
276 1345 310 1388 se
332 1322 474 1386 hostibus
497 1321 609 1386 obtulit
631 1331 662 1385 at
684 1344 724 1385 ue
746 1321 928 1385 interiectus
951 1332 1006 1386 est.

238 1408 285 1472 13.
310 1409 379 1472 Hoc
400 1407 481 1470 facto
510 1407 630 1492 proelio
653 1345 772 1470 docear
793 1429 896 1492 neque
918 1406 981 1469 iam
1003 1405 1063 1469 sibi
1085 1405 1128 1469 le-

173 1503 262 1579 gatos
285 1493 457 1557 audiendos
470 1515 583 1578 ,neque
606 1491 800 1556 conditiones
822 1491 1022 1577 accipiendas
1045 1490 1135 1556 arbi*

172 1578 313 1642 trabatur
334 1577 374 1642 ab
397 1579 445 1657 iis,
469 1579 522 1664 qui
548 1600 606 1662 per
635 1575 741 1641 dolum
763 1585 856 1662 atque
878 1577 1008 1640 insidias
1030 1577 1130 1660 petita

172 1683 250 1748 pace
261 1663 344 1727 ultro
355 1662 474 1728 bellum
485 1663 677 1726 intulissent:
695 1671 879 1747 exspectare
890 1684 977 1743 vero,
990 1661 1064 1724 dum
1074 1662 1129 1725 ho-

173 1749 267 1812 stium
296 1749 405 1834 copiae
440 1758 629 1834 augerentur
657 1749 875 1847 equitatusque
909 1755 1128 1828 reverteretur,

173 1856 314 1897 summae
335 1833 511 1897 dementiae
539 1854 608 1896 1111
629 1831 799 1914 iudicabat,
824 1840 855 1895 et
877 1833 1002 1916 cognita
1023 1831 1129 1903 Gallo·

173 1941 243 1982 rum
265 1918 455 1999 infirmitate,
478 1927 629 2003 quantum
648 1918 712 1981 iam
741 1917 826 2003 apud
855 1939 909 1982 eos
938 1916 1044 1982 hostes
1065 1937 1131 1981 uno

195 2002 292 2066 roelio
314 2005 508 2068 auctoritatis
531 2011 637 2068 essent
663 2003 839 2083 consecuti,
869 2001 1041 2085 sentiebat3
1064 2005 1130 2087 qui·

173 2026 232 2152 bus
255 2087 296 2152 ad
318 2087 449 2152 consilia
470 2088 624 2174 capienda
647 2087 726 2151 nihil
747 2089 841 2173 spatii
863 2087 1001 2152 dandum
1023 2088 1130 2150 existi·

174 2172 289 2237 mahat.
334 2175 392 2238 His
416 2174 590 2237 constitutis
612 2172 707 2236 rebus
731 2184 762 2236 et
784 2172 914 2238 consilio
929 2193 1001 2235 cum
1016 2171 1130 2258 legatis

174 2269 205 2322 et
234 2269 399 2343 quaestore
430 2261 673 2340 communicato,
701 2279 742 2321 ne
769 2279 863 2343 quem
886 2257 976 2322 'diem
1003 2279 1129 2342 pugnae

173 2346 443 2428 praetermitteret,
468 2345 731 2428 opportunissima
748 2365 801 2406 res
823 2343 947 2424 accidit,
971 2341 1056 2429 quod
1098 2364 1132 2407 o-

174 2428 281 2492 stridie
304 2431 370 2492 cius
393 2429 455 2492 diei
476 2451 568 2491 mane
591 2427 701 2491 eadem
731 2438 762 2491 et
790 2427 923 2512 perfidia
951 2438 983 2490 et
1005 2365 1130 2490 sinder

173 2513 256 2578 tione
285 2515 334 2577 usi
368 2514 520 2578 Germani
554 2513 733 2597 frequentes
763 2512 908 2576 omnibus
935 2511 1131 2597 principibus,

174 2599 346 2663 maioribus
368 2621 408 2661 ue
430 2607 507 2660 natu
528 2597 676 2661 adhibitis
699 2598 740 2661 ad
762 2621 833 2662 eum
855 2599 889 2660 in
910 2608 1015 2660 castra
1036 2619 1130 2661 vene-

174 2621 630 2766 111111,11111111,1111111111111111
655 2685 703 2746 sui
731 2682 888 2768 purgandi
918 2705 1023 2763 causa,
1047 2681 1131 2829 quod

174 2778 291 2849 contra,
315 2777 409 2854 atque
432 2777 515 2832 esset
537 2769 655 2831 dict-um
671 2778 701 2831 et
715 2769 776 2852 ipsi
790 2769 952 2852 petissent,
975 2769 1131 2853 proeium

175 2853 276 2954 pridie
299 2853 543 2937 commisissent,
573 2853 665 2917 simul
687 2863 729 2935 ut,
760 2855 788 2916 si
816 2852 892 2938 quid
941 2864 1064 2933 ossent,
1091 2851 1132 2916 de

174 2939 301 3001 mdutiis
323 2937 460 3002 fallendo
476 2939 686 3023 impetrarent.
732 2937 819 3016 Quos
836 2938 896 3002 sibi
912 2876 1132 3002 8111111111-

174 3035 222 3087 tos
245 3026 372 3108 gavisus
394 3023 466 3087 illos
495 3025 624 3087 retineri
652 3025 757 3106 iussit3
785 3025 853 3108 ipse
887 3045 995 3086 omnes
1025 3023 1132 3106 copias

174 3110 286 3171 castris
303 3108 410 3172 eduxit
426 3110 669 3194 equitatumque,
694 3108 778 3193 quod
793 3108 912 3171 recenti
927 3107 1047 3192 proelio
1061 3129 1132 3191 per-

173 3195 318 3256 territum
341 3215 410 3258 esse
433 3193 642 3275 existimabat,
666 3216 780 3279 agmen
803 3193 953 3278 subsequi
975 3195 1076 3256 iussit.

239 3279 288 3342 14.
311 3279 390 3342 Acie
412 3279 527 3363 triplici
548 3280 692 3342 instituta
714 3288 745 3341 et
760 3278 904 3342 celeriter
920 3288 989 3342 octo
1004 3277 1125 3340 milium

174 3367 288 3429 itinere
316 3364 457 3427 confecto
480 3365 568 3447 prius
601 3362 642 3426 ad
663 3363 801 3427 hostium
833 3372 939 3427 castra
970 3362 1130 3448 pervenit,

175 3473 278 3534 quam,
304 3449 379 3533 quid
401 3459 558 3533 ageretur,
582 3447 733 3512 Germani
755 3450 872 3512 sentire
894 3457 1033 3534 possent.
1066 3446 1131 3526 Qui
