2538 3978
479 227 623 294 CAPUT
645 227 760 292 8-10.
1041 229 1102 294 145

140 402 253 466 animis
284 400 325 464 ad
353 399 494 465 laborem
522 401 660 464 incitatis
687 418 804 485 magna
832 421 896 462 una
927 409 1020 464 noete
1052 401 1101 464 vis

141 508 243 572 aquae
255 485 355 550 dulcis
370 488 501 549 inventa
515 496 572 549 est.
594 485 644 548 lta
659 487 800 571 operosis
811 484 1102 549 Alexandrinorum

140 569 426 635 machinationibus
461 573 672 656 maximisque
714 570 879 634 conatibus
915 591 979 634 non
1015 569 1103 656 longi

140 657 292 742 temporis
308 656 416 720 labore
432 677 596 720 occursum
613 667 669 719 est.
692 656 740 718 Eo
761 655 858 720 biduo
872 654 955 739 legio
970 662 1102 717 XXXVII

141 763 182 806 ex
215 741 370 806 dediticiis
403 742 605 826 Pompeianis
641 740 792 804 militibus
826 762 897 804 cum
933 741 1100 823 frumenta,

139 829 244 909 armis,
267 827 347 909 telis,
375 829 537 891 tormentis
565 827 712 911 imposita
739 828 773 890 in
794 848 893 890 naves
922 826 1101 891 aDomitio

140 911 273 976 Calvino
302 913 342 976 ad
369 911 462 976 litora
482 912 610 976 Africae
631 911 726 997 paulo
754 933 851 997 supra
872 911 1102 976 Alexanthiam

140 997 245 1062 delata
273 1008 330 1062 est.
358 997 429 1062 Hae
457 1019 555 1061 naves
583 1019 669 1079 euro,
698 999 752 1082 qui
774 996 889 1060 multos
911 997 979 1061 dies
1004 999 1102 1062 conti-

139 1094 252 1148 nenter
273 1082 381 1165 flabat,
397 1093 523 1167 portum
539 1105 652 1168 capere
673 1082 941 1168 prohibebantur3
958 1083 1014 1147 sed
1029 1082 1099 1147 loca

94 1225 96 1228 .
139 1178 213 1233 sunt
234 1170 363 1254 egregia
384 1171 469 1233 omni
483 1167 545 1244 ¹illa
565 1169 695 1252 regione
717 1167 757 1232 ad
777 1167 932 1232 tenendas
955 1189 1098 1232 ancoras.

139 1255 184 1318 Hi
206 1275 302 1340 quum
328 1255 388 1318 diu⁴
409 1255 621 1318 retinerentur
651 1263 744 1338 atque
774 1275 876 1338 aquae
903 1255 1010 1339 inopia
1031 1275 1101 1339 pre·

142 1349 311 1420 merentur,
323 1340 450 1425 navigio
459 1341 598 1404 actuario
608 1338 779 1403 Caesarem
790 1339 909 1402 faciunt
921 1341 1097 1404 certiorem.

205 1427 255 1488 10.
280 1423 406 1507 Caesar,
430 1435 464 1488 ut
485 1447 543 1510 per
566 1445 600 1488 se
615 1424 780 1488 consilium
805 1434 940 1508 caperet,
965 1425 1039 1510 quid
1054 1425 1099 1488 fa-

138 1510 286 1574 ciendum
314 1510 483 1591 videretur,
510 1531 625 1574 navem
655 1509 840 1574 conscendit
861 1519 954 1594 atque
977 1531 1100 1574 omnem

139 1596 275 1660 classem
297 1617 331 1660 se
354 1597 443 1682 sequi
464 1597 555 1660 iussit
576 1594 672 1659 nullis
692 1595 808 1659 nostris
830 1594 980 1659 militibus
1003 1597 1101 1680 impo-

140 1682 218 1762 sitis,
236 1681 329 1765 quod,
368 1703 442 1746 uum
458 1681 582 1766 longius
597 1680 692 1766 paulo
708 1679 894 1766 discederet,
910 1677 1100 1744 munitiones

139 1764 262 1830 nudare
283 1705 420 1830 noldhat.
444 1767 612 1852 Quumque
628 1766 669 1830 ad
691 1788 763 1828 eum
786 1765 888 1828 locum
905 1767 1100 1846 accessisset,

139 1852 194 1937 qui
216 1850 392 1937 appellatur
421 1851 638 1917 Chersonesus
667 1851 868 1936 aquandique
891 1872 988 1915 causa
1009 1853 1101 1915 remi·

138 1959 195 2021 ges
218 1939 250 1999 in
277 1947 394 2000 terram
424 1939 634 2022 exposuisset,
657 1936 803 2001 nonnulli
823 1957 872 2002 cx
899 1959 937 2000 eo
959 1952 1100 2018 numero,

139 2044 235 2108 quum
258 2022 382 2108 longius
406 2047 424 2086 a
446 2022 581 2087 navibus
596 2022 782 2108 praedatum
804 2025 1043 2170 processissent,
1060 2021 1100 2086 ab

138 2107 294 2193 equitibus
318 2109 452 2173 hostium
475 2115 551 2172 sunt'
578 2109 712 2192 excepti.
735 2108 787 2170 Ex

139 2191 311 2264 Caesarem
331 2197 435 2279 ipsum
457 2197 490 2257 in
513 2193 615 2258 classe
637 2196 765 2258 venisse
787 2215 891 2278 neque
913 2193 994 2256 ullos
1018 2191 1099 2256 mili-

138 2287 186 2341 tes
209 2280 242 2341 in
263 2280 398 2344 navibus
421 2279 548 2343 habere.
584 2278 656 2358 Qua
687 2302 723 2349 re
756 2291 916 2363 comperta
947 2300 1098 2363 magnam

137 2363 197 2426 sibi
219 2364 399 2430 facultatem
421 2366 578 2431 fortunam
601 2363 756 2430 obtulisse
777 2363 859 2428 bene
875 2363 1036 2448 gerendae
1052 2364 1099 2426 rei

137 2448 350 2514 crediderunt.
384 2451 496 2537 Itaque
518 2472 617 2513 naves
635 2448 759 2530 'omnes
794 2471 872 2534 quas
894 2459 1020 2534 paratas
1045 2448 1098 2512 ha-

139 2533 273 2598 buerant
295 2537 334 2600 ad
368 2536 592 2621 navigandum,
626 2535 911 2620 propugnatoribus
945 2537 1100 2598 instruxe-

140 2629 215 2682 runt
230 2619 422 2707 Caesarique
437 2622 582 2686 redeunti
598 2643 669 2684 cum
685 2620 786 2684 classe
801 2630 1015 2685 occurrerunt.
1035 2618 1098 2698 Qui

140 2701 264 2768 duabus
287 2707 326 2770 de
350 2710 454 2772 causis
478 2729 514 2772 eo
538 2706 589 2770 die
613 2707 764 2770 dimicare
786 2705 924 2785 nolebat,
960 2706 1045 2790 quod
1070 2718 1100 2768 et

141 2788 247 2854 nullos
268 2792 385 2856 milites
407 2795 441 2856 in
462 2792 597 2856 navibus
621 2791 770 2874 habebat,
793 2803 824 2854 et
846 2801 919 2876 post
940 2791 1052 2854 horam
1076 2797 1100 2850 X

140 2873 204 2938 diei
240 2898 291 2940 res
325 2879 494 2964 agebatur,
531 2899 596 2940 nox
630 2891 734 2940 autem
768 2876 910 2940 allatura·
933 2875 1101 2939 videbatur

136 2961 290 3024 maiorem
312 2963 459 3028 fiduciam
480 2963 554 3043 illis,
588 2963 642 3046 qui
665 2962 804 3026 locorum
826 2963 937 3026 notitia
965 2959 1100 3024 confide·

136 3043 231 3109 bant:
266 3047 327 3110 sihi
349 3051 452 3113 etiam
466 3047 614 3112 hortandi
636 3067 710 3110 snos
733 3048 886 3112 auxilium
909 3047 1098 3127 defuturum,

137 3131 221 3214 quod
242 3132 331 3197 nulla
353 3135 429 3198 satis
452 3134 566 3197 idonea
589 3143 674 3196 esset
701 3132 845 3214 hortatio,
880 3153 960 3218 quae
992 3153 1098 3216 neque

134 3215 283 3282 virtutem
305 3229 414 3303 posset
433 3233 544 3283 notare
571 3239 675 3303 neque
708 3219 862 3284 inertiam.
907 3215 1099 3294 Quibus-de

136 3305 238 3366 causis
260 3327 368 3386 naves,
424 3327 480 3368 uas
503 3306 612 3388 potuit,
648 3303 767 3367 Caesar
789 3303 830 3368 ad
852 3312 969 3366 terram
991 3301 1099 3366 detra·

136 3387 195 3467 lrit3
228 3411 321 3474 quem
347 3391 379 3453 in
403 3327 516 3454 locum
547 3388 620 3452 illos
653 3409 857 3452 successuros
889 3409 953 3450 non
988 3387 1095 3450 existi-

136 3473 252 3537 mahat.
993 3529 997 3534 .

191 3559 322 3622 cacurII.
849 3557 888 3620 10

831 2109 858 2170 is
881 2118 1101 2192 cognoverunt
