2562 3970
184 237 226 302 46
472 239 535 304 Du
555 238 700 304 BELLO
724 239 858 306 CIVILI

180 406 294 472 horum
322 406 365 472 ad
391 407 553 494 pacandas
582 409 766 496 Hispanias,
792 409 873 474 nihil
894 410 937 476 ad
956 431 1051 476 usum
1071 432 1147 497 pro·

179 492 304 556 vineias
325 495 499 578 provisum,
527 515 609 581 quae
635 504 767 581 proptor
795 495 1032 563 diuturnitatem
1055 493 1146 582 paeis

178 575 301 641 nullum
317 577 471 647 auxilium
486 578 681 644 desiderarit
697 579 814 644 Omnia
834 579 915 645 baeu
935 581 999 645 iem
1020 580 1147 666 pridem

179 669 290 726 martra
311 683 346 726 se
383 665 483 727 arari:
498 664 533 728 in
547 685 582 728 se
596 665 672 729 nori
693 666 819 750 generis
839 666 973 752 imperia
986 666 1145 749 constitui,

179 745 320 810 utilem
404 757 515 834 portas
536 748 667 813 urbanis
689 749 870 835 praesideat
890 748 986 816 rebus
1009 759 1042 814 et
1063 749 1144 816 duas

178 829 436 896 bellioosissimas
458 835 638 918 provincias
654 832 770 899 absens
792 843 840 899 tot
866 835 957 900 annis
986 834 1146 918 obtineut3
1214 907 1218 913 ,

178 916 213 979 in
234 936 269 979 se
290 916 362 980 iura
382 919 624 1002 magistratuum
646 920 843 1002 commutari,
869 941 913 985 ne
931 940 974 984 ex
994 921 1147 1006 praetura

178 1007 211 1064 et
233 999 409 1083 consulatu,
431 1012 467 1066 ut
494 1025 631 1089 semper,
654 1002 712 1068 sed
739 1025 798 1089 per
823 1025 942 1090 pauoos
964 1005 1092 1090 probati
1112 1013 1146 1070 et

179 1083 275 1148 eleoti
296 1086 331 1150 in
358 1088 542 1171 provinoias
568 1089 751 1172 mittentur,
779 1093 813 1154 in
843 1110 878 1153 se
907 1091 1002 1154 etiam
1031 1089 1144 1154 aenne

178 1171 419 1238 exeusationem
438 1171 519 1236 nihil
539 1172 658 1256 valere,
686 1194 785 1259 quum
812 1172 1029 1258 superioribus
1051 1171 1145 1237 bellis

177 1253 304 1339 probati
332 1254 374 1320 ad
406 1255 596 1324 obtinendos
627 1259 785 1322 exereitus
818 1266 1011 1341 evooentur;
1041 1259 1075 1322 in
1107 1275 1144 1322 se

177 1360 241 1403 uno
267 1361 332 1404 non
361 1342 493 1423 servari,
523 1340 610 1428 quod
638 1343 679 1406 sit
705 1341 852 1407 omnibns
882 1341 990 1408 dutum
1016 1364 1052 1406 ae
1108 1363 1145 1407 er

177 1424 436 1509 imperatoribus,
453 1435 491 1490 ut
510 1426 606 1490 robus
634 1426 769 1492 feliciter
797 1427 896 1511 gestis
919 1436 1070 1490 autenm
1112 1448 1145 1491 o·

177 1530 255 1574 nore
277 1507 383 1596 aliquo
405 1519 461 1574 aut
481 1521 569 1576 uerte
590 1511 660 1575 sine
686 1512 859 1596 ignominia
887 1509 1016 1575 domum
1036 1532 1145 1576 rerer·

179 1601 287 1658 tantur
313 1595 554 1682 exereitumque
583 1592 753 1666 dimittant.
782 1595 874 1674 Quae
902 1605 1010 1661 tamen
1038 1596 1146 1660 omnia

178 1686 211 1742 et
232 1699 267 1742 se
288 1677 400 1743 tulisse
421 1681 580 1765 patienter
601 1689 634 1746 et
661 1701 733 1746 esse
759 1679 911 1745 laturum:
933 1701 1039 1766 neque
1060 1699 1147 1746 nuno

178 1762 211 1826 id
276 1785 339 1844 ere,
361 1773 397 1829 ut
418 1764 459 1829 ab
480 1764 544 1829 illis
559 1764 731 1830 abductum
746 1766 920 1830 exereitum
941 1767 1145 1850 toneatipsu,

178 1869 241 1934 quo
285 1857 393 1915 tamen
414 1847 476 1913 sibi
498 1849 627 1918 difficile
640 1871 706 1915 non
728 1853 778 1933 sit,
794 1850 852 1915 sed
865 1870 907 1915 ne
928 1849 975 1915 illi
995 1849 1145 1934 habeant,

179 1955 242 2018 quo
265 1941 375 1998 eontra
398 1955 434 1998 se
452 1935 501 1998 uti
521 1936 651 2022 possint.
680 1935 828 2018 Proinde,
851 1943 887 1999 ut
909 1943 994 2002 esset
1014 1934 1144 2016 dicun,

178 2015 350 2102 provinciis
365 2019 560 2084 exoederent
572 2021 811 2107 exercitumque
833 2019 1044 2103 dimitterent,¹
1062 2020 1094 2085 si
1111 2019 1147 2084 id

181 2101 370 2187 sitientum,
402 2125 437 2168 se
458 2106 637 2170 nociturum
662 2105 792 2169 nemini.
813 2104 909 2170 Hane
928 2125 1026 2169 unam
1047 2112 1146 2191 etune

181 2195 357 2252 extremam
379 2191 560 2274 europaeis
582 2189 804 2274 conditionem

243 2271 294 2337 86.
317 2271 356 2336 Id
376 2294 453 2336 roro
468 2273 622 2340 militibus
636 2273 695 2338 luit
708 2282 895 2360 pergratum
908 2282 940 2339 et
960 2271 1144 2358 iucundum,

178 2365 214 2420 ut
235 2375 278 2420 ex
298 2356 370 2442 ipsa
391 2357 623 2443 significatione
643 2360 792 2444 eognosoi
812 2359 922 2444 pontit,
945 2367 989 2441 ut,
1013 2359 1068 2446 qui
1089 2357 1144 2424 ulib

179 2439 256 2527 qnid
276 2442 351 2506 iusti
365 2443 556 2508 inoommodi
571 2446 854 2530 exspectavissent,
869 2442 952 2509 ultro
966 2444 1142 2530 praemium

178 2525 337 2590 missionis
362 2526 492 2593 ferrent.
521 2527 604 2592 Nam
636 2551 733 2614 quum
765 2528 806 2592 de
838 2527 909 2593 loeo
938 2537 972 2592 et
1001 2537 1067 2594 tem
1107 2547 1143 2592 re

179 2611 248 2674 eius
268 2610 317 2675 rei
339 2614 555 2677 controversia
575 2613 754 2696 inferretur,
778 2621 810 2678 et
836 2633 917 2688 vooe
944 2620 977 2677 ot
996 2633 1084 2678 mam

180 2695 322 2760 universi
351 2717 392 2760 ex
420 2696 517 2781 vallo,
542 2697 598 2762 ubi
625 2699 840 2780 eonstiterant,
871 2696 1051 2783 significare
1073 2717 1143 2762 oue·

178 2787 302 2866 perunt,
332 2789 368 2845 ut
396 2783 502 2847 statim
529 2782 769 2865 dimitterentur,
799 2803 840 2847 ne
862 2804 903 2849 ue
933 2783 1018 2848 omni
1046 2783 1143 2847 inter·

200 2867 282 2930 osita
302 2863 366 2931 fide
379 2866 507 2932 firmum
521 2887 716 2954 eseeposse,
734 2867 809 2932 siin
864 2866 918 2932 ‘ud
938 2877 1064 2953 tempus
1085 2863 1144 2930 ‹lif-

178 2887 322 3015 lerretur.
361 2951 476 3017 Pauois
514 2975 611 3039 quum
644 2960 729 3016 esset
756 2953 790 3016 in
821 2960 988 3038 utramque
1020 2958 1145 3037 partem

179 3034 288 3100 vorbis
310 3033 512 3123 disputatum,
534 3059 586 3102 res
608 3037 671 3102 huo
692 3036 869 3121 deduoitur,
891 3045 927 3102 ut
948 3037 988 3120 ei,
1011 3037 1068 3122 qni
1087 3034 1144 3100 ha·

180 3119 277 3186 beant
311 3120 506 3187 domioilium
546 3131 602 3186 aut
636 3123 871 3208 possessionem
906 3122 940 3186 in
974 3120 1143 3208 Hispania,

178 3205 293 3288 statim,
315 3205 432 3292 reliqui
453 3206 495 3271 ad
509 3206 631 3271 Varum
644 3205 764 3272 flumen
778 3205 992 3291 dimittantur,
1007 3229 1050 3271 ne
1066 3205 1142 3292 quid

179 3293 225 3353 eis
247 3299 409 3371 noceatur,
433 3313 497 3355 neu
525 3293 601 3376 quis
627 3292 746 3356 inritus
774 3301 1005 3357 sacramentum
1030 3291 1142 3360 ,dicere

178 3383 319 3458 cogatur,
341 3397 367 3439 a
384 3375 525 3442 (laesere
545 3385 684 3441 esvomr.
831 3396 834 3401 ’

242 3458 294 3522 87.
317 3457 437 3526 Caesar
458 3483 501 3526 ex
529 3483 566 3526 eo
595 3470 747 3548 tempore,
777 3461 853 3526 dum
875 3460 918 3526 ad
938 3461 1059 3554 flumen
1080 3460 1143 3526 Va·
