2532 3968
484 227 740 295 PRAEFATIO.
1001 227 1090 296 LXV

123 405 242 480 ¹:fectus
268 400 421 486 equitnm),
449 407 585 480 reliquos
612 422 713 467 omnes
732 423 836 466 eurum
858 413 1020 472 sannorum
1035 413 1093 466 'uui

131 493 360 565 ¹interfecerunt
393 498 446 550 out
480 501 587 566 captos
620 494 662 552 ad
692 492 850 552 Domitium
889 493 1089 552 deduxerunt.

141 569 248 650 Quum
275 571 387 658 dispici
417 581 567 656 nequeat,
602 593 733 658 quarum
766 581 941 636 turmarum
972 572 1091 636 fuerint

140 655 255 742 reliqui
276 656 323 720 illi
344 677 462 737 omncs,
486 659 539 742 qui
561 667 615 720 aut
635 657 793 720 interfecti
815 665 869 720 aut
890 657 974 742 capti
996 666 1027 722 et
1048 657 1091 722 sd

140 739 314 804 Domitium
343 741 469 806 deducti
499 753 587 824 sunt,
612 743 778 808 Ktanerus
800 765 903 807 eurum
925 757 1090 806 turmarum

140 826 231 888 uncis
252 825 401 910 'inclusitp
430 828 558 912 egregie
580 838 684 892 autem
714 827 791 892 mihi
819 825 880 890 hac
908 829 942 891 in
963 848 998 890 re
1020 825 1089 891 salli

140 909 276 992 videtur,
289 911 377 997 ‘quod
390 920 525 990 reliquos
541 935 642 977 omnes
660 935 715 978 eos
730 913 792 977 dici
807 921 906 997 putat,
922 913 975 998 qui
991 933 1089 997 supra

140 996 314 1081 primarum
342 1007 514 1062 turmarum
542 1007 705 1083 receptum
734 997 906 1082 conspicati
934 999 1089 1062 restitisse

141 1090 318 1145 narramur.
360 1081 423 1160 Qui
455 1084 537 1146 enim
563 1085 761 1164 restiterunt,
786 1083 807 1146 ii
833 1082 895 1168 ipsi
929 1091 1015 1164 sunt,
1045 1079 1089 1146 ad

137 1186 221 1250 *quos
236 1169 290 1250 qui
300 1165 431 1230 insidias
443 1168 535 1233 modo
549 1170 754 1249 intraverant,
765 1169 828 1232 iam
842 1177 876 1233 se
888 1177 1086 1252 receperunt,

140 1249 226 1313 unde
248 1252 342 1316 etiam
364 1254 504 1337 ineptum
521 1264 569 1317 est
589 1264 711 1339 putare,
734 1275 788 1316 eos
812 1253 866 1352 qui
887 1253 1089 1318 remotissimi

139 1344 233 1398 erant
254 1334 294 1399 ab
315 1337 500 1402 insidiarum
522 1337 591 1403 looo
614 1359 634 1402 a
654 1337 845 1403 Domitianis
871 1361 941 1402 esse
967 1349 1087 1424 captos,

138 1429 252 1484 eontra
279 1423 332 1506 qui
361 1443 401 1485 ex
426 1423 503 1507 ipsis
532 1424 653 1488 insidiis
683 1424 724 1488 ad
746 1445 819 1487 suos
841 1445 876 1488 se
897 1425 1086 1509 recipientes

136 1503 316 1604 interpositi
335 1518 426 1572 erant
452 1509 535 1573 inter
561 1506 760 1572 Domitianas
793 1530 928 1594 suasque
960 1509 1087 1593 copias,

138 1611 291 1655 evas1sse.
324 1591 430 1656 Etiam
458 1593 557 1658 verba
585 1601 691 1660 Nostri
719 1601 851 1672 copniiis
880 1601 1019 1676 insidiis,
1048 1616 1087 1660 ne

136 1681 262 1755 frustra
277 1685 412 1756 reliquos
427 1693 638 1760 exspectarent
655 1689 764 1765 aperte
779 1679 1004 1760 demonstrant,
1020 1678 1086 1744 Do-

137 1761 285 1825 mitianos
307 1761 421 1827 milites
444 1786 499 1849 spe
521 1765 615 1829 totius
642 1764 777 1830 hostium
806 1765 961 1849 equitatus
990 1765 1086 1828 inter·

134 1844 278 1930 cipiendi
289 1849 412 1930 omissa,
430 1871 467 1912 co
483 1859 645 1914 contentos
661 1851 767 1931 fuisse,
781 1849 865 1935 quod
877 1849 954 1914 duas
966 1858 1085 1912 turmas

138 1930 382 2016 interceperant.
415 1934 525 2020 Itaque
556 1934 726 1998 Gaesarem
763 1936 809 1998 sic
841 1936 1004 2020 scripsisse
1035 1955 1084 1997 su—

139 2014 259 2099 spicor;
281 2025 388 2084 nostri
405 2029 535 2098 cornuis
550 2025 735 2101 [hostibusij
752 2027 883 2098 insidiis,
906 2042 944 2084 ne
963 2024 1085 2098 frustra

136 2105 272 2178 reliquos
311 2117 536 2188 exspectarent,
574 2113 652 2170 duas
684 2115 769 2170 nacti
807 2112 936 2170 hostium
970 2120 1085 2168 turmas

137 2191 186 2261 (in
208 2192 257 2250 iris
274 2194 335 2267 suit
358 2195 399 2253 M.
425 2195 574 2271 Opimius,
601 2199 777 2273 praefectus
799 2198 958 2270 equiturn),
982 2211 1084 2256 omnes

136 2283 192 2334 uui
212 2278 428 2352 interfecerunt
449 2289 501 2340 sut
522 2289 629 2356 coptos
644 2285 686 2341 ud
698 2283 858 2341 Domitium
880 2282 1081 2340 deducerunt.

135 2353 315 2441 Adscripsit
346 2362 495 2444 magister
530 2362 570 2426 ad
606 2361 876 2447 interpretandum
904 2359 983 2448 illud
1012 2368 1080 2425 reli·

135 2461 214 2520 quos
235 2444 437 2509 vocabulum:
465 2454 641 2525 reliquos
664 2469 763 2511 ornnes
785 2469 886 2510 eorum
908 2459 1082 2524 turmarum,

131 2534 234 2611 ,atque
255 2528 334 2593 haec
356 2530 469 2594 deinde
491 2531 560 2596 loco
590 2534 712 2596 intrusa
734 2545 821 2613 sunt,
844 2529 899 2594 ubi
921 2530 1083 2612 hucusque

136 2614 264 2675 exarari
293 2613 402 2679 solent
436 2615 540 2695 Quum
569 2628 674 2680 autem
703 2617 803 2680 verba
824 2623 861 2680 In
883 2624 931 2680 iris
954 2622 1016 2695 suit
1037 2621 1080 2680 M.

139 2700 286 2776 Opimius,
305 2708 483 2781 praefectus
505 2710 643 2780 equitum,
668 2712 699 2764 et
720 2708 865 2781 Reliquos
882 2723 981 2766 omnes
1003 2724 1027 2765 e.
1053 2723 1080 2779 q.

131 2803 165 2846 s.
191 2783 333 2868 integrae
356 2796 387 2848 et
408 2785 569 2851 absolutae
586 2791 758 2852 sententiae
773 2787 1082 2853 existimarentur*-

136 2865 184 2928 ita
206 2869 300 2932 etiem
322 2871 564 2956 Oudendorpius
588 2872 730 2937 distinxit
756 2910 795 2919 —
823 2874 929 2954 ‚etiam
951 2893 1081 2934 necesse

134 2961 207 3016 crat
227 2953 343 3018 addere
364 2956 507 3038 verbum,
530 2979 592 3043 quo
614 2959 803 3022 antecedens
833 2958 1004 3022 enuntiatio
1027 2953 1080 3018 ab·

136 3035 326 3121 solveretur3
348 3042 393 3104 ita
422 3052 550 3108 enatum
565 3053 613 3106 est
630 3057 826 3110 assesserunt
840 3043 982 3120 verbum,
996 3039 1080 3125 qued

135 3125 300 3210 participio
328 3136 412 3192 nocti
437 3131 616 3213 appositum
643 3132 718 3193 satis
750 3129 866 3214 frigere
898 3150 961 3190 non
987 3147 1080 3189 nemo

134 3210 239 3272 sentit.
273 3211 451 3278 Dummodo
476 3214 509 3278 id
531 3215 675 3280 eiiciatur
690 3227 721 3280 et
736 3216 925 3298 exstirpetur
947 3210 1081 3276 alterum

133 3301 280 3375 reliquos,
296 3300 469 3381 genitivum
482 3322 584 3364 eorum
600 3314 763 3366 turinorum
773 3300 901 3363 retineri
912 3320 975 3362 non
986 3295 1079 3358 nimis

133 3400 230 3465 aegre
255 3381 361 3446 feram,
482 3455 486 3464 ,
569 3442 571 3447 s

200 3465 236 3530 O.
258 3469 300 3532 40
321 3469 359 3532 N.
383 3470 496 3534 edidit:
521 3477 636 3547 Quibus
651 3476 782 3550 capnitis
804 3477 893 3535 rebus
916 3475 967 3534 Cn.
991 3478 1087 3538 Pom-⁶
