2562 3966
190 217 250 281 ua
443 215 505 278 nu
525 213 669 280 amno
692 167 883 282 omniuo

189 387 386 451 contentione
409 385 524 472 oppido
545 386 672 472 potitur.
694 385 823 452 Refecto
843 395 948 472 ponte,
972 407 1066 472 quem
1088 409 1139 452 su·

211 471 364 537 orionibus
387 471 497 536 diebus
519 470 626 535 hostes
648 471 856 552 rescideram,
880 476 1054 537 exercitum
1075 481 1140 535 tra·

187 493 274 622 ducit
306 565 337 620 et
367 557 504 620 secundo
541 555 670 621 flumine
697 556 737 619 ad
766 556 922 620 Lutetiam
949 557 1009 620 iter
1035 559 1140 620 lacere

188 643 299 727 coepit.
344 642 460 705 Hostes
481 663 516 704 re
539 641 666 725 cognita
687 640 727 704 ab
748 642 796 724 iis,
827 642 880 726 qui
902 640 1071 706 Meloduno
1092 641 1139 704 fu·

187 735 308 813 gerant,
331 726 488 790 Lutetiam
509 724 636 790 incendi
656 734 830 810 pontesque
857 727 924 788 eius
953 726 1060 834 oppidi
1090 749 1140 790 ree

188 811 288 876 scindi
298 811 422 894 1ubent;
438 813 499 896 ipsi
512 812 672 896 praesepti
708 809 802 875 alude
817 811 858 873 ad
871 813 956 896 ripas
972 821 1139 896 sequanae

188 897 359 979 eregione‘
376 896 520 960 Lutetiae
543 905 651 960 contra
672 833 805 959 Habieni
827 906 931 959 castra
960 896 1135 961 considunt.

251 980 303 1044 59.
325 981 393 1044 Iam
415 980 576 1044 Caesare
598 979 757 1064 Gergovia
779 979 962 1044 discessisse
990 981 1138 1057 audieba

187 1076 247 1148 tur,
269 1069 332 1130 iam
347 1064 386 1128 de
401 1065 605 1130 Haeduorum
620 1064 794 1128 defectione
814 1075 846 1130 et
861 1065 998 1129 secundo
1015 1066 1139 1130 Galliae

187 1160 273 1216 motu
302 1173 444 1214 rumores
473 1149 700 1230 afferebantur,
728 1149 875 1236 Gallique
908 1153 942 1213 in
975 1150 1138 1238 colloquiis

187 1234 391 1300 interclusum
416 1237 528 1299 itinere
555 1243 586 1298 et
610 1235 719 1318 Ligeri
749 1234 916 1299 Caesarem
943 1237 1048 1321 inopia
1075 1236 1139 1300 fru-

187 1322 284 1384 menti
306 1329 448 1384 coactum
470 1321 502 1382 in
524 1321 719 1404 provinciam
748 1321 945 1385 contendisse
972 1321 1137 1384 confirma-

186 1404 272 1470 bant.
294 1403 456 1470 Bellovaci
476 1414 580 1468 autem
595 1404 768 1469 delectione
783 1405 985 1470 Haeduorum
1002 1407 1136 1489 cognita,

187 1492 240 1576 qui
262 1500 335 1554 ante
357 1499 446 1553 erant
465 1512 523 1575 per
545 1511 580 1553 se
600 1489 754 1571 infideles,
777 1512 888 1554 manus
910 1511 1023 1574 cogere
1043 1500 1137 1574 atque

187 1585 295 1660 aperte
327 1573 446 1640 bellurn
481 1597 593 1660 parare
626 1596 683 1638 coe
706 1584 806 1638 erunt.
855 1575 937 1638 Tum
976 1575 1136 1638 Labienus

185 1669 273 1723 tanta
293 1683 399 1724 rerum
421 1660 662 1724 commutatione
683 1597 778 1743 longe
801 1658 887 1723 aliud
919 1659 979 1722 sibi
1012 1662 1136 1744 capien-

187 1746 261 1809 dum
276 1745 448 1826 consilium,
473 1752 565 1830 atque
581 1753 675 1808 antea
690 1754 841 1827 senserat,
864 1745 1068 1830 intellegebat
1082 1767 1137 1808 ne-

187 1853 247 1915 que
269 1832 341 1913 iam,
364 1839 399 1893 ut
420 1829 538 1915 aliquid
560 1831 737 1914 acquireret
758 1830 939 1916 proelioque
961 1831 1066 1894 hostes
1092 1831 1136 1894 la·

186 1925 337 1997 cesseret,
361 1914 418 1979 sed
439 1924 473 1978 ut
493 1914 672 1979 incolumen
695 1916 869 1980 exercitum
891 1915 1067 2000 Agedioum
1088 1938 1136 1978 re·

186 1999 323 2080 duceret,
340 1998 506 2084 cogitabat.
529 1999 672 2084 Namque
688 1998 786 2062 altera
805 2011 949 2085 exparte
964 2000 1136 2080 Bellovaci,

186 2105 266 2169 quae
296 2086 405 2148 civitas
434 2085 467 2148 in
501 2083 606 2148 Gallia
640 2085 810 2148 maximam
837 2084 932 2148 babet
958 2085 1136 2169 opinionem

118 2165 125 2172 ’
185 2169 319 2251 virtutis,
335 2167 503 2252 instabant,
520 2169 651 2232 alteram
667 2168 900 2253 Camulogenus
916 2179 1026 2253 parato
1042 2178 1136 2315 atqqe

187 2256 336 2318 instructo
359 2256 499 2317 exercitu
520 2254 666 2335 tenebat,
688 2263 754 2316 tum
777 2253 916 2338 legiones
939 2275 958 2314 a
978 2254 1082 2337 praesi
1107 2254 1135 2316 ‘o

185 2347 278 2423 atque
313 2338 544 2424 impedimentis
580 2337 766 2402 interclusas
803 2339 973 2400 maximum
1017 2336 1135 2400 flumen

186 2422 363 2487 distinebat.
407 2423 518 2488 Tantis
548 2423 650 2487 subito
678 2421 912 2485 difficultatibus
935 2421 1065 2486 obiectis
1095 2421 1135 2486 ab

185 2508 281 2570 animi
302 2509 417 2572 virtute
438 2507 589 2571 auxilium
610 2506 780 2590 petendum
801 2506 939 2570 videbat.

248 2593 298 2655 60.
322 2591 388 2656 Sub
410 2614 577 2676 vesperum
600 2590 728 2654 consilio
752 2600 924 2656 convocato
947 2591 1135 2673 cohortatus,

184 2685 218 2740 ut
240 2699 286 2760 ea,
311 2699 391 2763 quae
412 2678 614 2760 imperasset,
644 2675 810 2759 diligenter
838 2675 1053 2762 industrieque
1081 2678 1136 2741 ad·

184 2762 412 2842 ministrarent,
435 2782 544 2841 naves,
568 2782 646 2845 quas
667 2760 838 2825 Meloduno
860 2760 1043 2842 deduxerat,
1073 2765 1135 2825 sin-

184 2846 273 2930 gulas
297 2844 453 2931 equitibus
475 2845 624 2910 Romanis
648 2844 790 2909 attribuit
817 2854 848 2909 et
865 2848 972 2993 prima
994 2846 1136 2910 confecta

121 2929 128 2945 '
183 2931 292 3014 vigilia
314 2940 459 3016 quattuor
480 2930 567 2994 milia
594 2951 745 3015 passuum
767 2953 864 2995 secun
887 2954 905 2995 o
934 2931 1063 2994 flumine
1096 2934 1135 2994 si·

183 3015 278 3081 lentio
300 3015 448 3101 progredi
468 3015 576 3115 ibique
598 3038 633 3078 se
655 3016 833 3099 exspectari
854 3014 950 3079 iubet
988 3014 1135 3102 Quinque

183 3100 336 3181 cohortes,
362 3123 438 3186 quas
460 3099 588 3165 minime
620 3099 727 3164 firmas
755 3100 796 3163 ad
825 3100 1036 3164 dimicandum
1064 3123 1135 3166 esse

184 3185 391 3266 existimabat,
415 3187 526 3249 castris
547 3186 705 3270 praesidio
720 3184 884 3270 relinquit;
901 3188 1039 3272 quinque
1054 3188 1134 3249 eius·

184 3268 254 3331 dem
276 3269 408 3354 legionis
430 3270 570 3355 reliquas
593 3269 633 3336 de
654 3269 759 3332 media
779 3280 871 3333 nocte
894 3291 966 3333 cum
988 3271 1134 3336 omnibus

181 3353 412 3438 impedimentis
435 3355 567 3420 adverso
589 3354 718 3418 flumine
740 3377 854 3440 magno
886 3354 1021 3419 tumultu
1042 3357 1134 3440 profi·

182 3438 258 3500 uisci
279 3439 420 3524 imperat.
465 3440 629 3526 Conquirit
657 3441 753 3503 etiam
775 3439 902 3504 lintres:
932 3439 989 3505 has
1018 3461 1133 3526 magno
