2532 3968
110 319 114 328 .
174 263 237 328 200
430 261 493 327 DE
514 259 659 326 BELLO
679 257 874 364 ιΘΑΙΔΙᾸΙΟΟ

174 455 271 520 quum
290 433 386 518 fugae
407 454 504 499 causa
525 433 637 498 initum
652 432 875 518 suspicaretur,
897 427 1039 514 legiones
1061 449 1133 514 pro-

174 527 298 602 movet,
325 529 445 585 minas
467 519 562 583 mittit
582 517 624 582 ad
637 517 892 603 'insequendum
921 517 990 600 ipse
1011 515 1133 580 verius

173 604 320 688 insidias,
352 625 394 668 ne
423 603 503 670 forte
531 607 565 668 in
593 603 705 668 eodem
735 602 803 668 loco
832 601 1004 665 subsistere
1032 598 1132 664 hostis

173 698 268 776 atque
297 689 414 756 elicere
440 699 565 754 nostros
592 689 626 752 in
655 688 760 754 locum
783 695 951 752 conaretur
979 685 1130 772 iniquum,

173 775 293 842 tardius
326 775 479 860 procedit
527 773 660 861 Equites
694 797 790 860 quum
822 773 942 837 intrare
975 790 1131 835 smnmum

172 862 282 945 -igne'm
304 871 335 925 et
356 859 516 926 flammam
537 859 758 924 densissimam
781 860 929 923 timerent
949 879 1005 940 sc,
1028 858 1056 921 si
1078 855 1131 942 qui

172 946 316 1030 cupidius
336 946 549 1028 intraverant,
572 946 629 1010 vix
650 967 778 1010 suorum
799 945 861 1030 ipsi
883 945 1003 1029 priores
1025 950 1131 1027 partes

171 1030 459 1101 animadverterent
480 1045 641 1118 equorum,
663 1031 794 1096 insidias
816 1030 910 1094 veriti
931 1026 1067 1092 liberam
1086 1026 1131 1090 ls-

173 1115 322 1182 cultstem
344 1118 393 1182 sui
413 1111 588 1202 recipiendi
601 1116 781 1182 Bellovacis
797 1115 963 1180 dederunt.
992 1112 1043 1177 Ita
1056 1113 1132 1195 fuga

170 1201 291 1268 timoris
308 1201 401 1266 simul
415 1201 658 1288 calliditatisque
673 1201 768 1287 plena
783 1203 851 1266 sine
865 1199 931 1264 ullo
943 1199 1131 1263 detrimento
1209 1257 1215 1273 ,

171 1285 259 1350 milis
278 1309 344 1352 non
365 1287 500 1374 amplius
524 1287 634 1352 decem
662 1309 719 1372 pro
759 1287 821 1351 essi
843 1285 950 1350 hostes
972 1283 1042 1349 loco
1063 1305 1131 1347 mu·

171 1373 325 1438 nitissimo
359 1385 463 1438 castre
494 1382 677 1459 posuerunt
765 1372 806 1438 de
839 1394 936 1457 quum
969 1392 1065 1455 saepe
1096 1369 1131 1432 in

171 1457 294 1522 insidiis
317 1461 438 1545 equites
460 1458 646 1546 peditesque
662 1457 875 1544 disponerent,
898 1477 1015 1542 magna
1035 1454 1130 1519 detri-

172 1551 280 1608 menta
300 1541 450 1609 Romanis
472 1547 505 1610 in
527 1543 783 1630 pabulationibus
806 1541 994 1607 inferebant

234 1629 285 1693 17.
316 1627 410 1708 Quod
439 1653 535 1717 quum
565 1630 706 1695 crebrius
733 1629 907 1709 accideret,
941 1626 1130 1711 exceptive

170 1713 308 1862 quodem
340 1717 493 1800 comperit
526 1713 648 1780 Caesar
676 1713 851 1797 Correum,
885 1711 1129 1794 Bellovacorum

192 1822 300 1883 ucem,
334 1800 577 1867 fortissimorum
606 1800 695 1865 milia
724 1823 782 1882 sex
809 1799 951 1886 peditum
973 1797 1131 1884 delegisse

170 1886 354 1972 equitesque
377 1909 417 1950 ex
446 1889 533 1952 omni
560 1908 691 1952 numero
713 1885 817 1972 mille,
851 1907 931 1971 quos
952 1885 986 1948 in
1008 1883 1132 1947 insidiis

170 1992 207 2034 eo
229 1969 299 2036 loco
321 1970 508 2054 collocaret,
564 1996 637 2038 uem
666 1971 834 2038 indorum
855 1979 985 2057 propter
1007 1971 1131 2055 copiam

169 2055 318 2122 frumenti
344 2079 382 2120 ac
408 2057 518 2143 pabuli
588 2080 698 2123 manos
726 2059 878 2122 missuros
908 2055 1132 2140 suspicaretur.

170 2139 242 2218 Quo
265 2144 390 2227 cognito
414 2143 545 2208 consilio
568 2142 710 2229 legiones
732 2142 856 2229 plures,
880 2163 975 2227 quem
997 2138 1131 2220 solebat,

170 2227 276 2292 educit
291 2229 537 2314 equitatumque,
561 2252 624 2315 qua
642 2227 868 2294 consuetudine
890 2223 1131 2311 pabulatoribus

168 2314 292 2378 mittere
319 2313 478 2398 praesidio
501 2323 683 2395 consuerat,
712 2313 901 2398 praemittit:
934 2309 1009 2373 huic
1034 2311 1129 2372 inter

168 2399 257 2484 ponit
278 2399 398 2463 auxilia
423 2398 504 2464 levis
534 2407 730 2481 armaturae3
759 2399 827 2484 ipse
850 2417 922 2462 cum
951 2394 1130 2480 legionibus

169 2506 263 2570 quam
284 2494 390 2571 potest
409 2486 547 2548 maxime
570 2485 811 2570 appropinquat

177 2608 179 2616 ι
233 2568 283 2633 18.
305 2569 424 2634 Hostes
446 2571 479 2632 in
500 2569 623 2634 insidiis
645 2569 790 2654 dispositi
797 2617 817 2652 „
841 2590 938 2653 quum
962 2565 1024 2631 sibi
1047 2565 1132 2630 dele·

167 2655 291 2740 gissent
311 2677 458 2740 campum
481 2654 522 2719 sd
544 2678 611 2720 rem
633 2655 806 2740 gerendam
832 2677 897 2718 non
919 2651 1054 2739 amplius
1077 2672 1132 2737 pa-

167 2750 286 2804 tentem
301 2742 335 2804 in
350 2761 460 2804 omnes
482 2749 588 2826 partes
601 2740 751 2826 'passibus
766 2739 863 2822 mille,
886 2738 976 2804 silvis
990 2738 1132 2837 undique

168 2825 483 2912 aut-impeditissimo
505 2825 635 2890 flumine
657 2829 829 2909 munitum,
863 2824 952 2890 velut
980 2823 1133 2908 indagine

170 2910 256 2978 bunc
287 2909 411 2976 insidiis
444 2911 729 2976 cucumdederunt.
784 2909 961 2996 Explorato
994 2909 1133 2974 hostium

168 2996 300 3062 oonsilio
333 2998 435 3062 nostri
467 2997 508 3062 sd
540 2996 760 3084 proeliandum
790 2998 895 3060 animo
917 3005 1012 3144 afflue
1035 2993 1133 3058 armis

166 3085 279 3168 parati,
302 3105 400 3170 quum
412 3082 689 3170 subsequentibus
710 3077 891 3170 legionibus
904 3105 948 3144 nx
974 3102 1025 3144 om
1041 3079 1132 3143 dimi·

167 3169 324 3234 cationem
345 3177 546 3251 recusarent,
575 3171 736 3234 turmatim
758 3170 791 3232 in
814 3189 887 3232 eum
910 3166 1015 3231 locum
1037 3164 1132 3228 deve

166 3265 289 3318 nerrmt.
320 3253 467 3332 Quemm.
484 3253 624 3342 adventu
646 3277 744 3339 quum
759 3253 820 3318 sibi
836 3251 975 3318 Correus
991 3249 1133 3316 oblatam

168 3341 367 3406 occasionem
394 3342 442 3406 rei
470 3339 631 3426 gerendae
652 3340 866 3416 existimarer,
900 3337 1134 3424 primumcum

166 3425 279 3508 passis
291 3447 327 3488 se
340 3425 479 3490 ostendit
501 3434 606 3512 etque·
616 3426 650 3490 in
664 3425 827 3511 proximas
842 3434 962 3494 turmas
977 3423 1132 3506 impetum

166 3507 250 3572 fecit.
294 3509 402 3576 Nostri
424 3519 607 3590 mnstsnter
630 3511 797 3576 -ineursum
819 3511 976 3576 sustinent
1002 3505 1133 3573 insidis·
