2562 3966
76 203 79 207 ’
169 215 231 278 104
340 255 342 260 -
427 215 488 280 DE
510 215 654 281 BELLO
676 215 868 282 GALLICO

167 384 431 534 proficiscuntur,
459 393 494 449 ut
522 385 636 484 quibus
666 394 750 452 esset
775 409 960 476 persuasum
991 409 1056 453 non
1082 387 1124 453 ab

191 479 267 552 oste,
297 468 353 534 sed
382 469 422 534 ab
451 471 577 536 homme
607 473 795 537 amicissimo
817 473 1001 559 Ambiorige
1024 475 1124 538 consi·

167 554 245 705 dium
274 554 399 638 datum,
429 549 613 642 longissimo
640 558 766 644 agmine
792 560 1000 645 maximisque
1027 561 1124 645 impe-

190 639 324 705 ‘mentia

191 781 194 786 .
231 726 282 789 32.
305 725 349 790 At
370 727 487 808 hostes,
516 735 722 812 posteaquam
749 749 790 792 ex
818 738 971 794 nocturno
998 729 1126 796 fremitu

168 810 349 896 vigiliisque
371 811 411 875 de
432 811 627 896 profectione
656 834 765 877 eorum
794 825 969 896 senserunt,
993 814 1123 880 colloca

169 899 209 962 tis
242 896 365 960 insidiis
397 895 545 981 bipertito
573 898 606 960 in
632 897 721 962 silvis
747 908 923 985 opportuno
951 909 1045 986 atque
1074 921 1123 965 oe·

170 981 254 1045 culto
276 981 345 1046 loco
375 1003 395 1044 a
424 981 550 1045 milibus
577 1004 728 1068 passuum
761 985 887 1049 circiter
919 984 1042 1051 duobus
1063 985 1123 1050 Ro·

169 1089 334 1130 manorum
358 1066 528 1131 adventum
544 1068 781 1152 exspectabant,
804 1080 836 1133 et
857 1091 953 1219 quum
969 1092 1004 1135 se
1025 1071 1124 1134 maior

169 1173 242 1237 pars
267 1153 401 1237 agminis
424 1153 458 1216 in
480 1175 626 1236 magnam
655 1153 833 1219 convallem
883 1156 1055 1237 emisisset,
1084 1175 1125 1219 ex

168 1245 302 1323 utraque
324 1247 413 1324 parte
436 1238 504 1302 eius
526 1237 619 1302 vallis
642 1237 745 1304 subito
775 1262 809 1304 se
839 1240 1043 1307 ostenderimt
1070 1261 1124 1304 no-

170 1323 380 1408 vissimosque
412 1344 558 1423 premere
589 1332 620 1387 et
646 1325 764 1472 primos
791 1324 959 1410 prohibere
991 1347 1125 1391 ascensu

169 1417 262 1493 atque
284 1409 480 1493 iniquissrmo
509 1410 624 1473 nostris
666 1430 724 1474 oco
752 1408 908 1496 proelium
930 1413 1124 1475 committere

168 1515 225 1558 coe
249 1505 350 1557 erunt.

226 1515 282 1643 liii.
306 1579 387 1642 Turn
409 1577 536 1642 demum
563 1579 712 1661 Titurius,
743 1581 797 1666 qui
825 1579 905 1644 nihil
926 1589 1000 1644 ante
1020 1582 1123 1666 provi·

168 1663 273 1745 disset,
296 1664 454 1750 trepidare
476 1673 507 1727 et
522 1685 709 1728 concursare
725 1667 933 1752 cohortesque
948 1665 1123 1814 disponere,

167 1749 246 1814 haec
268 1758 373 1815 tamen
395 1751 465 1835 ipsa
485 1748 594 1815 timide
616 1762 711 1836 atque
732 1759 768 1814 ut
782 1773 855 1818 eum
869 1753 974 1815 omnia
1011 1751 1124 1816 elicere

166 1835 363 1918 viderentur3
394 1834 478 1920 quod
506 1834 692 1936 plerumque
718 1837 756 1900 iis
785 1836 929 1901 accidere
952 1837 1123 1918 consuevit,

188 1921 222 1984 ui
242 1923 276 1984 in
297 1921 366 2006 ipso
388 1921 515 2004 negotio
543 1919 852 2006 consihumcapere
875 1931 1038 2008 coguntur.
1082 1921 1125 1985 At

168 1943 270 2087 botta,
295 2007 348 2154 qpi
371 2007 541 2089 cogitasset
562 2005 642 2069 haec
668 2027 762 2091 posse
791 2008 825 2070 in
846 2008 958 2071 itinere
980 2006 1124 2071 accidere

169 2099 201 2154 at
222 2112 263 2154 ue
285 2112 303 2154 o
349 2112 419 2154 eam
442 2111 569 2154 causam
586 2091 788 2175 profectionis
804 2102 914 2156 auctor
927 2115 991 2156 non
1005 2092 1123 2173 firisset,

166 2114 256 2239 nulla
277 2176 310 2238 in
339 2197 374 2240 re
402 2177 560 2240 communi
588 2175 684 2240 saluti
710 2176 821 2241 deerat
850 2186 882 2241 et
909 2178 942 2240 in
964 2175 1124 2262 appellan-

167 2260 216 2324 dis
232 2260 495 2346 cohortandisque
517 2260 668 2324 militibus
691 2263 889 2346 imperatoris
912 2263 996 2326 etin
1017 2282 1125 2346 pugna

168 2345 275 2409 militis
298 2345 402 2410 officia
429 2346 619 2431 praestabat
665 2345 772 2424 Quum
800 2356 930 2432 propter
957 2345 1124 2432 longitudi-

166 2453 239 2496 nem
269 2431 404 2514 agminis
433 2433 536 2496 minus
565 2430 658 2496 facile
685 2435 791 2496 omnia
820 2454 879 2517 per
906 2453 941 2496 se
969 2430 1057 2496 obire
1083 2441 1123 2510 et,

168 2515 244 2602 quid
266 2537 390 2602 quoque
405 2515 475 2582 loeo
490 2516 669 2581 faciendum
687 2526 779 2602 esset,
802 2516 970 2602 providere
984 2525 1123 2602 possent,

168 2603 327 2666 iusserunt
352 2603 574 2685 pronuntiare,
604 2609 639 2665 ut
665 2602 891 2687 impedimenta
911 2601 1126 2687 relinquerent

168 2695 263 2771 atque
290 2687 322 2749 in
344 2685 455 2750 orbern
484 2689 702 2752 consisterent.
746 2686 841 2768 Quod
869 2685 1036 2751 consilium
1065 2689 1125 2751 etsi

168 2773 201 2836 in
231 2771 385 2836 eiusmodi
410 2793 488 2835 casu
513 2771 809 2857 reprehendendum
842 2793 907 2836 non
934 2780 991 2854 est,
1018 2780 1126 2836 tamen

168 2857 367 2921 incommode
396 2856 525 2920 accidit:
547 2879 622 2921 nam
650 2866 683 2921 et
707 2858 824 2921 nostris
853 2855 1006 2921 militibus
1035 2879 1126 2943 spem

167 2943 280 3006 minuit
300 2950 333 3005 et
354 2941 460 3005 hostes
487 2941 529 3005 ad
549 2963 690 3028 pugnam
712 2940 881 3006 alacriores
903 2941 1017 3024 effecit,
1040 2941 1126 3029 quod

166 3048 237 3092 non
258 3027 326 3090 sine
356 3047 477 3091 summo
506 3028 618 3091 timore
647 3035 680 3090 et
706 3026 923 3112 desperatione
945 3027 979 3091 id
1007 3026 1126 3092 factum

167 3111 345 3176 videbatur.
402 3112 573 3176 Praeterea
604 3110 735 3193 accidit,
773 3111 858 3196 quod
893 3111 962 3176 fieri
993 3133 1126 3177 necesse

168 3205 243 3279 erat,
273 3205 309 3261 nt
336 3196 433 3281 vulgo
460 3195 575 3260 milites
605 3194 646 3260 ab
676 3196 774 3282 signis
802 3196 1012 3278 discederent,
1043 3218 1125 3284 quae

168 3283 299 3368 quisque
323 3303 433 3346 eorum
461 3281 626 3346 carissima
651 3281 796 3364 haberet,
824 3280 865 3346 ab
892 3281 1124 3368 impedimentis

166 3375 275 3452 petere
303 3375 398 3452 atque
426 3368 566 3451 arripere
594 3375 795 3454 properaret,
824 3365 962 3431 clamore
989 3376 1021 3432 et
1049 3366 1125 3432 fletu

100 3453 101 3456 ’
167 3453 272 3516 omnia
293 3451 534 3538 complerentur.
611 3451 613 3455 ’
685 3483 686 3486 “
