2538 3978
505 245 649 311 CAPUT
673 245 807 312 11-14,
1056 246 1121 312 147

154 416 330 480 maritimae
354 417 600 502 quotidianoque
621 441 682 482 usu
704 441 723 481 a
744 420 851 503 pueris
874 419 1048 498 exercitati,
1078 417 1122 482 ad
1221 457 1224 462 -

154 501 301 565 naturale
324 524 362 565 ac
384 502 590 568 domesticum
613 503 731 568 bonum
760 503 912 587 refugere
930 503 1119 588 cupiebant3

154 597 188 651 et
208 596 359 674 quantum
375 588 517 672 parvulis
532 589 667 673 navigiis
683 588 900 674 profecissent,
924 588 1121 652 sentiebant:

153 673 262 758 itaque
285 675 371 736 omni
393 674 498 738 studio
510 673 552 738 sd
563 675 737 759 parandam
749 673 883 738 classem
895 673 1119 738 incubuerunt.

220 758 270 821 13.
293 757 393 822 Erant
416 759 561 824 omnibus
585 762 672 824 ostiis
695 759 759 823 Nili
782 759 944 823 custodiae
968 759 1120 844 exigendi

153 844 284 928 portarii
317 865 413 907 causa
446 843 629 929 dispositae.
664 845 771 908 Naves
804 854 930 908 veteres
963 854 1055 908 erant
1087 846 1121 908 in

154 928 287 992 occultis
305 931 419 1014 regiae
440 929 619 1012 navalibus,
664 930 757 994 uibus
780 929 886 993 multis
902 930 993 992 annis
1009 929 1050 993 ad
1064 952 1121 993 na·

153 1014 326 1100 rigandum
348 1036 413 1078 non
435 1025 527 1080 erant
548 1016 608 1079 usi.
665 1037 700 1078 as
722 1015 918 1098 reficiebant,
951 1014 1022 1079 illas
1045 1015 1121 1078 Ale-

154 1099 322 1164 xandriam
349 1100 554 1165 revocabant.
587 1101 731 1166 Deerant
759 1102 856 1164 remi:
886 1102 1035 1186 porticus,
1063 1123 1121 1186 gy-

152 1187 283 1268 mnasia,
296 1185 424 1270 publica
435 1187 581 1251 aedificia
596 1186 806 1271 detegebant3
822 1209 944 1250 asseres
960 1208 1120 1250 remorum

152 1292 244 1333 usum
267 1271 469 1335 obtinebant:
494 1273 580 1336 aliud
599 1272 752 1337 naturalis
770 1271 906 1353 solertia,
930 1271 1017 1336 aliud
1031 1270 1120 1334 urbis

152 1359 245 1440 copia
268 1357 540 1422 subministrabat.
562 1359 727 1422 Postremo
749 1379 815 1436 non
837 1358 967 1444 longam
987 1358 1119 1441 naviga-

151 1442 270 1505 tionem
291 1443 457 1527 parabant,
482 1443 539 1507 sed
561 1444 740 1530 praesentis
762 1445 915 1529 temporis
936 1442 1120 1508 necessitati

152 1527 335 1592 serviebant
357 1537 389 1592 et
410 1531 444 1592 in
465 1530 535 1615 ipso
565 1540 660 1615 portu
690 1528 933 1614 confligendum·
957 1527 1118 1592 videbant.

151 1610 263 1696 Itaque
284 1614 395 1697 paucis
418 1614 531 1680 diebus
554 1625 665 1679 contra
686 1616 825 1680 omnium
848 1615 1029 1701 opinionem
1065 1634 1118 1676 ua·

150 1695 307 1762 driremes
330 1707 417 1781 XXII,
442 1702 687 1787 quinqueremes
712 1709 738 1761 V
760 1700 981 1782 confecerunt3
1004 1698 1045 1763 ad
1084 1719 1119 1760 as

151 1783 289 1846 minores
313 1793 503 1886 apertasque
526 1786 704 1872 complures
728 1785 912 1851 adiecerunt
927 1795 959 1848 et
973 1786 1006 1848 in
1024 1792 1120 1869 portu

150 1868 320 1951 periclitati
342 1872 422 1934 remi
446 1893 485 1952 10,
509 1871 586 1957 quid
609 1891 754 1958 quaeque
771 1893 888 1934 earum
905 1872 1031 1938 efficere
1047 1889 1118 1954 pos·

150 1961 209 2036 set,
232 1952 363 2020 idoneos
386 1893 502 2020 miiites
524 1960 742 2042 imposuerunt
764 1979 861 2042 seque
885 1956 926 2020 ad
947 1954 1119 2038 confligen-

150 2037 227 2100 dum
263 2041 410 2106 omnibus
442 2042 538 2106 rebus
571 2051 774 2128 paraverunt.
821 2041 942 2106 Caesar
977 2040 1118 2105 Rhodias

150 2145 249 2188 naves
272 2135 347 2188 VIIII
370 2126 510 2192 habebat
532 2127 619 2214 (nam
642 2128 752 2191 decem
775 2129 881 2192 missis
903 2150 969 2192 una
979 2130 1013 2190 in
1023 2147 1119 2190 cursu

150 2207 243 2274 litore
266 2210 425 2298 Aegyptio
447 2213 633 2301 defecerat),
667 2213 815 2277 Ponticas
838 2220 910 2296 VIII,
940 2213 1057 2299 Lycias
1080 2219 1116 2292 V,

149 2315 194 2357 ex
215 2295 295 2382 Asia
316 2305 377 2362 XII.
406 2298 458 2362 Ex
479 2298 529 2362 his
552 2309 644 2363 erant
666 2300 912 2385 quinqueremes
935 2308 967 2363 et
990 2295 1118 2384 quadri·

149 2401 253 2446 remes
276 2389 311 2465 X,
335 2384 476 2471 reliquae
499 2385 581 2448 infra
604 2385 687 2448 hanc
709 2384 958 2469 magnitudinem
986 2393 1018 2448 et
1046 2380 1112 2468 ple-

149 2486 267 2552 raeque
291 2479 429 2556 a‘perta'e.
460 2469 582 2534 Tamen
605 2473 723 2534 virtute
745 2469 881 2533 militum
902 2469 1040 2535 confisus
1062 2489 1115 2540 co·

148 2553 245 2634 gnitis
267 2553 405 2619 hostium
427 2557 527 2642 copiis
551 2577 585 2620 se
599 2555 649 2620 ad
671 2556 885 2620 dimicandum
908 2554 1051 2642 parabat.

215 2638 264 2701 14.
288 2640 364 2705 Post
385 2663 460 2705 uam
488 2663 526 2706 eo
558 2652 690 2706 ventum
723 2649 781 2722 est,
819 2653 855 2706 ut
888 2643 949 2708 sibi
982 2649 1117 2725 uterque

149 2721 332 2809 confideret,
365 2663 489 2790 baesar
510 2727 641 2792 Pharon
663 2727 766 2792 classe
794 2727 1040 2793 circumvehitur
1061 2722 1117 2786 sd-

149 2825 323 2896 versasque
344 2828 443 2878 naves
466 2812 619 2877 hostibus*
634 2813 811 2877 constituit:
834 2817 868 2879 in
884 2815 995 2878 dextro
1019 2828 1118 2874 cornu

149 2889 290 2959 Rhodias
313 2897 514 2983 collocatsin
534 2900 666 2963 ¹sinistro
688 2899 847 2964 Ponticas.
870 2900 959 2964 Inter
973 2898 1031 2961 has
1047 2917 1117 2979 spa·

149 2977 227 3040 tium
251 2986 338 3045 CCCC
359 2997 511 3068 passuum
545 2983 705 3070 relinquit
746 2986 832 3069 quod
864 2988 942 3049 satis
976 3003 1047 3047 esse
1076 2978 1119 3042 sd

149 3062 357 3148 explicandas
379 3077 481 3134 naves
501 3069 680 3134 videbatur.
704 3071 782 3134 Post
803 3073 889 3136 hunc
911 3070 1053 3136 ordinem
1068 3088 1117 3129 re-

149 3146 254 3233 liquas
264 3173 368 3240 ¹naves
385 3154 715 3240 subsidiodistribuit3
739 3177 992 3256 quaequumque
1008 3173 1118 3218 earum

150 3245 301 3320 sequatur
324 3249 354 3302 et
377 3243 428 3304 cui
451 3241 628 3322 subveniet,
664 3246 827 3307 consutuit
854 3253 949 3392 atque
971 3243 1116 3324 imperat.

147 3316 219 3418 ibon
243 3321 426 3390 dubitanter
446 3326 666 3392 Alexandrini·
676 3328 810 3393 classem
826 3352 883 3415 pro

151 3415 324 3494 instruunt:
347 3413 381 3474 in
403 3413 506 3478 fronte
529 3411 686 3477 collocant
708 3419 794 3499 XIIII,
818 3414 957 3500 reliquas
981 3408 1119 3476 subsidi-

150 3492 234 3556 arias
256 3496 290 3558 in
312 3497 452 3563 secundo
475 3499 585 3564 ordine
608 3502 811 3566 constituunt.
839 3501 998 3650 ligapnm
1026 3515 1120 3582 praee

907 3335 1005 3393 ucunt
1019 3334 1115 3408 etque
