2538 3978
386 213 521 280 COMM.
543 214 592 278 Ill
614 214 706 280 OAP.
730 213 857 279 32-36
1058 211 1100 278 95

139 386 175 448 in
196 384 413 450 Macedoniarn
457 407 547 450 arare
568 386 678 470 incipit
699 387 871 472 paucisque
893 392 965 470 post
987 382 1102 458 diebus¹

141 478 191 533 est
208 470 379 618 profectus.
442 493 500 539 aee
525 493 578 536 res
607 471 765 556 Ephesiae
790 471 943 556 pecuniae
966 469 1099 534 salutem

140 563 207 618 attu
222 557 254 617 't.

205 640 256 703 34.
281 639 400 704 Caesar
431 640 550 706 Antoni
582 643 723 706 exercitu
760 643 926 706 coniuncto
964 639 1100 702 deducta

141 723 238 790 Orico
260 725 394 812 legione,
423 749 517 812 quam
545 728 681 792 tuendae
709 749 784 791 orae
805 728 981 790 maritimae
1003 745 1100 787 causa

102 837 106 854 ⁸
139 820 303 895 posuerat,
326 813 492 876 tentandas
523 811 581 877 sibi
610 812 789 898 provincias
819 812 947 896 longius¹
966 832 1006 873 ue
1027 830 1098 895 pro·

140 895 319 960 cedendum
340 897 540 961 existimabat
554 908 594 980 et,
611 920 708 984 quum
729 897 770 960 ad
792 920 863 960 eum
879 919 920 959 ex
935 895 962 958 Τ
986 892 1100 957 casalia

139 980 328 1068 Aetoliaque
350 981 448 1067 legati
466 985 637 1066 venissent,
661 984 714 1068 qui
736 981 894 1068 praesidio
917 982 1011 1044 misso
1031 977 1098 1064 pol-

140 1065 312 1130 licerentur
334 1089 441 1130 earum
463 1069 604 1154 gentium
620 1070 762 1134 civitates
784 1069 939 1153 imperata
952 1065 1098 1143 facturas,
1147 1117 1151 1125 ,

37 1185 40 1188 -
140 1149 178 1213 L.
206 1149 352 1216 Cassium
380 1153 560 1238 Longinum
587 1177 658 1218 oum
687 1153 812 1238 legione
840 1164 992 1231 tironum,
1017 1171 1098 1236 quae

140 1235 363 1320 appellabatur
377 1246 490 1319 xxvu,
503 1248 597 1324 atque
614 1239 770 1324 equitibus
787 1243 829 1301 CC
843 1238 876 1300 in
891 1235 1097 1316 Thessaliam,

142 1319 179 1385 Ο.
203 1321 377 1386 Calvisium
398 1323 551 1388 Sabinum
579 1347 651 1388 cum
677 1323 858 1388 cohortibus
881 1332 905 1382 V
927 1321 1099 1407 paucisque

142 1406 300 1492 equitibus
321 1410 355 1471 in
375 1409 532 1476 Aetoliam
551 1413 651 1492 misit,
672 1410 809 1488 maxime
832 1430 895 1489 eos,
912 1405 996 1494 quod
1011 1417 1100 1469 erant

140 1494 336 1579 propinquae
358 1497 513 1580 regiones,
543 1495 583 1560 de
609 1519 645 1559 re
671 1494 876 1559 frumentaria
898 1504 933 1555 ut
952 1490 1098 1577 provide·

141 1586 221 1657 rent,
245 1578 386 1644 hortatus
409 1590 465 1645 est.
489 1580 547 1644 On.
576 1581 750 1645 Domitium
772 1577 940 1642 Calvinum
962 1599 1034 1639 cum
1055 1575 1098 1640 le-

166 1661 289 1726 ‘onibus
311 1665 443 1747 duabus,
466 1673 504 1728 XI
527 1675 559 1730 et
579 1675 639 1748 Xll,
663 1676 694 1729 et
716 1663 872 1751 equitibus
895 1671 917 1724 l)
939 1663 973 1724 in
993 1661 1098 1724 Mace-

165 1748 270 1810 oniam
304 1751 462 1834 proficisci
497 1753 603 1834 iussit3
641 1754 729 1816 cuius
765 1749 947 1834 provinciae
983 1745 1024 1809 ab
1061 1767 1100 1808 ea

143 1841 241 1914 parte,
265 1856 344 1918 quae
367 1834 468 1900 libera
481 1837 707 1922 appellabatur,
722 1834 936 1914 Menedemus,
952 1834 1100 1918 princeps

143 1937 251 1980 earum
282 1920 461 2004 regionum,
495 1925 610 1988 missus
642 1921 764 2008 legatus
797 1921 936 1984 omnium
972 1939 1098 1982 suorum

143 2002 302 2068 excellens
325 2006 462 2070 studium
470 2008 697 2156 profitebatur.

207 2088 258 2150 35.
295 2090 348 2153 Ex
383 2091 432 2155 his
498 2093 626 2158 alvisius
662 2095 763 2179 primo
801 2092 940 2156 adventu
976 2109 1099 2152 summa

143 2174 282 2236 omnium
313 2175 499 2242 Aetolorum
527 2189 673 2264 receptus
709 2179 870 2244 voluntate
892 2199 911 2240 a
933 2174 1099 2261 praesidiis

143 2257 395 2326 adversariorum
436 2262 598 2350 Calydone
637 2274 668 2328 et
689 2264 852 2348 Naupacto
874 2261 991 2325 relictis
1014 2259 1100 2323 omni

141 2342 269 2408 Aetolia
289 2349 406 2431 potitus
429 2359 485 2413 est.
517 2349 646 2415 Cassius
675 2351 709 2412 in
738 2347 934 2412 Thessaliam
963 2368 1034 2410 eum
1056 2344 1099 2407 le-

143 2430 237 2514 gione
272 2435 427 2517 pervenit.
449 2455 452 2462 ’
471 2435 534 2498 Hic
567 2457 663 2520 quum
696 2446 802 2498 essent
832 2434 984 2498 factiones
1008 2429 1099 2511 duae,

141 2517 232 2579 uaria
263 2517 425 2584 voluntate
462 2522 636 2584 civitatium
671 2519 832 2584 utebatur:
877 2519 1099 2604 Hagesaretus,

142 2602 259 2664 veteris
282 2602 375 2668 homo
397 2607 565 2690 potentiae,
594 2605 795 2691 Pompeianis
814 2602 912 2671 rebus
936 2601 1099 2681 studebat,

142 2683 310 2769 Petraeus,
348 2711 488 2756 summae
524 2690 696 2756 nobilitatis
733 2689 927 2770 adolescens,
961 2689 1025 2751 suis
1062 2707 1100 2748 ac

144 2791 271 2836 suorum
293 2775 405 2858 opibus
428 2774 598 2840 Gaesarem
621 2778 715 2842 enixe
737 2775 873 2839 iuvabat.

206 2857 257 2920 36.
279 2857 465 2947 Eodemque
480 2871 621 2947 tempore
643 2861 802 2925 Domitius
824 2863 858 2924 in
879 2858 1099 2922 Macedoniam

143 2940 245 3024 venit3
269 2953 300 3006 et
330 2968 426 3031 quum
448 2947 489 3010 ad
518 2969 590 3012 eum
611 2947 792 3032 frequentes
821 2945 993 3010 eivitatium
1014 2943 1099 3026 lega·

143 3027 245 3092 tiones
280 3033 449 3096 convenire
479 3034 672 3118 coepissent,
702 3033 879 3096 nuntiatum
912 3041 960 3093 est
989 3029 1100 3092 adesse

143 3110 324 3198 Scipionem
345 3139 417 3182 cum
446 3117 622 3202 legionibus
651 3139 768 3203 magna
796 3119 941 3203 opinione
964 3114 1102 3178 etfama

144 3201 296 3266 omniurn:
319 3225 394 3268 nam
422 3205 607 3291 plerumque
636 3205 669 3267 in
691 3205 830 3270 novitate
852 3202 936 3266 fama
957 3224 1025 3265 rem
1048 3223 1101 3264 ex-

146 3284 236 3348 cedit.
263 3288 327 3350 Hic
347 3289 434 3353 nullo
456 3291 490 3353 in
511 3291 581 3354 loeo
596 3289 801 3354 Macedoniae
822 3297 962 3352 moratus
985 3309 1100 3372 magno

145 3371 264 3456 impetu
284 3376 417 3439 tetendit
439 3376 480 3438 ad
505 3375 679 3440 Domitium
709 3385 749 3458 et,
774 3397 870 3524 quum
892 3373 932 3438 ab
956 3397 993 3438 eo
1016 3371 1102 3436 miha

145 3477 293 3540 passuum
315 3465 368 3522 XX
390 3460 550 3543 abfuisset,
579 3462 681 3529 subito
705 3482 780 3524 sea
825 3459 969 3524 Cassium
987 3458 1103 3544 Longi·
1194 3481 1196 3486 ·
