2534 3970
377 237 512 307 COMM.
535 237 583 305 Ν
604 239 698 305 ΟΑΡ.
722 237 856 304 12-16.
1054 239 1094 306 75

141 409 288 476 omnibus
309 408 403 473 rebus
426 410 535 474 subito
552 411 722 497 perterriti,
745 422 777 474 et
799 409 960 476 celeritate
975 411 1092 476 adven·

141 506 192 560 tus
214 497 314 560 nostri
336 505 369 559 et
383 495 524 560 discessu
539 517 675 579 suorum,
698 516 801 581 neque
817 496 939 560 consilii
954 496 1093 561 habendi

143 602 246 667 neque
269 602 356 644 arma
378 580 524 666 capiendi
546 583 646 666 spatio
669 581 742 645 dato
775 581 1010 666 perturbantur,
1043 605 1092 645 co·

142 667 254 751 piasue
277 665 428 729 adversus
450 665 572 730 hostem
587 665 712 748 ducere,
737 689 778 729 an
794 676 897 730 castra
912 667 1091 750 defendere,

143 773 186 816 an
206 751 283 837 fuga
312 750 445 815 salutem
473 761 582 836 petere
604 760 788 836 praestaret.
834 749 977 829 Quorum
1000 753 1093 816 timor

144 859 239 922 quum
261 837 386 899 fremitu
408 844 440 898 et
462 857 617 900 concursu
639 836 876 921 significaretur,
900 836 1015 901 milites
1038 859 1092 900 no·
1118 902 1120 906 ,

145 923 201 985 stri
226 922 350 1006 pristini
377 920 441 984 diei
468 921 601 1007 perfidia
627 921 747 985 incitati
773 923 805 983 in
840 932 946 986 castra
972 923 1092 1007 irrupe-

143 1019 226 1070 runt.
270 1005 342 1085 Quo
364 1004 433 1071 loco
466 1008 520 1092 qui
550 1006 695 1070 celeriter
723 1028 812 1069 arma
840 1029 955 1092 capere
984 1015 1092 1093 potue·

144 1102 224 1174 runt,
246 1090 410 1177 paulisper
430 1093 546 1155 nostris
568 1092 752 1156 restiterunt
773 1102 868 1176 atque
890 1095 972 1156 inter
987 1113 1093 1157 carros

143 1177 428 1264 impedimentaque
450 1176 604 1261 proelium
638 1177 881 1240 commiserunt:
912 1187 943 1241 at
971 1177 1094 1263 reliqua

143 1261 309 1348 multitudo
331 1283 500 1346 puerorum
522 1261 751 1347 mulierumque
785 1261 873 1347 (nam
902 1284 974 1325 cum
996 1263 1093 1327 omni-

143 1347 203 1412 bus
227 1349 291 1410 suis
313 1346 405 1410 domo
428 1356 632 1411 excesserant
652 1347 860 1431 Rhenumque
890 1348 1093 1434 transierant)

143 1434 261 1518 passim
282 1431 392 1518 fugere
415 1434 533 1518 coepit3
557 1432 597 1496 ad
620 1454 698 1518 quos
721 1432 949 1496 consectandos
973 1433 1093 1497 Caesar

144 1519 318 1603 equitatum
340 1518 434 1579 misit.
726 1573 737 1598 ,
1090 1540 1092 1546 ·

211 1603 260 1666 15.
283 1601 434 1666 Germani
455 1611 526 1687 post
547 1611 670 1686 tergum
693 1602 831 1666 clamore
857 1602 973 1685 audito,
997 1625 1093 1688 quum

143 1710 219 1753 suos
240 1687 375 1752 interfici
395 1687 548 1769 viderent,
572 1689 667 1750 annis
695 1687 825 1751 abiectis
856 1687 1018 1773 signisque
1039 1689 1094 1751 mi·

143 1773 287 1837 litaribus
309 1772 427 1836 relictis
460 1795 494 1837 se
517 1795 559 1836 ex
587 1774 698 1836 castris
732 1774 911 1854 eiecerunt,
946 1783 978 1836 et
1020 1793 1094 1836 uum

144 1859 187 1922 ad
209 1857 418 1922 confluentem
433 1859 543 1922 Mosae
563 1867 594 1922 et
608 1858 710 1927 Rheni
724 1858 952 1943 pervenissent,
974 1795 1096 1943 reliqua

144 1943 220 2030 fuga
242 1943 410 2030 desperata
430 1965 545 2027 magno
567 1965 699 2007 numero
732 1943 897 2008 interfecto
924 1943 1040 2028 reliqui
1062 1964 1096 2007 se

143 2032 178 2092 in
199 2029 318 2093 flumen
338 2029 627 2113 praecipitaverunt
655 2039 748 2113 atque
774 2028 820 2091 ibi
847 2030 974 2110 timore,
1009 2028 1096 2092 lassi·

143 2114 267 2193 tudine,
300 2115 333 2177 vi
360 2112 499 2177 fluminis
529 2115 674 2198 oppressi
701 2115 871 2199 perierunt.
926 2114 1034 2178 Nostri
1056 2114 1097 2177 ad

143 2223 242 2264 unum
266 2219 373 2263 omnes
395 2199 579 2276 incolumes
590 2203 757 2284 perpaucis
772 2198 945 2262 vulneratis
962 2221 1002 2262 ex
1016 2201 1096 2262 tanti

144 2284 223 2349 belli
234 2286 354 2365 timore,
361 2306 457 2370 quum
469 2285 605 2348 hostium
618 2305 766 2348 numerus
779 2285 916 2368 capitum
929 2291 1095 2347 CCCCXXX

143 2369 268 2434 milium
289 2369 408 2451 fuisset,
434 2392 468 2433 se
489 2371 522 2432 in
545 2380 650 2432 castra
671 2379 866 2453 receperunt.
904 2367 1023 2432 Caesar
1045 2371 1093 2449 iis,

167 2477 226 2519 uos
261 2457 294 2516 in
327 2457 438 2518 castris
473 2456 656 2535 retinuerat,
694 2453 878 2518 discedendi
910 2464 1097 2538 potestatem

144 2477 230 2605 decit.
282 2538 334 2602 Illi
367 2540 521 2625 supplicia
550 2543 769 2626 cruciatusque
801 2539 964 2603 Gallorum
997 2541 1096 2620 veriti,

145 2646 280 2711 quorum
302 2647 394 2710 agros
416 2635 626 2704 vexaverant,
656 2645 819 2688 remanere
848 2647 881 2688 se
915 2624 999 2708 apud
1026 2628 1097 2688 euni

146 2709 231 2776 velle
254 2709 409 2773 dixerunt.
454 2711 512 2773 His
536 2709 656 2773 Gaesar
677 2709 854 2773 libertatem
878 2714 1042 2772 concessit.

213 2795 262 2859 16.
287 2793 476 2858 Germanico
504 2794 589 2858 bello
612 2796 754 2860 confecto
787 2793 892 2857 multis
929 2793 969 2857 de
996 2796 1098 2858 causis

147 2879 270 2945 Caesar
292 2881 399 2944 statuit
421 2879 481 2943 sibi
502 2881 647 2945 Rhenum
670 2903 740 2944 esse
760 2878 1001 2962 transeundum,
1025 2901 1099 2965 qua·

146 2987 218 3029 rum
239 2964 296 3027 illa
317 2965 375 3027 fuis
397 2966 576 3047 iustissima,
600 2964 694 3050 quod,
718 2987 814 3051 quum
833 2965 955 3028 videret
971 2963 1097 3030 Germa·

147 3072 206 3114 nos
228 3059 293 3113 tam
314 3049 407 3114 facile
428 3049 564 3136 impelli,
587 3051 676 3113 utin
699 3049 836 3114 Galliam
858 3051 1011 3130 venirent,
1035 3051 1099 3112 suis

148 3157 274 3222 quoque
296 3134 391 3198 rebus
414 3157 468 3199 eos
491 3137 600 3199 timere
622 3134 738 3217 voluit,
762 3159 857 3220 quum
879 3134 1100 3219 intellegerent

149 3231 181 3285 et
202 3241 296 3306 posse
326 3229 357 3283 ct
378 3219 495 3286 audere
525 3221 633 3305 populi
654 3222 788 3284 Romani
823 3221 997 3284 exercitum
1019 3218 1100 3284 Rhe·

148 3327 225 3369 num
247 3305 391 3369 transire.
435 3307 580 3369 Accessit
602 3307 705 3387 etiam,
736 3306 820 3390 quod
841 3304 897 3369 illa
918 3326 992 3388 pars
1016 3306 1101 3390 equi-

149 3399 231 3454 tatus
253 3389 420 3490 Usipetum
444 3400 475 3456 et
497 3391 737 3470 Tencterorum,
768 3413 860 3475 quam
890 3411 986 3473 supra
1019 3413 1100 3453 oom-

149 3495 324 3540 memoravr
354 3475 528 3560 praedandi
556 3475 830 3560 frumentandique
863 3496 959 3538 causa
979 3475 1099 3539 Mosam
