2532 3968
370 245 505 313 COMM.
528 243 607 312 VIII
629 243 723 312 CAP.
746 245 882 312 34-38.
1040 242 1104 311 209

172 420 332 484 erterritos
364 419 503 506 reliquos
529 419 622 484 facile
659 419 793 506 opprimi
821 439 931 505 posse,
972 439 1106 504 magnae

148 442 305 569 lelicitatis
328 527 399 570 esse
420 505 816 570 arbitrabaturneminem
843 527 884 570 ex
905 503 1003 568 caede
1024 505 1105 568 refir-

172 592 232 656 'sse
253 592 287 654 in
310 601 420 674 castra,
449 593 503 676 qui
532 591 571 655 de
600 599 730 676 accepta
758 590 935 656 calamitate
962 593 1106 654 nuntium

148 613 489 826 Crappetiulperferret.
534 675 599 742 Sed
626 679 660 740 in
681 676 884 763 ‚experiundo
907 698 1003 828 qpum
1024 678 1105 761 peri-

149 761 254 826 culum
276 785 298 827 n
345 786 398 827 um
420 763 551 846 videret,
575 766 747 911 equitatum
769 784 893 827 omnem
947 784 1105 826 ermanus-

27 863 31 874 ·
83 893 85 898 -
150 870 210 932 que
230 849 363 934 pedites,
386 871 527 913 summae
555 872 595 913 ve
609 851 731 914 ocitatis
758 849 910 929 homines,
940 848 981 912 ad
1002 857 1106 911 castra

148 934 285 998 hostium
305 935 492 1020 praemittit3
514 935 583 1021 ipse
601 933 759 1019 legionem
780 957 875 998 unam
896 936 930 998 in
950 935 1034 998 trina
1055 955 1106 998 oa-

148 1028 213 1082 stra
228 1019 394 1102 distribuit,
409 1019 540 1084 alteram
555 1042 663 1084 secum
678 1019 858 1104 expeditam
873 1018 966 1084 ducit.
1000 1017 1105 1098 Quum

147 1105 275 1191 propius
297 1105 403 1191 hostes
426 1107 627 1188 accessisset,
657 1105 698 1170 ab
729 1104 994 1191 exploratoribus,
1027 1127 1106 1190 quos

169 1191 363 1272 raemiserat²
391 1193 552 1276 cognoscit
573 1202 818 1274 castraeorum,
840 1203 876 1268 ut
895 1189 1107 1255 barbarorum

146 1213 214 1341 lere
251 1277 442 1342 consuetudo
472 1288 533 1359 est,
568 1277 686 1342 relictis
714 1276 792 1342 locis
822 1275 1035 1362 superioribus
1066 1276 1106 1340 ad

146 1363 232 1447 ripas
254 1361 392 1428 fluminis
414 1385 485 1427 esse
508 1364 660 1446 demissa;
683 1372 717 1427 at
731 1361 907 1428 Germanos
923 1363 1106 1448 equitesque

146 1447 396 1532 imprudentibus
419 1448 563 1514 omnibus
586 1449 626 1514 de
646 1450 818 1535 improviso
834 1447 1000 1512 advolasse
1015 1470 1105 1535 proe-

147 1531 286 1620 liumque
309 1535 512 1599 commisisse.
550 1533 623 1614 Qua
637 1557 671 1599 re
687 1536 813 1622 cognita
827 1533 984 1618 legionem
1006 1555 1106 1598 arma·

146 1630 212 1684 tam
233 1621 418 1684 instructam
440 1643 480 1684 ue
502 1620 638 1686 adducit.
681 1619 732 1683 Ita
745 1629 876 1705 repente
899 1618 1042 1684 omnibus
1065 1641 1107 1682 ex

146 1704 287 1790 partibus
311 1709 400 1794 signo
420 1644 496 1770 dato
518 1705 589 1771 loca
611 1707 772 1792 superiora
794 1706 969 1791 capiuntur.
1013 1702 1108 1783 Quod

145 1790 201 1856 ubi
221 1791 345 1874 accidit,
369 1789 520 1857 Germani
545 1794 730 1879 equitesque
753 1793 850 1876 signis
873 1789 1007 1876 legionis
1028 1791 1106 1855 visis

114 1945 118 1958 ι
146 1877 424 1943 vehementissime
445 1877 649 1964 proeliantur.
687 1875 860 1942 Confestim
882 1875 1028 1961 cohortes
1050 1898 1106 1940 un-

147 1961 243 2048 dique
277 1965 429 2050 impetum
465 1964 584 2028 faciunt
613 1962 822 2050 omnibusque
852 1970 906 2026 aut
934 1961 1106 2026 interfectis

147 2058 201 2112 aut
222 2051 322 2134 captis
343 2072 458 2135 magna
478 2048 598 2136 praeda
617 2051 788 2136 potiuntur.
823 2046 955 2134 Capitur
976 2049 1047 2134 ipse
1069 2069 1107 2112 eo

146 2134 266 2220 proelio
288 2135 445 2236 Drappes.
502 2215 503 2218 Ἴ
958 2141 960 2144 ’

210 2219 261 2285 37.
285 2219 437 2286 Canmius
452 2220 634 2286 felicissime
655 2245 690 2286 re
713 2231 804 2308 gesta
827 2224 894 2286 sine
916 2219 981 2286 ullo
1002 2241 1105 2306 paene

147 2305 256 2370 militis
283 2306 416 2372 vulnere
446 2307 487 2372 ad
516 2306 706 2372 obsidendos
736 2307 923 2392 oppidanos
938 2307 1107 2370 revertitur

147 2402 341 2480 externoque
361 2393 452 2458 hoste
475 2392 589 2475 deleto,
613 2394 701 2457 cuius
723 2394 836 2457 timore
857 2401 950 2456 antea
964 2390 1106 2457 dividere

169 2478 306 2543 raesidia
327 2489 359 2544 et
378 2480 552 2544 munitione
575 2478 749 2564 oppidanos
779 2478 973 2543 circumdare
1023 2477 1106 2542 rohi-

146 2501 231 2628 litus
247 2575 323 2640 erat,
347 2588 445 2651 opera
459 2565 599 2650 undique
613 2567 747 2651 imperat
761 2565 982 2629 administrari.
1041 2566 1106 2634 enit

147 2649 259 2716 eodem
281 2673 353 2715 eum
375 2654 440 2716 suis
455 2650 554 2737 copiis
593 2659 694 2717 ostero
710 2649 762 2714 die
778 2649 876 2716 Gaius
891 2649 1011 2716 Fabius
1033 2672 1106 2737 par·

147 2745 277 2823 temque
299 2735 408 2823 oppidi
430 2738 526 2800 sumit
547 2673 590 2800 ad
610 2734 828 2814 obsidendum.

210 2821 262 2886 38.
286 2820 405 2889 Caesar
425 2823 551 2886 interim
564 2821 608 2886 M.
624 2821 797 2888 Antonium
812 2831 1012 2910 quaestorem
1034 2843 1107 2886 oum

147 2906 328 2972 cohortibus
349 2915 402 2970 XV
423 2909 456 2973 in
477 2907 657 2973 Bellovacis
668 2908 826 2994 relinquit,
849 2932 890 2972 ne
913 2931 976 2994 qua
996 2917 1107 2972 mutus

146 3016 300 3059 novorum
335 2992 535 3058 consiliorum
577 2993 800 3078 capiendorum
831 2993 940 3080 Belgis
974 2992 1107 3057 facultas

147 3079 284 3145 daretur.
328 3077 402 3165 Ipse
428 3079 565 3165 reliquas
588 3081 730 3144 civitates
753 3079 827 3162 adit,
850 3079 976 3145 obsides
998 3077 1107 3164 plures

146 3167 289 3251 imperat,
312 3166 457 3228 timentes
480 3165 619 3230 omnium
640 3166 762 3230 animos
779 3165 991 3231 consolatione
1006 3174 1106 3228 sanat.

148 3249 253 3330 Quum
274 3253 308 3316 in
330 3249 485 3316 Carnutes
506 3251 655 3333 venisset,
680 3275 812 3338 quorum
822 3254 856 3314 in
871 3251 999 3316 civitate
1014 3271 1107 3334 supe·
1133 3317 1134 3320 ,

147 3337 231 3401 riore
254 3337 478 3402 commentario
501 3333 620 3400 Caesar
642 3339 787 3422 exposuit
801 3338 923 3400 initium
937 3334 1014 3400 belli
1035 3355 1107 3399 esse

147 3431 261 3504 ortum,
286 3421 370 3508 quod
386 3422 560 3574 praecipue
582 3443 636 3486 eos
651 3433 780 3573 propter
795 3423 1018 3487 conscientiam
1032 3420 1108 3484 facti
1138 3452 1141 3462 1

148 3509 258 3574 timere
281 3507 386 3574 anima
407 3517 496 3575 verte
520 3516 561 3592 at,
585 3529 647 3594 quo
666 3530 702 3574 ce
716 3509 798 3574 erius
814 3509 972 3662 civliqatem
993 3508 1106 3572 timore

192 3611 275 3652 caesar.
