2532 3968
158 171 251 242 LXII
496 177 753 247 PRAEFATIO.

161 353 246 430 ciue,
268 357 436 436 utrumque
457 359 588 434 utputo
612 371 652 414 cx
673 348 815 434 magistri
839 349 1109 434 interpretatione.
1180 404 1188 416 .

160 429 201 496 N.
222 441 254 497 ei
274 442 319 498 eis
338 443 373 515 s,
395 434 492 521 vulgo
519 441 632 500 sistet
657 441 767 514 ciues.
794 431 969 500 ediderunt
1033 493 1037 514 ¹.

179 575 182 580 '
225 557 262 625 O.
293 561 334 626 19
369 561 408 626 N.
438 583 479 627 ex
512 561 703 647 Elberlingii
735 563 916 626 coniectura
948 563 1107 626 exaravit:

159 649 354 726 Responsum
376 659 422 712 est
442 654 479 711 ot
502 655 600 714 ultera
615 662 708 728 porte
721 655 829 714 Aulum
850 653 1015 712 Varronem
1032 667 1110 728 pro·
1175 662 1180 672 ¹

157 738 243 808 fitero·
273 753 308 796 se
341 740 437 797 altero
467 739 516 797 die
545 740 588 798 od
618 740 811 812 conloquium
837 743 994 796 uenturum
1020 743 1110 811 etque

160 823 312 882 eundem
346 825 532 896 uisurum,
567 825 870 897 quemadmodum
906 828 985 882 tuto
1018 824 1111 896 leonte·

160 908 265 966 uenire
286 913 316 966 et
337 925 414 982 quoe
434 909 542 967 uellent
561 925 715 984 exponere
732 914 868 984 possent.
905 902 1011 967 Antea
1037 901 1108 966 cde

159 983 270 1050 batur:
294 999 383 1066 utque
404 1011 466 1052 uuo
489 996 576 1053 etium
597 995 746 1068 utrimque
767 995 925 1053 admodum
939 999 1002 1053 tuto
1017 994 1111 1066 leuati

160 1079 265 1136 uenire
292 1086 357 1138 cett.
394 1074 438 1137 At
466 1081 501 1136 ut
527 1072 591 1136 alia
619 1075 775 1155 omittam,
806 1095 886 1159 quae
913 1075 947 1136 in
975 1081 1110 1157 utraque

159 1154 332 1221 verborum
369 1158 573 1222 adornatione
607 1159 787 1245 displicent,
821 1159 978 1244 utrimque
1009 1157 1111 1222 verba

160 1241 255 1304 niuis
278 1242 444 1308 discedunt
466 1243 506 1308 ab
529 1245 583 1325 iis,
635 1265 695 1308 uae
722 1244 821 1308 Paris.
845 1263 917 1326 see,
940 1241 1034 1306 Vind.
1060 1263 1108 1327 pr.

161 1333 193 1388 et
214 1325 356 1414 plerique
379 1329 599 1414 Oudendorpii
614 1265 694 1392 libri
714 1327 846 1394 habent:
870 1341 960 1408 utque
980 1349 1042 1391 unu
1063 1335 1110 1391 eis

160 1420 319 1490 utrumque
350 1421 507 1479 admodum
533 1427 605 1478 tuto.
642 1413 710 1477 Ium
733 1416 760 1479 si
776 1422 994 1499 perputamus‚
1028 1413 1112 1476 inter

159 1492 292 1581 Pompei
315 1507 347 1562 et
365 1497 513 1582 Caesaris
529 1509 632 1563 castra
645 1500 863 1585 interpositum
877 1499 974 1562 inisse
988 1497 1111 1583 Apsum

160 1575 297 1663 fiumen,
326 1581 550 1671 Vatiniumque
578 1583 618 1648 ad
646 1587 749 1670 ripam
781 1585 911 1647 missum
940 1603 1027 1664 osse,
1055 1583 1111 1670 qui

161 1685 280 1750 magne
301 1689 389 1752 voce,
412 1680 448 1734 ut
469 1669 566 1755 legati
589 1669 628 1733 de
649 1691 727 1754 pace
741 1672 948 1751 mitterentur,
973 1689 1110 1753 pronun·

160 1750 266 1833 tieret,
283 1762 374 1817 extra
389 1750 518 1818 dubium
534 1775 604 1818 esse
618 1754 744 1818 videtur
758 1755 920 1835 rationem,
937 1775 1001 1840 qua
1013 1752 1110 1838 legati

161 1834 424 1922 colloquerentur,
447 1849 501 1903 aut
523 1861 591 1904 eam
613 1839 720 1922 finisse,
743 1849 777 1904 ut
798 1839 929 1904 alterius
951 1840 1110 1904 exercitus

161 1918 286 2006 legatus
315 1923 350 1986 in
376 1923 522 1989 hostilem
552 1925 654 2011 ripam
680 1926 959 2006 transmitteretur,
995 1931 1048 1986 aut
1076 1931 1111 1986 ut

161 2006 240 2070 navi
262 2008 329 2071 sive
351 2019 484 2096 uterque
507 2011 575 2074 sive
597 2009 680 2074 alter
695 2019 780 2074 certe
795 2009 824 2074 le
848 2019 917 2072 atus
931 2008 1109 2074 veheretur.

160 2089 231 2153 lam
258 2113 354 2176 quum
382 2097 469 2179 prior
496 2094 706 2159 conveniendi
736 2104 768 2159 et
800 2033 999 2180 colloquendi
1030 2095 1110 2156 ratio

161 2176 291 2241 minime
319 2201 357 2244 ca
386 2191 485 2263 esset,
516 2202 580 2266 qua
606 2189 684 2262 ,tuto
713 2179 812 2264 legati
839 2181 949 2244 venire
977 2188 1008 2242 et
1031 2199 1111 2264 quae

160 2260 283 2325 uellent
305 2285 465 2350 exponere
486 2267 682 2351 potuissent‘,
712 2287 775 2328 non
800 2265 861 2326 nisi
881 2263 915 2326 id
937 2271 1110 2348 supererat,

161 2353 197 2408 ut
218 2347 292 2410 navi
307 2358 479 2414 uterentur.
502 2349 601 2437 quue
618 2350 764 2415 Caesaris
778 2348 886 2413 verbis
902 2347 1111 2434 significatum

160 2429 269 2515 fiisse,
292 2457 333 2498 ex
347 2435 425 2520 ipsis
447 2436 519 2518 illis,
543 2457 624 2522 quae
647 2435 865 2520 supraposui,
889 2432 1040 2496 librorum
1057 2453 1111 2496 ve-

163 2516 266 2600 stigiis
296 2518 402 2606 colligi
429 2543 522 2606 posse
550 2521 691 2604 videtur,
723 2541 817 2605 quum
839 2518 951 2581 litteris
977 2538 1040 2581 uma
1064 2524 1112 2582 uis

163 2599 587 2670 subesseuouisvocabulum
599 2601 766 2669 admodum
779 2603 949 2667 verisimile
962 2604 1010 2666 sit
1028 2603 1111 2682 Qua·

161 2697 291 2836 propter
307 2689 458 2755 lacunosa
471 2689 571 2754 verba
587 2706 675 2768 etque
699 2712 762 2753 uuo
787 2696 832 2752 uia
867 2700 1024 2767 utrumque
1078 2688 1111 2752 in

185 2793 248 2838 unc
277 2776 403 2840 modum
424 2774 565 2860 explevi:
588 2789 675 2852 oeque
699 2782 773 2838 uoce·
786 2795 857 2838 esse
868 2785 1026 2838 uectorem
1041 2794 1111 2852 quo.

162 2858 275 2944 ltaque
297 2861 379 2924 hanc
401 2860 647 2928 enuntiationem
663 2860 823 2925 constitui:
847 2897 886 2906 -
910 2867 1016 2925 Aulum
1036 2865 1112 2924 Vor-

162 2965 267 3009 rouem
283 2953 428 3026 profiteri
448 2967 482 3009 se
504 2951 601 3010 dltere
623 2951 672 3010 die
694 2951 737 3010 ud
756 2952 936 3024 colloquium
956 2956 1114 3010 uenturum

162 3039 256 3110 utque
277 3037 370 3095 moui
398 3053 486 3095 esse
511 3042 735 3106 vecturum,
765 3052 834 3110 ouo
865 3037 1022 3094 admodum
1049 3039 1111 3094 tuto

163 3120 257 3194 leuati
276 3123 380 3180 uenire
401 3129 430 3181 et
451 3136 527 3197 quoe
549 3123 656 3180 uellent
676 3137 831 3197 exponere
852 3137 988 3196 possem.

229 3243 265 3309 O·
288 3245 507 3326 cononatus,
530 3244 720 3326 Antonium,
748 3245 801 3328 qui
819 3243 995 3328 legionibus
1010 3239 1112 3306 Brun·

164 3325 238 3394 disti
270 3330 389 3396 relictis
421 3341 583 3415 praeerat,
615 3327 784 3396 nonnullas
817 3329 1048 3396 transmittendi
1079 3330 1113 3393 in

165 3409 334 3478 Graeciam
355 3416 606 3510 praetermisisse
629 3415 821 3482 occasiones.
854 3412 933 3478 Inde
947 3416 1011 3496 iam
1033 3413 1114 3478 haec
