2562 3966
356 247 490 312 cortu
512 245 574 311 vu
596 223 846 312 omae-aa
930 318 931 324 Ν
1014 203 1086 310 rer

129 415 268 506 Caesare
302 417 601 501 demonstravimus,
635 395 819 483 sollicitatus
852 418 892 482 ab
921 418 1095 500 Arvernis«

127 504 262 588 pecunia
288 526 360 568 cum
382 503 569 589 quibusdam
596 502 848 570 adolescentibus
871 503 1072 589 colloquitur5

128 609 261 674 quorum
287 598 355 652 erat
380 592 528 675 princeps
550 587 710 655 Litavicus
738 599 831 676 atquo
859 591 925 653 eius
951 589 1072 670 fratres,

128 671 322 757 amplissima
342 673 462 738 familia
475 675 540 738 uati
562 673 787 739 adolescentes.
819 673 900 738 Cum
913 674 962 738 his
984 696 1071 758 prae·
1169 674 1171 679 ’

127 759 225 821 mium
239 761 448 823 communicat
464 757 679 845 hortaturque,
702 769 736 822 ut
751 781 785 822 se
800 758 917 823 liberos
933 768 964 823 et
977 761 1073 844 impe·

127 844 176 907 rio
197 853 287 909 natos
302 844 509 908 meminerint.
538 843 643 909 Unam
664 867 735 908 esse
749 844 952 910 Haeduorum
967 845 1073 908 civita·

127 936 209 1011 tem,
239 950 320 1015 quae
347 930 554 994 certissimam
576 926 700 994 Galliae
725 931 891 993 victoriam
920 930 1073 1010 detineat3

129 1014 196 1078 eius
207 1015 390 1078 auctoritate
404 1013 542 1098 reliquas
558 1017 724 1096 contineri3
741 1037 802 1100 qua
816 1013 961 1078 traducta
971 1013 1073 1080 locum

128 1099 319 1162 consistendi
340 1099 488 1164 Romanis
509 1101 544 1164 in
566 1098 672 1164 Gallia
691 1114 755 1164 nou
777 1099 852 1163 fore.
896 1099 977 1164 Esse
998 1123 1072 1166 non·

127 1183 215 1248 nullo
238 1206 272 1247 se
295 1183 441 1249 Caesaris
463 1183 617 1249 beneficio
644 1185 804 1266 affectum,
838 1186 883 1249 sic
904 1194 1018 1266 tamen,
1041 1199 1074 1247 ut

127 1269 330 1332 iustissimam
356 1268 440 1354 apud
462 1293 534 1334 eum
562 1293 689 1334 causam
711 1270 896 1352 obtinuerit3
926 1271 983 1334 sed
1002 1269 1073 1356 plus

129 1355 287 1417 communi
309 1353 445 1418 libertati
459 1355 606 1420 tribuere.
641 1354 705 1419 Cur
727 1358 810 1420 enim
825 1357 928 1441 potius
950 1355 1075 1420 Haedui

129 1439 169 1503 de
185 1461 241 1502 suo
263 1441 331 1504 iure
344 1450 378 1503 et
393 1439 432 1504 de
447 1439 571 1524 legibus
586 1439 628 1504 ad
643 1439 811 1504 Caesarem
825 1437 1073 1526 disceptatorem,

129 1547 224 1610 quam
238 1524 370 1605 Romarpi
390 1525 430 1589 ad
444 1525 596 1590 Haeduos
614 1525 765 1590 veniant?
795 1524 947 1590 Celeriter
971 1525 1073 1590 adole-

129 1609 289 1674 scentibus
305 1620 336 1674 et
350 1613 493 1675 oratione
506 1612 705 1694 magistratus
721 1619 753 1673 et
761 1612 905 1758 praemio
922 1611 1072 1690 deductis,

129 1717 226 1780 quum
241 1717 275 1758 se
289 1694 341 1758 vel
356 1697 513 1781 principes
537 1697 603 1760 eius
619 1695 741 1760 consilii
775 1718 828 1760 ore
845 1696 1074 1780 profiterentur,

127 1781 208 1843 ratio
230 1779 412 1864 perficiendi
457 1780 654 1861 uaerebatur,
677 1780 761 1867 quod
779 1781 938 1844 civitatem
959 1790 1075 1846 temere

128 1864 170 1927 ad
191 1865 425 1950 suscipiendum
471 1865 566 1930 ellum
596 1867 710 1930 adduci
735 1887 829 1950 posse
855 1887 919 1929 non
941 1865 1074 1930 confide·
1114 1941 1116 1945 y

13 2017 18 2023 ,
128 1949 215 2014 bant.
237 1949 369 2032 Placuit,
393 1961 427 2014 ut
440 1951 601 2016 Litavicus
624 1951 733 2015 decem
752 1951 815 2014 illis
837 1950 973 2034 milibus,
996 1975 1075 2036 quae

129 2033 260 2098 Caesari
280 2035 321 2099 ad
346 2035 465 2100 bellum
493 2038 704 2117 mitterentur,
733 2036 956 2121 praeficeretur
983 2047 1076 2122 atque
1180 2061 1186 2073 ¹

129 2141 169 2186 ea
194 2120 338 2184 ducenda
364 2132 504 2201 curaret,
537 2122 713 2208 fratresque
743 2123 810 2184 eius
839 2121 880 2185 ad
908 2121 1076 2186 Caesarem

127 2216 377 2289 praecurrerent.
434 2205 568 2293 Reliqua
602 2230 665 2293 qua
699 2209 820 2272 ratione
857 2208 909 2290 agi
940 2206 1075 2293 placeat

129 2291 330 2356 constituunt.

192 2375 244 2438 38.
266 2374 426 2441 Litavicus
441 2387 571 2462 accepto
588 2378 738 2458 exercitu,
757 2399 853 2462 quum
867 2375 955 2440 miha
968 2399 1075 2463 passu·

128 2481 183 2523 um
210 2462 335 2524 circiter
363 2468 442 2524 XXX
471 2462 511 2526 ab
540 2461 699 2548 Gergovia
727 2459 868 2544 abesset,
898 2463 1076 2526 convocatis

130 2545 234 2609 subito
249 2544 400 2610 militibus
422 2546 598 2629 lacrimans,
623 2547 693 2626 Quo
708 2546 944 2632 proficiscimur,
966 2547 1076 2633 inquit,

129 2629 266 2693 milites?
310 2629 422 2695 Omnis
444 2641 551 2696 noster
566 2634 731 2717 equitatus,
754 2633 855 2695 omnis
870 2631 1017 2695 nobilitas
1031 2635 1076 2695 in-

129 2715 230 2797 teriit3
263 2719 421 2801 principes
450 2718 598 2798 civitatis,
627 2716 825 2803 Eporedorix
852 2727 883 2780 et
903 2717 1077 2780 Viridoma-

129 2822 193 2880 rus,
216 2800 386 2864 insimulati
403 2801 588 2887 proditionis
611 2801 650 2866 ab
672 2803 821 2866 Romanis
843 2801 961 2866 indicta
982 2824 1078 2866 causa

129 2885 287 2948 interfecti
314 2897 394 2950 sunt.
438 2887 528 2950 Haec
556 2885 596 2951 ab
625 2889 701 2973 ipsis
730 2889 922 2972 cognoscite,
957 2887 1009 2973 qui
1038 2908 1078 2949 ex

130 2971 201 3054 ipsa
223 2970 319 3034 caede
333 2971 496 3056 fugerunt:
518 2995 592 3036 nam
614 2995 672 3056 ego
694 2972 842 3036 fratribus
864 2981 957 3056 atque
980 2973 1077 3034 omni-

129 3054 191 3117 bus
227 3057 306 3119 meis
338 3058 520 3142 propinquis
552 3058 724 3121 interfectis
761 3056 868 3121 dolore
900 3055 1076 3141 prohibeor,

131 3161 213 3224 quae
224 3149 315 3224 gesta
326 3151 398 3204 sunt
411 3144 623 3227 pronuntiare.
645 3142 864 3206 Producuntur
882 3143 913 3223 ii,
931 3163 1007 3227 quos
1023 3139 1077 3204 ille

132 3223 309 3306 edocuerat,
332 3249 412 3310 quae
430 3227 493 3291 dici
506 3227 612 3308 vellet,
635 3238 728 3313 atque
751 3227 870 3307 eadem,
894 3248 973 3311 quae
994 3225 1078 3289 Lita-

131 3311 220 3372 vious
235 3313 500 3394 pronuntiaverat,
516 3313 707 3376 multitudini
718 3321 894 3396 exponunt:
911 3313 1032 3397 equites
1048 3322 1079 3375 et

131 3393 247 3458 multos
258 3395 461 3462 Haeduorum
472 3397 669 3480 interfectos,
678 3398 762 3484 quod
773 3397 919 3460 collocuti
934 3419 1004 3460 cum
1018 3395 1078 3460 Ar·

132 3482 237 3546 vernis
253 3479 445 3562 dicerentur3
468 3487 552 3568 ipsos
565 3485 692 3554 seinter
702 3482 932 3548 multitudinem
946 3481 1078 3545 militum

176 3583 190 3620 C
192 3593 253 3620 eeeee
253 3616 256 3621 .
838 3568 874 3629 11
