2532 3968
163 208 226 276 212
269 169 275 186 “
418 207 481 274 on
502 209 646 277 senno
669 207 860 276 estmoe

169 384 367 450 sustinebant
389 387 502 451 animo.
547 386 610 450 Res
638 386 723 449 enim
744 381 913 469 gerebatur
941 387 973 446 et
994 381 1120 446 excelso

168 470 238 535 loco
276 481 307 534 et
335 472 368 534 in
401 480 570 557 conspectu
597 471 753 534 exercitus
781 469 898 550 nostri,
924 489 1120 554 magnusque

165 558 324 642 utrimque
356 555 475 621 clamor
496 555 662 622 oriebatur.
697 555 746 619 Ita
768 557 909 641 quisque,
934 561 1028 638 prout
1053 563 1121 618 erat

164 644 301 706 maxime
323 641 465 728 insignis,
489 664 550 730 quo
572 643 675 707 notior
696 642 901 725 testatiorque
915 641 1014 702 virtus
1037 649 1120 704 esset

165 729 243 808 sius,
265 726 336 790 telis
358 727 495 792 hostium
516 729 725 812 flammaeque
747 749 781 791 se
804 725 964 791 offerebat.

228 811 280 876 43.
304 810 423 878 Caesar
456 836 552 900 quum
580 813 759 899 complures
790 833 863 876 suos
892 810 1054 876 vulnerari
1076 812 1120 875 vi·
1229 856 1233 866 ,

165 898 262 980 deret,
286 919 327 960 ex
348 898 492 963 omnibus
515 899 623 984 oppidi
643 898 788 986 partibus
816 896 961 962 cohortes
983 905 1121 962 montem

165 984 337 1048 ascendere
370 994 401 1048 ot
434 983 634 1049 simulatione
672 985 833 1050 moenium
869 981 1121 1068 occupandorum

165 1069 337 1134 clamorem
358 1069 496 1157 undique
520 1069 609 1135 iubet
629 1069 749 1134 tollere.
795 1067 866 1148 Quo
898 1067 981 1132 facto
1003 1076 1120 1153 perter-

165 1156 219 1218 riti
240 1155 399 1240 oppidani,
424 1179 528 1256 quum,
552 1155 627 1243 quid
649 1165 795 1241 ageretur
822 1156 856 1218 in
877 1151 956 1218 locis
981 1153 1121 1240 reliquis,

166 1251 274 1305 essent
297 1262 455 1326 suspensl,
478 1251 629 1308 revocant
660 1240 701 1305 ab
723 1238 945 1327 impugnandis
973 1241 1121 1325 operibus

166 1335 306 1390 armatos
328 1329 489 1414 murisque
512 1327 690 1412 disponunt.
734 1327 784 1391 Ita
804 1326 903 1391 nostri
924 1325 987 1389 fine
1009 1325 1123 1410 proelii

165 1411 249 1498 facto
273 1409 418 1475 celeriter
440 1434 537 1498 opera
558 1413 686 1478 flamma
701 1411 928 1499 comprehensa
942 1411 1057 1496 partim
1072 1433 1122 1475 re·

166 1498 343 1582 stinguunt,
371 1499 486 1583 partim
507 1499 749 1564 interscindunt.
794 1497 899 1577 Quum
920 1498 1124 1583 pertinaciter

165 1575 350 1646 resisterent
373 1583 532 1668 oppidani,
555 1607 671 1670 magna
693 1586 788 1650 etiam
817 1592 908 1670 parte
931 1584 1047 1646 amissa
1070 1583 1122 1647 siti

167 1690 296 1733 suorum
318 1669 352 1730 in
375 1671 531 1750 sententia
552 1675 783 1756 permanerent,
807 1670 848 1734 ad
862 1678 1056 1755 postremum
1071 1691 1124 1734 cu·

166 1753 280 1818 niculis
302 1777 404 1818 venae
435 1757 529 1819 fontis
557 1757 724 1821 intercisae
758 1767 831 1821 sunt
859 1767 954 1841 atque
983 1773 1123 1820 aversae.

168 1837 239 1918 Quo
261 1839 344 1904 facto
366 1851 517 1926 repente
542 1844 667 1906 erennis
690 1845 814 1906 exaruit
842 1842 912 1905 fons
941 1850 1061 1906 tantam
1084 1863 1124 1905 ue

166 1923 271 1988 attulit
292 1926 456 2010 oppidanis
479 1865 589 1991 salitis
612 1928 872 2014 desperationem,
895 1935 930 1990 ut
943 1926 977 1990 id
991 1949 1055 1991 non
1063 1864 1123 1992 bo-

166 2011 287 2074 minum
310 2012 449 2095 consilio,
473 2013 530 2076 sed
552 2013 684 2078 deoru'm
705 2014 867 2078 voluntate
888 2013 1005 2076 factum
1035 2022 1124 2098 puta·

166 2105 246 2158 rent.
290 2095 402 2182 Itaque
425 2120 459 2161 se
480 2105 669 2162 necessitate
692 2101 793 2162 coacti
815 2097 1020 2161 tradiderunt.

231 2180 292 2244 44,
308 2179 436 2266 Caesar,
460 2207 557 2268 quum
572 2207 661 2248 suam
675 2184 837 2250 lenitatem
852 2184 1010 2268 cognitam
1025 2185 1123 2250 omni-

165 2265 226 2331 bus
262 2269 355 2331 sciret
394 2291 498 2355 neque
530 2282 711 2352 vereretur,
749 2292 789 2333 ne
827 2269 901 2354 quid
938 2269 1124 2335 crudelitate

165 2362 298 2417 naturae
331 2353 491 2418 videretur
525 2357 666 2441 asperius
699 2354 832 2437 fecisse,
870 2377 974 2439 neque
1004 2357 1124 2420 exitum

166 2438 366 2502 consiliorum
394 2461 522 2504 suorum
551 2441 830 2522 animadverteret,
861 2441 887 2503 si
914 2439 972 2504 tali
1002 2444 1123 2508 ratione

166 2523 301 2588 diversis
323 2525 357 2587 in
378 2523 455 2588 locis
485 2526 592 2610 plures
625 2525 757 2590 consilia
786 2528 938 2608 inissent,
977 2526 1123 2612 exemplo

167 2609 313 2695 supplicii
346 2609 549 2676 deterrendos
585 2612 724 2698 reliquos
762 2613 962 2677 existimavit.
1013 2611 1124 2698 Itaque

165 2694 322 2776 omnibus,
346 2697 399 2780 qui
422 2719 509 2760 arma
530 2695 676 2780 tulerant,
704 2721 815 2762 manus
837 2697 993 2784 praecidit
1013 2699 1120 2762 vitam·

164 2802 228 2928 pue
250 2782 413 2863 concessit,
438 2805 498 2868 quo
519 2787 661 2848 testatior
683 2794 768 2848 esset
781 2805 885 2871 poena
899 2782 1122 2870 improborum.

199 2887 321 2950 rappes,
346 2889 439 2951 quem
462 2879 588 2954 captum
612 2893 682 2935 esse
705 2893 724 2934 a
747 2869 880 2934 Caninio
914 2870 1025 2952 docui,
1056 2871 1124 2932 sive

166 2952 353 3036 indignitate
375 2962 407 3016 et
429 2953 538 3020 dolore
561 2957 760 3022 vinculorum
783 2959 850 3021 sive
873 2957 986 3019 timere
1001 2957 1123 3040 gravio-

164 3039 210 3100 ris
233 3036 379 3122 supplicii
403 3042 517 3186 paucis
546 3041 657 3106 diebus
680 3043 751 3107 cibo
788 3063 822 3105 se
852 3041 1005 3106 abstinuit
1032 3051 1125 3127 atque

167 3124 212 3186 ita
232 3124 359 3187 interiit.
434 3125 526 3190 odem
555 3139 695 3214 tempore
723 3127 899 3210 Lucterius,
931 3148 1025 3212 quem
1053 3149 1124 3212 pro-

166 3207 285 3292 fugisse
307 3231 348 3274 ex
370 3210 490 3295 proelio
513 3215 634 3298 scripsi,
669 3236 765 3300 quum
791 3215 825 3275 in
852 3220 1041 3298 potestatem
1071 3235 1124 3276 ve·

167 3295 266 3356 nisset
286 3294 461 3378 Epasnacti
481 3297 619 3364 Arverni
635 3297 761 3387 (crebro
778 3299 861 3364 enim
876 3297 1035 3362 mutandis
1047 3296 1124 3363 locis

166 3377 335 3442 multorum
355 3381 431 3444 fidei
453 3403 487 3446 se
510 3385 740 3466 committebat,
764 3384 848 3472 quod
876 3406 1033 3469 nusquam
1059 3383 1125 3448 diu-

166 3463 228 3524 tius
258 3465 325 3528 sine
352 3467 494 3550 periculo
527 3481 777 3536 commoraturus
813 3469 995 3553 videbatur,
1030 3491 1126 3558 quum
