2538 3978
196 195 263 264 168
458 196 590 264 BELLI
612 197 912 264 Anuxeunuml

193 370 292 454 venit,
313 370 465 471 oppidani
479 368 637 455 supplices
660 391 695 433 se
709 368 838 435 Vatinio
859 369 1058 454 dediderunt,
1075 391 1181 437 com·

194 457 340 541 peritque
360 479 465 541 ipsum
492 455 660 520 Octavium
710 457 795 519 arvis
823 457 997 543 paucisque
1018 459 1177 542 navigiis

194 549 290 606 vento
319 540 458 605 secundo
484 540 646 624 regionem
743 541 831 604 eciae
862 541 989 625 petisse,
1019 541 1097 606 inde
1133 554 1177 605 ut

195 624 346 707 Siciliam,
383 624 498 690 deinde
532 623 674 690 Africam
710 633 847 710 caperet.
883 625 934 690 Ita
968 624 1174 690 brevissimo

196 711 296 774 satio
322 732 358 775 re
385 709 638 796 praeclarissime
665 718 756 796 gesta
782 711 947 795 provincia
973 720 1106 796 recepta
1136 720 1174 774 et

225 794 366 860 ornificio
387 794 522 876 reddita,
545 793 648 860 classe
669 795 924 861 adversariorum
950 817 992 859 ex
1012 795 1068 859 illo
1092 805 1172 861 toto

199 882 270 944 sinu
292 879 426 966 expulsa
446 883 548 945 victor
570 903 604 946 se
625 881 830 946 Brundisium
843 880 994 946 incolumi
1015 881 1171 944 exercitu

195 974 228 1030 et
248 963 351 1030 classe
371 965 502 1051 recepit

257 1049 310 1114 48.
331 1049 376 1116 lis
398 1061 505 1116 autem
518 1052 723 1138 temporibus,
745 1049 858 1138 quibus
874 1048 996 1114 Caesar
1016 1049 1058 1114 ad
1072 1049 1170 1136 Dyr-

194 1134 359 1200 rhachium
379 1137 565 1222 Pompeium
587 1137 756 1203 obsidebat
777 1145 809 1202 et
829 1135 1067 1222 Palaepharsali
1088 1157 1168 1200 rem

195 1219 329 1284 feliciter
342 1221 475 1307 gerebat
488 1222 765 1309 Alexandriaeque
777 1243 874 1309 quum
888 1220 1029 1306 periculo
1040 1242 1167 1304 magno

195 1306 379 1370 tumetium
400 1309 519 1373 maiore
563 1307 675 1372 ericuli
695 1309 781 1372 fama
801 1305 981 1387 dimicabat,
1016 1305 1053 1385 Q.
1079 1305 1165 1370 Oas-

196 1391 261 1454 sius
288 1391 456 1477 Longinus·
480 1395 514 1458 in
540 1331 699 1479 llispania
727 1400 949 1479 propraetore
970 1389 1163 1477 provinciae

195 1473 353 1540 ulterioris
376 1476 565 1543 obtinendae
587 1501 684 1544 causa
702 1478 831 1543 relictus
847 1479 914 1541 sive
930 1475 1164 1541 consuetudine

194 1567 325 1626 naturae
354 1584 430 1627 suae
460 1565 527 1630 sive
560 1564 642 1648 odio,
694 1564 758 1628 uod
789 1565 823 1628 in
851 1562 939 1626 illam
959 1562 1162 1647 provinciam

196 1655 377 1747 susceperat
398 1660 544 1734 quaestor
559 1672 599 1715 ex
617 1588 740 1714 insidiis
754 1650 802 1714 ibi
814 1646 1008 1729 vulneratus,
1023 1668 1161 1731 magnas

195 1731 260 1798 odu
281 1733 330 1796 sui
351 1732 470 1798 fecerat
492 1737 703 1817 accessiones,
726 1735 812 1821 quod
825 1732 879 1798 vel
901 1754 941 1795 ex
963 1733 1161 1796 conscientia

195 1838 262 1900 sua,
286 1840 381 1904 quum
403 1816 444 1882 de
466 1841 500 1884 se
522 1830 630 1886 mutuo
646 1822 764 1885 sentire
785 1818 983 1906 provinciam
998 1816 1159 1899 crederet,

193 1900 247 1968 vel
268 1901 374 1968 multis
396 1905 494 2055 effipia
520 1915 552 1971 et
566 1907 752 1972 testimoniis
768 1926 887 1986 eorum,
911 1903 965 1988 qui
987 1901 1160 1966 difficulter·

194 1987 267 2054 odie
303 1988 411 2053 dissim
466 1990 552 2074 bant,
589 1993 728 2058 animum
760 1991 925 2056 advertere
957 1995 1089 2073 poterat,
1123 1996 1159 2050 et

194 2094 400 2159 compensare
430 2078 635 2143 offensionem
663 2077 846 2163 provinciae
868 2074 1026 2138 exercitus
1048 2093 1158 2139 amore

194 2158 351 2243 cupiebat.
366 2159 486 2248 ltaque,
510 2185 606 2250 quum
621 2167 758 2250 primum
779 2164 813 2226 in
827 2181 925 2226 unum
946 2156 1051 2223 locum
1066 2179 1156 2221 exer·

194 2243 292 2306 citum
328 2246 489 2330 conduxit,
527 2253 688 2316 sestertios
733 2256 882 2314 centenos
917 2242 1070 2307 militibus
1107 2251 1158 2306 est

193 2327 351 2476 pollicitus
374 2353 435 2396 nec
455 2333 554 2399 madto
581 2345 663 2420 post,
687 2355 784 2421 quum
804 2335 838 2396 in
860 2330 1025 2393 Lusitania
1045 2327 1155 2392 Medo-

216 2435 325 2499 regam
347 2437 365 2480 o
388 2417 496 2501 pidum
524 2429 726 2507 montemque
755 2417 954 2482 Herminium
977 2435 1156 2500 expugnas—

195 2507 252 2580 set,
268 2521 329 2585 quo
379 2502 610 2590 edobregenses
631 2507 848 2590 confugerant,
863 2501 910 2565 ibi
930 2521 971 2564 ue
985 2501 1029 2562 im
1052 2509 1156 2562 erator

195 2593 280 2648 esset
310 2585 494 2672 appellatus,
525 2593 677 2656 sestertiis
707 2591 849 2655 centenis
877 2586 918 2649 m'
935 2587 992 2649 'tes
1037 2585 1153 2649 onavit.

193 2668 295 2734 Multa
323 2682 491 2757 praeterea
519 2687 551 2742 et
572 2699 689 2762 magna
717 2676 859 2761 praemia
885 2669 1018 2756 singulis
1041 2692 1152 2734 conce-

193 2753 305 2842 debat3
328 2779 409 2843 quae
436 2765 613 2847 speciosum
640 2760 816 2829 reddebant
841 2765 1041 2844 praesentem
1063 2777 1151 2819 exer·

193 2842 274 2906 citus
296 2864 443 2928 amorem,
466 2849 618 2933 paulatim
639 2857 745 2913 tamen
775 2856 806 2910 et
834 2841 957 2911 occulte
984 2840 1152 2904 militarem

193 2925 393 3012 disciplinam
415 2935 678 3020 severitatemque
699 2930 892 2996 minuebant.

256 3013 307 3076 49.
331 3013 460 3082 Cassius
488 3017 666 3105 legionibus
693 3019 727 3082 in
758 3016 893 3081 hiberna
919 3012 1079 3099 dispositis
1111 3009 1151 3074 ad

192 3095 242 3161 ius
271 3099 439 3166 dicendum
468 3103 649 3171 Cordubam
679 3125 713 3168 se
745 3103 866 3189 recepit
895 3106 1150 3182 contractumque

192 3183 226 3247 in
254 3205 292 3248 ea
319 3207 373 3250 aes
401 3186 538 3255 alienum
567 3190 762 3276 gravissimis
792 3185 940 3252 oneribus
969 3183 1150 3269 provinciae

193 3271 355 3334 constituit
382 3274 563 3362 exsolvere3
593 3286 625 3342 et
653 3285 688 3340 ut
714 3273 889 3362 largitionis
917 3269 1058 3357 postulat
1078 3288 1149 3331 con-

192 3355 336 3438 suetudo,
368 3381 427 3444 per
460 3383 605 3437 causam,
620 3361 818 3428 liberalitatis
852 3358 1027 3444 speciosam
1058 3355 1148 3441 plura

193 3437 334 3523 largitori
362 3448 602 3529 quaerebantur.
630 3447 788 3514 Pecuniae
815 3441 1025 3530 locupletibus
1053 3445 1144 3527 impe
