2490 3974
162 281 225 362 aas
355 363 357 372 χ
415 277 545 346 eamr
558 277 860 370 meraumusrs

162 463 228 518 rat:
250 454 342 518 Initio
364 462 555 555 quaesturae
572 475 647 519 suae
663 473 734 518 eam
747 453 944 540 provinciam
959 473 1000 516 ex
1014 453 1115 520 omni·

162 540 222 605 bus
244 538 415 628 provineris
438 539 498 604 sibi
519 538 713 626 peculiarem
736 537 935 606 constituisse
957 545 997 621 et,
1031 561 1117 626 quae

161 629 315 713 potuisset
337 648 374 692 eo
396 635 550 712 tempore,
572 624 727 690 beneficia
748 625 895 711 largitum
917 643 1001 707 esse;
1031 625 1116 690 inse·

163 713 271 797 quenti
286 722 434 799 praetura
449 711 597 797 ampliato
612 710 730 777 honore
746 711 922 797 vectigalia,
946 731 1026 796 quae
1046 710 1116 774 Me-

162 797 255 864 tellus
278 799 490 884 imposuisset,
527 806 681 862 asenatu
712 797 830 884 petisse
858 806 889 862 et
919 818 957 861 aa
976 798 1115 882 pecunia
1156 844 1159 851 .

160 886 356 971 provinciam
378 884 538 968 liberasse,
573 883 728 971 simulque
760 885 933 969 patrocinio
957 890 1114 968 'suscepto

162 970 266 1034 multis
309 970 339 1034 le
363 968 518 1036 ationibus
562 968 616 1034 ab¹
640 991 675 1034 se
714 971 748 1033 in
791 980 934 1034 senatum
976 967 1113 1032 inductis

163 1055 256 1120 simul
277 995 411 1143 publicis
432 1055 627 1141 privatisque
661 1057 763 1119 causis
786 1055 955 1120 multorum
983 1057 1115 1120 inimici·

162 1142 213 1206 tiis
236 1143 391 1227 susceptis
414 1140 609 1223 defendisse3
640 1162 697 1206 suo
720 1141 793 1205 item
815 1143 849 1205 in
871 1141 1035 1206 consulatu
1058 1139 1117 1204 ab·

162 1237 291 1309 sentem,
309 1249 390 1313 quae
402 1228 563 1314 potuisset,
577 1223 741 1292 commoda
754 1228 935 1312 provinciae
946 1225 1114 1290 tribuisse:

162 1335 269 1378 eorum
301 1314 439 1379 omnium
475 1311 709 1378 commodorum
739 1322 771 1377 et
791 1314 989 1378 immemores
1012 1321 1044 1376 et
1065 1314 1114 1376 in-

162 1407 266 1485 gratos
287 1400 320 1461 in
343 1421 377 1464 se
400 1408 431 1464 et
452 1400 485 1462 in
506 1397 658 1484 populum
689 1397 865 1463 Romamn]
891 1397 951 1463 hoo
972 1397 1058 1463 bello
1082 1408 1115 1460 et

161 1487 332 1570 praeterito
354 1494 495 1571 tempore
518 1505 678 1570 cognosse.
722 1485 788 1549 Vos
817 1487 885 1549 iure
907 1485 1048 1568 gentium
1071 1486 1132 1569 οἰχ

162 1591 309 1657 mumque
329 1569 541 1636 Romanorum
563 1571 712 1634 institutis
735 1571 868 1656 cognitis
889 1591 978 1634 more
999 1569 1111 1633 barba·
1218 1571 1221 1578 '

161 1679 267 1722 rorum
303 1656 411 1744 populi
454 1656 588 1720 Romani
630 1677 682 1719 ma
705 1655 865 1720 'stratibus
903 1656 1109 1721 saerosanctis

162 1763 272 1806 manus
296 1741 392 1806 semel
415 1750 446 1805 et
468 1743 594 1827 saepius
618 1751 683 1806 attu
699 1742 765 1805 'stis
787 1751 819 1806 et
840 1740 911 1806 luce
934 1740 1019 1805 clara
1034 1739 1108 1804 Gas-

161 1829 242 1892 sium
263 1829 296 1892 in
318 1827 421 1892 medio
443 1827 511 1893 foro
533 1828 653 1892 nefarie
675 1825 854 1891 interficere
868 1825 1020 1892 voluistis.
1042 1825 1109 1890 Vos

161 1915 205 1978 ita
226 1933 336 1998 paoem
360 1935 484 2062 semper
506 1913 625 1995 odistis,
647 1921 682 1976 ut
703 1911 791 1976 nullo
813 1921 954 2060 tempore
968 1910 1108 1998 legiones

161 1997 279 2063 desitne
301 1999 409 2084 populi
453 2001 558 2064 omani
571 2000 605 2062 in
619 1999 681 2062 hae
694 1998 860 2083 provincia
895 1997 992 2062 aberi.
1015 1995 1109 2083 Apud

160 2106 217 2149 vos
238 2085 394 2164 beneficia
414 2107 472 2169 pro
494 2083 668 2166 maleficiis,
690 2082 847 2149 maleficia
867 2105 925 2170 pro
946 2082 1108 2150 benefieiis

161 2168 326 2234 habentur.
363 2169 412 2233 Ita
440 2191 543 2254 neque
566 2171 599 2232 in
621 2170 684 2233 otio
718 2167 919 2238 coneordiam
952 2191 1055 2257 neque
1076 2171 1108 2232 in

160 2253 244 2318 bello
265 2255 413 2319 virtutem
433 2254 498 2319 ullo
520 2263 662 2340 tempore
683 2256 819 2319 retinere
851 2255 1005 2339 potuistis.
1041 2253 1108 2319 Pri-

107 2349 108 2352 ’
158 2349 250 2404 vatus
273 2359 313 2402 ex
333 2341 409 2426 fuga
432 2338 489 2404 On.
512 2339 681 2426 Pompeius
704 2339 890 2404 adolescens
913 2339 1037 2404 avobis
1059 2361 1107 2404 re·

139 2435 267 2511 'ceptus
288 2423 391 2490 fasces
412 2427 640 2511 imperiumque
670 2424 731 2489 sibi
762 2425 824 2490 arti
846 2426 901 2508 uit,
934 2425 1041 2489 multis
1061 2425 1106 2488 in·

106 2569 109 2575 .
159 2510 297 2575 terfeetis
320 2509 441 2576 civibus
464 2510 582 2578 auxilia
609 2520 719 2574 eontra
749 2533 811 2596 pop
846 2533 899 2576 um
930 2510 1106 2575 Romanum

160 2597 362 2682 comparavit,
386 2617 477 2682 agros
499 2597 759 2682 provinciamque
780 2605 886 2660 vestro
902 2596 1040 2681 impulsu
1055 2597 1106 2661 de·

158 2679 329 2768 populavit.
366 2681 404 2744 In
427 2703 488 2769 quo
509 2705 567 2747 vos
596 2685 732 2746 victores
765 2680 1019 2746 existimabatis?
1054 2682 1105 2748 An

158 2788 208 2830 me
231 2765 334 2830 deleto
356 2771 419 2831 non
443 2766 741 2832 animadvertebatis
765 2765 897 2854 [decem]
920 2767 1042 2832 babere
1062 2765 1105 2832 ls-

157 2853 276 2937 giones'
289 2852 438 2937 populum
461 2852 646 2935 Romanrnn,
702 2874 763 2918 uae
794 2875 859 2917 non
892 2851 993 2915 solum
1015 2851 1106 2917 vobis

159 2935 322 3018 obsistere,
346 2937 517 3016 sedetiam
540 2937 662 3004 coelum
707 2940 714 2955 ’
756 2959 808 3002 ere
835 2938 987 3022 possent?
1025 2937 1106 3014 Qua·

123 3099 124 3104 γ
158 3043 226 3086 nrm
248 3019 394 3086 laudibus
417 3033 447 3086 et
468 3025 584 3087 virtute
600 3071 730 3086 ......

286 3227 287 3236 Ν
523 3186 554 3239 52
685 3193 687 3199 ¹

455 3129 818 3532 GMWAED

529 3379 730 3424 ..ἻΓ-

306 3479 312 3487 ,
541 3438 591 3484 ΓΙ)
609 3442 741 3526 usgaggi}
