2562 3970
480 206 734 274 PRAEFATIO.
919 204 1094 272 LXXXIX

146 385 200 440 sut
221 377 249 440 si
270 399 305 440 re
328 377 442 442 infecta
465 377 517 444 ille
538 377 689 456 redierat,
712 377 794 440 hanc
815 399 882 440 rem
903 376 942 440 ab
965 385 1092 442 auctore

147 465 360 526 commentarii
373 461 496 528 silentio
507 485 577 528 esse
588 465 849 546 praetermissam.
862 461 971 546 ltaque
983 460 1092 543 verba,

148 545 253 631 qualia
280 546 370 610 libris
397 548 602 632 praebentur,
632 548 798 610 sanissima
825 557 904 622 sunt,
933 567 1035 631 neque
1056 554 1092 612 ut

148 630 238 694 aliter
259 641 392 696 statuam
416 633 584 718 quidquam
613 631 797 716 Nipperdeii
823 630 922 695 verbu
953 638 1091 712 movent,

149 738 242 799 quum
263 718 401 802 ineptum
425 741 495 784 esse
521 719 595 782 dicit
624 718 761 797 ,navium
790 737 953 780 numerum
975 715 1016 778 ed
1037 735 1091 801 po·

149 801 309 864 steriorem
336 825 403 866 rem
432 803 539 866 datum
567 801 721 866 declarari
752 804 784 864 in
813 802 915 884 priore
944 823 978 864 re
1004 797 1091 864 nullo

148 886 256 969 posito,
281 889 371 972 quasi
394 887 434 950 ad
456 899 663 952 commeatum
679 885 901 952 arcessendum
924 883 1092 948 autnullas

147 991 242 1032 naves
264 967 424 1036 habuisset
439 984 492 1036 aut
514 971 611 1036 alium
625 977 809 1036 numerum!
842 970 949 1032 Alium
963 971 1092 1036 navium

146 1076 311 1118 numerum
334 1057 374 1120 ad
391 1068 597 1122 commeatum
619 1057 842 1120 arcessendum
859 1055 1023 1120 Rabirium
1036 1054 1091 1118 ha·

145 1139 269 1217 buisse,
297 1165 359 1206 non
388 1153 452 1206 tam
481 1145 622 1228 ineptum
672 1165 743 1204 uam
770 1143 818 1204 rei
846 1151 1092 1206 consentaneum

144 1223 284 1297 videtum
308 1228 367 1290 nisi
392 1229 475 1291 enim
503 1228 611 1291 decem
639 1165 711 1290 iiius
740 1249 837 1292 naves
867 1224 986 1308 longas,
1010 1247 1092 1311 quae

142 1309 195 1392 ,acl
217 1331 303 1375 mare
318 1312 468 1376 tuendum
483 1313 523 1375 ab
538 1313 691 1376 hostibus‘
707 1311 798 1376 datae
815 1321 916 1392 erant,
939 1331 1091 1374 vacuas

142 1393 296 1458 militibus
305 1397 402 1460 fuisse
410 1398 548 1470 facimus,
562 1400 668 1462 nescio
686 1399 735 1460 cui
753 1399 821 1460 usui
838 1397 969 1458 fuissent
985 1394 1090 1458 militi-

142 1503 201 1546 uus
227 1481 400 1565 completae
422 1505 503 1546 novo
520 1485 706 1546 commeatui
729 1480 921 1561 devehendo,
944 1482 1006 1543 nisi
1026 1503 1091 1545 una

139 1568 255 1630 missus
279 1577 362 1632 esset
382 1590 553 1632 vacuarum
576 1569 704 1630 navium
725 1587 882 1630 numerus.

127 1669 133 1680 ·
205 1652 291 1714 Infra
313 1653 345 1714 in
368 1652 477 1716 eodem
507 1674 575 1738 cap.
607 1652 645 1716 N.
676 1652 715 1716 de
745 1653 924 1715 coniectura
946 1651 1088 1735 scripsitz

139 1743 225 1802 Haec
253 1745 295 1800 tta
328 1743 495 1817 imperabat
520 1747 697 1822 unicuique,
732 1746 786 1800 tta,
796 1741 1022 1816 praecipiebat,
1046 1741 1092 1799 ati

135 1830 210 1898 fieri
230 1843 305 1886 acu
323 1844 441 1902 posse
463 1845 584 1901 aeque
606 1830 701 1886 locam
724 1830 879 1887 excusatio
903 1827 1012 1883 altum
1034 1827 1088 1883 ta·

138 1914 223 1971 beret
238 1929 294 1970 acc
308 1916 656 1986 morumvterptuersatc'o.
673 1907 764 1972 Haec
776 1905 986 1990 displicerent,
1012 1906 1038 1969 si
1053 1904 1088 1968 li-

138 1991 269 2056 brorum
282 1994 465 2056 auctoritate
478 1993 659 2073 niterentur,
674 2014 801 2076 prorsus
816 1989 993 2054 abiicienda
1007 1999 1088 2066 sunt,

139 2099 237 2160 quum
246 2077 338 2140 etiam
350 2076 650 2161 longiusalibrorum
659 2075 978 2191 scripturarecedant.
989 2074 1088 2140 Codd.

139 2163 226 2226 enim
248 2159 348 2224 Paris.
372 2184 434 2225 sec.
450 2162 539 2226 Leid.
556 2186 601 2247 pr.
618 2162 701 2226 Scal.
718 2163 825 2224 tuias.
841 2162 977 2245 itemque
993 2159 1087 2224 Vind.

138 2269 185 2331 pr.
216 2248 418 2310 consentiunt
450 2249 481 2310 in
509 2247 617 2310 verbis
647 2257 692 2311 att
720 2255 790 2322 fieri
817 2258 924 2326 posset
955 2267 1011 2310 acc
1039 2267 1086 2313 ne.

139 2354 222 2416 quae
245 2330 337 2396 facile
360 2332 574 2415 emendantur,
598 2356 693 2418 quum
715 2331 836 2395 voculis
861 2352 917 2395 uec
938 2331 1030 2394 acin
1051 2353 1089 2396 nc

138 2438 194 2480 acc
216 2418 417 2500 transpositis
447 2416 576 2480 scribis:
604 2425 685 2482 Haec
707 2424 749 2480 tta
777 2422 941 2495 imperabat
969 2424 1088 2480 unicui-

139 2523 210 2578 que,
244 2509 286 2564 ita
316 2509 543 2582 praecipiebat,
581 2511 625 2566 uti
649 2509 720 2580 fieri
738 2513 914 2581 possent,
951 2523 995 2564 uc
1017 2523 1088 2566 aec

138 2591 235 2650 lacum
265 2595 422 2650 excusatio
461 2595 582 2652 attam
611 2594 732 2651 taceret
762 2608 818 2650 acc
850 2607 962 2650 moram
995 2594 1088 2664 terpi-

139 2679 280 2734 nasutio.

203 2754 239 2818 0.
265 2754 304 2819 18
328 2778 423 2841 quum
446 2755 616 2821 dictionem
643 2765 753 2840 ,trustes
781 2770 852 2837 post
881 2762 984 2820 cottcm
1013 2763 1087 2820 aeit-

140 2847 216 2902 cere‘
247 2841 302 2902 vix
331 2849 416 2902 recte
446 2841 563 2904 habere
594 2843 778 2917 existimem,
810 2841 909 2922 edidi,
939 2841 1087 2924 quemad·

139 2923 265 2988 modum
287 2926 320 2987 in
342 2923 422 2988 libro
452 2926 545 2989 vind.
577 2929 727 3011 scriptum
757 2936 821 2990 est:
852 2940 941 3004 atquc
968 2938 1085 3004 puncto

139 3017 281 3087 temporis
308 3017 446 3074 hostibus
473 3018 554 3074 nullo
589 3019 708 3089 acpotto
736 3033 841 3091 cumpo
866 3017 984 3091 pulsis,
1013 3023 1088 3089 post

139 3099 238 3157 colle
261 3101 386 3158 detectis
408 3103 493 3158 nacti
514 3104 609 3160 locam
632 3110 721 3174 atquc
751 3102 793 3159 ibt
816 3103 977 3175 paulisper
1006 3116 1086 3160 com·

138 3187 245 3241 morati
266 3202 291 3242 e.
316 3202 343 3258 q.
367 3203 392 3242 s.
416 3179 455 3242 cf.
477 3180 560 3244 infra
582 3202 608 3244 o.
631 3177 691 3244 40:
721 3187 864 3260 Scipione
889 3189 1012 3260 eiusque
1034 3201 1086 3244 co·

136 3265 199 3333 pits
222 3284 325 3343 campo
350 3271 534 3343 collibusque
557 3273 739 3345 exturbatis,
765 3287 792 3328 o.
815 3265 872 3328 69:
896 3273 970 3329 leuis
985 3285 1086 3330 arma·

140 3351 207 3486 ἕνα
232 3353 360 3494 qustum
386 3355 468 3414 nullo
499 3360 617 3429 acpotto
641 3359 707 3416 loco
730 3357 825 3430 pulsa
848 3365 875 3414 et
904 3358 1019 3415 deiecta
1041 3359 1087 3414 est

162 3473 174 3487 ,
197 3449 232 3494 ca
255 3454 279 3495 e.
