<?xml version="1.0" encoding="UTF-8"?>
<!DOCTYPE html PUBLIC "-//W3C//DTD XHTML 1.0 Transitional//EN"
    "http://www.w3.org/TR/xhtml1/DTD/xhtml1-transitional.dtd">
<html xmlns="http://www.w3.org/1999/xhtml" xml:lang="en" lang="en">
 <head>
  <title>
</title>
<meta http-equiv="Content-Type" content="text/html;charset=utf-8" />
  <meta name='ocr-system' content='tesseract 3.04.00' />
  <meta name='ocr-capabilities' content='ocr_page ocr_carea ocr_par ocr_line ocrx_word'/>
</head>
<body>
  <div class='ocr_page' id='page_1' title='image "./ciuliicaesarisc01hirtgoog_0223.png"; bbox 0 0 2532 3968; ppageno 0'>
   <div class='ocr_carea' id='block_1_1' title="bbox 147 212 848 283">
    <p class='ocr_par' dir='ltr' id='par_1_1' title="bbox 147 212 848 283">
     <span class='ocr_line' id='line_1_1' title="bbox 147 212 848 283; baseline 0.001 -4"><span class='ocrx_word' id='word_1_1' title='bbox 147 213 212 279; x_wconf 77' lang='lat'><strong>202</strong></span> <span class='ocrx_word' id='word_1_2' title='bbox 406 216 468 283; x_wconf 80' lang='lat' dir='ltr'><strong>DE</strong></span> <span class='ocrx_word' id='word_1_3' title='bbox 488 214 633 281; x_wconf 83' lang='lat' dir='ltr'><strong>BELLO</strong></span> <span class='ocrx_word' id='word_1_4' title='bbox 655 212 848 281; x_wconf 79' lang='lat' dir='ltr'>GALLIOO</span> 
     </span>
    </p>
   </div>
   <div class='ocr_carea' id='block_1_2' title="bbox 73 386 1198 2789">
    <p class='ocr_par' dir='ltr' id='par_1_2' title="bbox 148 386 1107 455">
     <span class='ocr_line' id='line_1_2' title="bbox 148 386 1107 455; baseline 0 -5"><span class='ocrx_word' id='word_1_5' title='bbox 148 387 291 452; x_wconf 85' lang='lat' dir='ltr'><strong>stimaret</strong></span> <span class='ocrx_word' id='word_1_6' title='bbox 326 386 435 454; x_wconf 85' lang='lat' dir='ltr'><strong>hostes</strong></span> <span class='ocrx_word' id='word_1_7' title='bbox 471 391 581 455; x_wconf 90' lang='lat' dir='ltr'><strong>nuntio</strong></span> <span class='ocrx_word' id='word_1_8' title='bbox 618 396 749 454; x_wconf 89' lang='lat' dir='ltr'><strong>acceto</strong></span> <span class='ocrx_word' id='word_1_9' title='bbox 788 386 893 452; x_wconf 89' lang='lat' dir='ltr'><strong>locum</strong></span> <span class='ocrx_word' id='word_1_10' title='bbox 933 393 1107 454; x_wconf 87' lang='lat' dir='ltr'><strong>castrorum</strong></span> 
     </span>
    </p>

    <p class='ocr_par' dir='ltr' id='par_1_3' title="bbox 73 411 1114 1397">
     <span class='ocr_line' id='line_1_3' title="bbox 147 411 1106 561; baseline -0.003 -24"><span class='ocrx_word' id='word_1_11' title='bbox 147 471 322 555; x_wconf 91' lang='lat' dir='ltr'><strong>relicturos,</strong></span> <span class='ocrx_word' id='word_1_12' title='bbox 346 497 428 561; x_wconf 90' lang='lat' dir='ltr'><strong>quae</strong></span> <span class='ocrx_word' id='word_1_13' title='bbox 450 497 513 540; x_wconf 92' lang='lat' dir='ltr'><strong>non</strong></span> <span class='ocrx_word' id='word_1_14' title='bbox 535 474 660 561; x_wconf 86' lang='lat' dir='ltr'><strong>longius</strong></span> <span class='ocrx_word' id='word_1_15' title='bbox 676 411 717 538; x_wconf 71' lang='lat' dir='ltr'><strong>ab</strong></span> <span class='ocrx_word' id='word_1_16' title='bbox 740 495 779 538; x_wconf 90' lang='lat' dir='ltr'><strong>ea</strong></span> <span class='ocrx_word' id='word_1_17' title='bbox 794 472 891 537; x_wconf 89' lang='lat' dir='ltr'><strong>caede</strong></span> <span class='ocrx_word' id='word_1_18' title='bbox 907 472 1020 538; x_wconf 89' lang='lat' dir='ltr'><strong>abesse</strong></span> <span class='ocrx_word' id='word_1_19' title='bbox 1034 471 1106 558; x_wconf 88' lang='lat' dir='ltr'><strong>plus</strong></span> 
     </span>
     <span class='ocr_line' id='line_1_4' title="bbox 146 557 1104 642; baseline -0.002 -20"><span class='ocrx_word' id='word_1_20' title='bbox 146 559 250 623; x_wconf 79' lang='lat' dir='ltr'><strong>minus</strong></span> <span class='ocrx_word' id='word_1_21' title='bbox 274 568 344 624; x_wconf 88' lang='lat' dir='ltr'><strong>octo</strong></span> <span class='ocrx_word' id='word_1_22' title='bbox 366 559 494 626; x_wconf 91' lang='lat' dir='ltr'><strong>milibus</strong></span> <span class='ocrx_word' id='word_1_23' title='bbox 517 560 717 642; x_wconf 86' lang='lat' dir='ltr'><strong>dicebantur,</strong></span> <span class='ocrx_word' id='word_1_24' title='bbox 751 559 877 623; x_wconf 87' lang='lat' dir='ltr'><strong>tametsi</strong></span> <span class='ocrx_word' id='word_1_25' title='bbox 897 557 1028 622; x_wconf 88' lang='lat' dir='ltr'><strong>flumine</strong></span> <span class='ocrx_word' id='word_1_26' title='bbox 1049 559 1104 621; x_wconf 89' lang='lat' dir='ltr'><strong>im·</strong></span> 
     </span>
     <span class='ocr_line' id='line_1_5' title="bbox 146 644 1106 730; baseline -0.003 -20"><span class='ocrx_word' id='word_1_27' title='bbox 146 645 290 730; x_wconf 89' lang='lat' dir='ltr'><strong>peditum</strong></span> <span class='ocrx_word' id='word_1_28' title='bbox 310 648 478 711; x_wconf 82' lang='lat' dir='ltr'><strong>transitum</strong></span> <span class='ocrx_word' id='word_1_29' title='bbox 499 645 645 728; x_wconf 86' lang='lat' dir='ltr'><strong>videbat,</strong></span> <span class='ocrx_word' id='word_1_30' title='bbox 668 657 775 710; x_wconf 89' lang='lat' dir='ltr'><strong>tamen</strong></span> <span class='ocrx_word' id='word_1_31' title='bbox 797 646 939 709; x_wconf 83' lang='lat' dir='ltr'><strong>exercitu</strong></span> <span class='ocrx_word' id='word_1_32' title='bbox 961 644 1106 710; x_wconf 87' lang='lat' dir='ltr'><strong>traducto</strong></span> 
     </span>
     <span class='ocr_line' id='line_1_6' title="bbox 146 730 1106 880; baseline -0.004 -84"><span class='ocrx_word' id='word_1_33' title='bbox 146 730 357 816; x_wconf 81' lang='lat' dir='ltr'><strong>progreditur.</strong></span> <span class='ocrx_word' id='word_1_34' title='bbox 372 732 416 796; x_wconf 90' lang='lat' dir='ltr'><strong>At</strong></span> <span class='ocrx_word' id='word_1_35' title='bbox 426 732 590 797; x_wconf 87' lang='lat' dir='ltr'><strong>Bellovaci</strong></span> <span class='ocrx_word' id='word_1_36' title='bbox 600 731 806 880; x_wconf 82' lang='lat' dir='ltr'><strong>reliquaeque</strong></span> <span class='ocrx_word' id='word_1_37' title='bbox 818 731 962 795; x_wconf 86' lang='lat' dir='ltr'><strong>civitates</strong></span> <span class='ocrx_word' id='word_1_38' title='bbox 973 737 1106 816; x_wconf 88' lang='lat' dir='ltr'><strong>repente</strong></span> 
     </span>
     <span class='ocr_line' id='line_1_7' title="bbox 147 813 1107 906; baseline -0.003 -25"><span class='ocrx_word' id='word_1_39' title='bbox 147 838 189 881; x_wconf 86' lang='lat' dir='ltr'><strong>ex</strong></span> <span class='ocrx_word' id='word_1_40' title='bbox 210 817 286 904; x_wconf 87' lang='lat' dir='ltr'><strong>fuga</strong></span> <span class='ocrx_word' id='word_1_41' title='bbox 306 819 418 903; x_wconf 84' lang='lat' dir='ltr'><strong>paucis</strong></span> <span class='ocrx_word' id='word_1_42' title='bbox 440 828 535 906; x_wconf 89' lang='lat' dir='ltr'><strong>etque</strong></span> <span class='ocrx_word' id='word_1_43' title='bbox 557 818 606 882; x_wconf 90' lang='lat' dir='ltr'><strong>his</strong></span> <span class='ocrx_word' id='word_1_44' title='bbox 620 841 664 881; x_wconf 90' lang='lat' dir='ltr'><strong>vu</strong></span> <span class='ocrx_word' id='word_1_45' title='bbox 677 819 796 881; x_wconf 87' lang='lat' dir='ltr'><strong>neratis</strong></span> <span class='ocrx_word' id='word_1_46' title='bbox 813 817 961 902; x_wconf 82' lang='lat' dir='ltr'><strong>receptis,</strong></span> <span class='ocrx_word' id='word_1_47' title='bbox 985 817 1041 902; x_wconf 89' lang='lat' dir='ltr'><strong>qui</strong></span> <span class='ocrx_word' id='word_1_48' title='bbox 1055 813 1107 878; x_wconf 91' lang='lat' dir='ltr'><strong>sil·</strong></span> 
     </span>
     <span class='ocr_line' id='line_1_8' title="bbox 144 900 1106 988; baseline -0.004 -21"><span class='ocrx_word' id='word_1_49' title='bbox 144 924 258 967; x_wconf 87' lang='lat' dir='ltr'><strong>varum</strong></span> <span class='ocrx_word' id='word_1_50' title='bbox 268 902 423 969; x_wconf 89' lang='lat' dir='ltr'><strong>beneficio</strong></span> <span class='ocrx_word' id='word_1_51' title='bbox 436 926 544 968; x_wconf 90' lang='lat' dir='ltr'><strong>casum</strong></span> <span class='ocrx_word' id='word_1_52' title='bbox 555 904 760 985; x_wconf 88' lang='lat' dir='ltr'><strong>evitaverant,</strong></span> <span class='ocrx_word' id='word_1_53' title='bbox 776 903 904 988; x_wconf 84' lang='lat' dir='ltr'><strong>cognite</strong></span> <span class='ocrx_word' id='word_1_54' title='bbox 919 900 1106 982; x_wconf 76' lang='lat' dir='ltr'><strong>calamitate,</strong></span> 
     </span>
     <span class='ocr_line' id='line_1_9' title="bbox 146 981 1114 1073; baseline -0.005 -20"><span class='ocrx_word' id='word_1_55' title='bbox 146 988 293 1054; x_wconf 86' lang='lat' dir='ltr'><strong>omnibus</strong></span> <span class='ocrx_word' id='word_1_56' title='bbox 315 988 468 1072; x_wconf 86' lang='lat' dir='ltr'><strong>adversis,</strong></span> <span class='ocrx_word' id='word_1_57' title='bbox 491 989 657 1054; x_wconf 82' lang='lat' dir='ltr'><strong>interfecto</strong></span> <span class='ocrx_word' id='word_1_58' title='bbox 679 987 808 1071; x_wconf 82' lang='lat' dir='ltr'><strong>Correo,</strong></span> <span class='ocrx_word' id='word_1_59' title='bbox 832 989 948 1052; x_wconf 86' lang='lat' dir='ltr'><strong>amisso</strong></span> <span class='ocrx_word' id='word_1_60' title='bbox 965 981 1114 1073; x_wconf 68' lang='lat' dir='ltr'><strong>equitatu</strong></span> 
     </span>
     <span class='ocr_line' id='line_1_10' title="bbox 73 1073 1106 1162; baseline -0.004 -24"><span class='ocrx_word' id='word_1_61' title='bbox 73 1075 76 1081; x_wconf 84' lang='lat'>&#39;</span> <span class='ocrx_word' id='word_1_62' title='bbox 127 1083 178 1138; x_wconf 88' lang='lat' dir='ltr'><strong>et</strong></span> <span class='ocrx_word' id='word_1_63' title='bbox 203 1075 381 1140; x_wconf 81' lang='lat' dir='ltr'><strong>fortissimis</strong></span> <span class='ocrx_word' id='word_1_64' title='bbox 409 1074 585 1162; x_wconf 85' lang='lat' dir='ltr'><strong>peditibus,</strong></span> <span class='ocrx_word' id='word_1_65' title='bbox 618 1096 715 1160; x_wconf 90' lang='lat' dir='ltr'><strong>quum</strong></span> <span class='ocrx_word' id='word_1_66' title='bbox 744 1074 919 1139; x_wconf 86' lang='lat' dir='ltr'><strong>adventare</strong></span> <span class='ocrx_word' id='word_1_67' title='bbox 946 1073 1106 1136; x_wconf 85' lang='lat' dir='ltr'><strong>Romanos</strong></span> 
     </span>
     <span class='ocr_line' id='line_1_11' title="bbox 146 1158 1106 1246; baseline -0.007 -20"><span class='ocrx_word' id='word_1_68' title='bbox 146 1161 379 1244; x_wconf 84' lang='lat' dir='ltr'><strong>existimarent,</strong></span> <span class='ocrx_word' id='word_1_69' title='bbox 414 1161 548 1228; x_wconf 89' lang='lat' dir='ltr'><strong>concilio</strong></span> <span class='ocrx_word' id='word_1_70' title='bbox 576 1170 707 1246; x_wconf 91' lang='lat' dir='ltr'><strong>repente</strong></span> <span class='ocrx_word' id='word_1_71' title='bbox 735 1167 829 1224; x_wconf 89' lang='lat' dir='ltr'><strong>cantu</strong></span> <span class='ocrx_word' id='word_1_72' title='bbox 857 1158 1006 1223; x_wconf 87' lang='lat' dir='ltr'><strong>tuberum</strong></span> <span class='ocrx_word' id='word_1_73' title='bbox 1033 1177 1106 1221; x_wconf 93' lang='lat' dir='ltr'><strong>con·</strong></span> 
     </span>
     <span class='ocr_line' id='line_1_12' title="bbox 145 1243 1105 1332; baseline -0.007 -22"><span class='ocrx_word' id='word_1_74' title='bbox 145 1253 259 1312; x_wconf 85' lang='lat' dir='ltr'><strong>vocato</strong></span> <span class='ocrx_word' id='word_1_75' title='bbox 282 1246 497 1330; x_wconf 87' lang='lat' dir='ltr'><strong>conclamant,</strong></span> <span class='ocrx_word' id='word_1_76' title='bbox 527 1246 625 1332; x_wconf 85' lang='lat' dir='ltr'><strong>legati</strong></span> <span class='ocrx_word' id='word_1_77' title='bbox 654 1245 845 1332; x_wconf 84' lang='lat' dir='ltr'><strong>obsidesque</strong></span> <span class='ocrx_word' id='word_1_78' title='bbox 867 1243 909 1308; x_wconf 89' lang='lat' dir='ltr'><strong>ed</strong></span> <span class='ocrx_word' id='word_1_79' title='bbox 932 1243 1105 1308; x_wconf 82' lang='lat' dir='ltr'><strong>Caesarem</strong></span> 
     </span>
     <span class='ocr_line' id='line_1_13' title="bbox 144 1333 316 1397; baseline -0.012 0"><span class='ocrx_word' id='word_1_80' title='bbox 144 1333 316 1397; x_wconf 79' lang='lat' dir='ltr'><strong>mittantur.</strong></span> 
     </span>
    </p>

    <p class='ocr_par' dir='ltr' id='par_1_4' title="bbox 142 1409 1198 2618">
     <span class='ocr_line' id='line_1_14' title="bbox 211 1409 1106 1484; baseline -0.007 -2"><span class='ocrx_word' id='word_1_81' title='bbox 211 1417 263 1482; x_wconf 80' lang='lat'><strong>21.</strong></span> <span class='ocrx_word' id='word_1_82' title='bbox 286 1418 358 1483; x_wconf 93' lang='lat' dir='ltr'><strong>Hoc</strong></span> <span class='ocrx_word' id='word_1_83' title='bbox 373 1417 518 1484; x_wconf 89' lang='lat' dir='ltr'><strong>omnibus</strong></span> <span class='ocrx_word' id='word_1_84' title='bbox 556 1418 666 1484; x_wconf 86' lang='lat' dir='ltr'><strong>robato</strong></span> <span class='ocrx_word' id='word_1_85' title='bbox 682 1409 813 1484; x_wconf 82' lang='lat' dir='ltr'><strong>consilio</strong></span> <span class='ocrx_word' id='word_1_86' title='bbox 829 1414 992 1482; x_wconf 81' lang='lat' dir='ltr'><strong>Commius</strong></span> <span class='ocrx_word' id='word_1_87' title='bbox 1014 1412 1106 1477; x_wconf 89' lang='lat' dir='ltr'><strong>Atre·</strong></span> 
     </span>
     <span class='ocr_line' id='line_1_15' title="bbox 143 1441 1106 1594; baseline -0.006 -26"><span class='ocrx_word' id='word_1_88' title='bbox 143 1503 202 1594; x_wconf 88' lang='lat' dir='ltr'><strong>bas</strong></span> <span class='ocrx_word' id='word_1_89' title='bbox 224 1503 266 1568; x_wconf 87' lang='lat' dir='ltr'><strong>ad</strong></span> <span class='ocrx_word' id='word_1_90' title='bbox 288 1527 342 1570; x_wconf 88' lang='lat' dir='ltr'><strong>eos</strong></span> <span class='ocrx_word' id='word_1_91' title='bbox 364 1505 503 1590; x_wconf 83' lang='lat' dir='ltr'><strong>confugit</strong></span> <span class='ocrx_word' id='word_1_92' title='bbox 524 1441 718 1587; x_wconf 62' lang='lat' dir='ltr'><strong>(iomanes,</strong></span> <span class='ocrx_word' id='word_1_93' title='bbox 747 1527 767 1568; x_wconf 89' lang='lat' dir='ltr'><strong>a</strong></span> <span class='ocrx_word' id='word_1_94' title='bbox 788 1502 902 1591; x_wconf 89' lang='lat' dir='ltr'><strong>quibus</strong></span> <span class='ocrx_word' id='word_1_95' title='bbox 925 1502 966 1567; x_wconf 89' lang='lat' dir='ltr'><strong>ad</strong></span> <span class='ocrx_word' id='word_1_96' title='bbox 986 1499 1021 1564; x_wconf 91' lang='lat' dir='ltr'><strong>id</strong></span> <span class='ocrx_word' id='word_1_97' title='bbox 1040 1498 1106 1564; x_wconf 91' lang='lat' dir='ltr'><strong>bel-</strong></span> 
     </span>
     <span class='ocr_line' id='line_1_16' title="bbox 144 1586 1108 1675; baseline -0.004 -22"><span class='ocrx_word' id='word_1_98' title='bbox 144 1588 211 1655; x_wconf 88' lang='lat' dir='ltr'><strong>lum</strong></span> <span class='ocrx_word' id='word_1_99' title='bbox 232 1590 352 1655; x_wconf 89' lang='lat' dir='ltr'><strong>auxilia</strong></span> <span class='ocrx_word' id='word_1_100' title='bbox 374 1599 534 1655; x_wconf 85' lang='lat' dir='ltr'><strong>mutuatus</strong></span> <span class='ocrx_word' id='word_1_101' title='bbox 557 1600 633 1655; x_wconf 86' lang='lat' dir='ltr'><strong>erat.</strong></span> <span class='ocrx_word' id='word_1_102' title='bbox 671 1588 779 1656; x_wconf 74' lang='lat' dir='ltr'><strong>Ceteri</strong></span> <span class='ocrx_word' id='word_1_103' title='bbox 797 1589 965 1675; x_wconf 85' lang='lat' dir='ltr'><strong>evestigio</strong></span> <span class='ocrx_word' id='word_1_104' title='bbox 980 1586 1108 1650; x_wconf 83' lang='lat' dir='ltr'><strong>mittunt</strong></span> 
     </span>
     <span class='ocr_line' id='line_1_17' title="bbox 144 1674 1198 1764; baseline -0.004 -24"><span class='ocrx_word' id='word_1_105' title='bbox 144 1675 187 1740; x_wconf 83' lang='lat' dir='ltr'><strong>ad</strong></span> <span class='ocrx_word' id='word_1_106' title='bbox 202 1674 376 1742; x_wconf 81' lang='lat' dir='ltr'><strong>Caesarem</strong></span> <span class='ocrx_word' id='word_1_107' title='bbox 398 1675 520 1763; x_wconf 88' lang='lat' dir='ltr'><strong>legatos</strong></span> <span class='ocrx_word' id='word_1_108' title='bbox 543 1685 734 1764; x_wconf 85' lang='lat' dir='ltr'><strong>petuntque,</strong></span> <span class='ocrx_word' id='word_1_109' title='bbox 757 1683 793 1740; x_wconf 90' lang='lat' dir='ltr'><strong>ut</strong></span> <span class='ocrx_word' id='word_1_110' title='bbox 808 1697 847 1740; x_wconf 89' lang='lat' dir='ltr'><strong>ea</strong></span> <span class='ocrx_word' id='word_1_111' title='bbox 860 1695 965 1761; x_wconf 89' lang='lat' dir='ltr'><strong>poena</strong></span> <span class='ocrx_word' id='word_1_112' title='bbox 979 1675 1020 1738; x_wconf 89' lang='lat' dir='ltr'><strong>sit</strong></span> <span class='ocrx_word' id='word_1_113' title='bbox 1035 1694 1107 1738; x_wconf 90' lang='lat' dir='ltr'><strong>con·</strong></span> <span class='ocrx_word' id='word_1_114' title='bbox 1194 1701 1198 1710; x_wconf 62' lang='lat'>¹</span> 
     </span>
     <span class='ocr_line' id='line_1_18' title="bbox 143 1760 1106 1849; baseline -0.002 -24"><span class='ocrx_word' id='word_1_115' title='bbox 143 1770 249 1827; x_wconf 89' lang='lat' dir='ltr'><strong>tentus</strong></span> <span class='ocrx_word' id='word_1_116' title='bbox 271 1761 423 1845; x_wconf 90' lang='lat' dir='ltr'><strong>hostium,</strong></span> <span class='ocrx_word' id='word_1_117' title='bbox 447 1785 543 1849; x_wconf 89' lang='lat' dir='ltr'><strong>quam</strong></span> <span class='ocrx_word' id='word_1_118' title='bbox 566 1763 593 1826; x_wconf 90' lang='lat' dir='ltr'><strong>si</strong></span> <span class='ocrx_word' id='word_1_119' title='bbox 615 1763 683 1826; x_wconf 88' lang='lat' dir='ltr'><strong>sine</strong></span> <span class='ocrx_word' id='word_1_120' title='bbox 705 1761 906 1826; x_wconf 83' lang='lat' dir='ltr'><strong>dimicatione</strong></span> <span class='ocrx_word' id='word_1_121' title='bbox 928 1761 1046 1826; x_wconf 89' lang='lat' dir='ltr'><strong>inferre</strong></span> <span class='ocrx_word' id='word_1_122' title='bbox 1060 1760 1106 1823; x_wconf 93' lang='lat' dir='ltr'><strong>in-</strong></span> 
     </span>
     <span class='ocr_line' id='line_1_19' title="bbox 143 1845 1108 1934; baseline 0 -24"><span class='ocrx_word' id='word_1_123' title='bbox 143 1850 240 1934; x_wconf 88' lang='lat' dir='ltr'><strong>tegris</strong></span> <span class='ocrx_word' id='word_1_124' title='bbox 269 1857 392 1934; x_wconf 90' lang='lat' dir='ltr'><strong>posset,</strong></span> <span class='ocrx_word' id='word_1_125' title='bbox 443 1869 479 1911; x_wconf 93' lang='lat' dir='ltr'><strong>ro</strong></span> <span class='ocrx_word' id='word_1_126' title='bbox 505 1870 564 1912; x_wconf 85' lang='lat' dir='ltr'><strong>sua</strong></span> <span class='ocrx_word' id='word_1_127' title='bbox 593 1847 760 1912; x_wconf 89' lang='lat' dir='ltr'><strong>clementia</strong></span> <span class='ocrx_word' id='word_1_128' title='bbox 789 1856 886 1934; x_wconf 87' lang='lat' dir='ltr'><strong>atque</strong></span> <span class='ocrx_word' id='word_1_129' title='bbox 910 1845 1108 1910; x_wconf 79' lang='lat' dir='ltr'><strong>humanitate</strong></span> 
     </span>
     <span class='ocr_line' id='line_1_20' title="bbox 143 1870 1106 2020; baseline -0.002 -23"><span class='ocrx_word' id='word_1_130' title='bbox 143 1955 317 2020; x_wconf 83' lang='lat' dir='ltr'><strong>numquam</strong></span> <span class='ocrx_word' id='word_1_131' title='bbox 355 1870 498 2020; x_wconf 69' lang='lat' dir='ltr'><strong>proldoto</strong></span> <span class='ocrx_word' id='word_1_132' title='bbox 522 1943 605 1998; x_wconf 89' lang='lat' dir='ltr'><strong>esset</strong></span> <span class='ocrx_word' id='word_1_133' title='bbox 641 1933 795 1998; x_wconf 85' lang='lat' dir='ltr'><strong>illaturus.</strong></span> <span class='ocrx_word' id='word_1_134' title='bbox 849 1933 996 2014; x_wconf 87' lang='lat' dir='ltr'><strong>Afflictas</strong></span> <span class='ocrx_word' id='word_1_135' title='bbox 1030 1953 1106 2016; x_wconf 87' lang='lat' dir='ltr'><strong>opes</strong></span> 
     </span>
     <span class='ocr_line' id='line_1_21' title="bbox 144 2018 1111 2106; baseline -0.009 -20"><span class='ocrx_word' id='word_1_136' title='bbox 144 2021 285 2106; x_wconf 86' lang='lat' dir='ltr'><strong>equestri</strong></span> <span class='ocrx_word' id='word_1_137' title='bbox 305 2018 425 2105; x_wconf 91' lang='lat' dir='ltr'><strong>proelio</strong></span> <span class='ocrx_word' id='word_1_138' title='bbox 447 2019 691 2084; x_wconf 88' lang='lat' dir='ltr'><strong>Bellovacorum</strong></span> <span class='ocrx_word' id='word_1_139' title='bbox 713 2041 801 2102; x_wconf 89' lang='lat' dir='ltr'><strong>eese;</strong></span> <span class='ocrx_word' id='word_1_140' title='bbox 838 2018 1032 2083; x_wconf 88' lang='lat' dir='ltr'><strong>delectorum</strong></span> <span class='ocrx_word' id='word_1_141' title='bbox 1053 2039 1111 2102; x_wconf 52' lang='lat' dir='ltr'><strong>pe—</strong></span> 
     </span>
     <span class='ocr_line' id='line_1_22' title="bbox 145 2103 1106 2188; baseline -0.005 -19"><span class='ocrx_word' id='word_1_142' title='bbox 145 2104 245 2169; x_wconf 92' lang='lat' dir='ltr'><strong>ditum</strong></span> <span class='ocrx_word' id='word_1_143' title='bbox 272 2105 373 2170; x_wconf 87' lang='lat' dir='ltr'><strong>multa</strong></span> <span class='ocrx_word' id='word_1_144' title='bbox 401 2105 490 2170; x_wconf 88' lang='lat' dir='ltr'><strong>milia</strong></span> <span class='ocrx_word' id='word_1_145' title='bbox 518 2106 679 2187; x_wconf 85' lang='lat' dir='ltr'><strong>interisse,</strong></span> <span class='ocrx_word' id='word_1_146' title='bbox 712 2106 770 2168; x_wconf 86' lang='lat' dir='ltr'><strong>vix</strong></span> <span class='ocrx_word' id='word_1_147' title='bbox 795 2104 951 2188; x_wconf 70' lang='lat' dir='ltr'><strong>redigisse</strong></span> <span class='ocrx_word' id='word_1_148' title='bbox 978 2103 1106 2167; x_wconf 89' lang='lat' dir='ltr'><strong>nuntios</strong></span> 
     </span>
     <span class='ocr_line' id='line_1_23' title="bbox 144 2185 1106 2277; baseline -0.004 -22"><span class='ocrx_word' id='word_1_149' title='bbox 144 2190 262 2256; x_wconf 89' lang='lat' dir='ltr'><strong>caedis.</strong></span> <span class='ocrx_word' id='word_1_150' title='bbox 285 2190 406 2266; x_wconf 85' lang='lat' dir='ltr'><strong>Tamen</strong></span> <span class='ocrx_word' id='word_1_151' title='bbox 420 2213 580 2277; x_wconf 89' lang='lat' dir='ltr'><strong>magnum,</strong></span> <span class='ocrx_word' id='word_1_152' title='bbox 597 2193 679 2254; x_wconf 92' lang='lat' dir='ltr'><strong>utin</strong></span> <span class='ocrx_word' id='word_1_153' title='bbox 694 2198 782 2254; x_wconf 86' lang='lat' dir='ltr'><strong>tanta</strong></span> <span class='ocrx_word' id='word_1_154' title='bbox 797 2189 985 2271; x_wconf 84' lang='lat' dir='ltr'><strong>calamitate,</strong></span> <span class='ocrx_word' id='word_1_155' title='bbox 1001 2185 1106 2252; x_wconf 90' lang='lat' dir='ltr'><strong>Bello·</strong></span> 
     </span>
     <span class='ocr_line' id='line_1_24' title="bbox 143 2271 1108 2365; baseline -0.005 -25"><span class='ocrx_word' id='word_1_156' title='bbox 143 2298 240 2342; x_wconf 81' lang='lat' dir='ltr'><strong>vacos</strong></span> <span class='ocrx_word' id='word_1_157' title='bbox 263 2298 301 2340; x_wconf 90' lang='lat' dir='ltr'><strong>eo</strong></span> <span class='ocrx_word' id='word_1_158' title='bbox 322 2277 444 2365; x_wconf 91' lang='lat' dir='ltr'><strong>proelio</strong></span> <span class='ocrx_word' id='word_1_159' title='bbox 468 2275 667 2341; x_wconf 88' lang='lat' dir='ltr'><strong>commodum</strong></span> <span class='ocrx_word' id='word_1_160' title='bbox 689 2297 760 2339; x_wconf 90' lang='lat' dir='ltr'><strong>esse</strong></span> <span class='ocrx_word' id='word_1_161' title='bbox 782 2284 986 2356; x_wconf 90' lang='lat' dir='ltr'><strong>consecutos,</strong></span> <span class='ocrx_word' id='word_1_162' title='bbox 1020 2271 1108 2359; x_wconf 89' lang='lat' dir='ltr'><strong>quod</strong></span> 
     </span>
     <span class='ocr_line' id='line_1_25' title="bbox 145 2359 1107 2445; baseline -0.005 -19"><span class='ocrx_word' id='word_1_163' title='bbox 145 2361 299 2445; x_wconf 80' lang='lat' dir='ltr'><strong>Correus,</strong></span> <span class='ocrx_word' id='word_1_164' title='bbox 322 2371 433 2426; x_wconf 85' lang='lat' dir='ltr'><strong>auctor</strong></span> <span class='ocrx_word' id='word_1_165' title='bbox 453 2360 546 2443; x_wconf 93' lang='lat' dir='ltr'><strong>belli,</strong></span> <span class='ocrx_word' id='word_1_166' title='bbox 570 2363 744 2426; x_wconf 87' lang='lat' dir='ltr'><strong>concitator</strong></span> <span class='ocrx_word' id='word_1_167' title='bbox 771 2359 999 2442; x_wconf 86' lang='lat' dir='ltr'><strong>multitudinis,</strong></span> <span class='ocrx_word' id='word_1_168' title='bbox 1022 2366 1107 2424; x_wconf 90' lang='lat' dir='ltr'><strong>esset</strong></span> 
     </span>
     <span class='ocr_line' id='line_1_26' title="bbox 142 2444 1106 2533; baseline -0.003 -22"><span class='ocrx_word' id='word_1_169' title='bbox 142 2449 335 2513; x_wconf 69' lang='lat' dir='ltr'><strong>interiectus.</strong></span> <span class='ocrx_word' id='word_1_170' title='bbox 358 2447 539 2533; x_wconf 87' lang='lat' dir='ltr'><strong>Numquam</strong></span> <span class='ocrx_word' id='word_1_171' title='bbox 558 2447 643 2510; x_wconf 91' lang='lat' dir='ltr'><strong>enim</strong></span> <span class='ocrx_word' id='word_1_172' title='bbox 665 2457 808 2512; x_wconf 88' lang='lat' dir='ltr'><strong>senatum</strong></span> <span class='ocrx_word' id='word_1_173' title='bbox 829 2454 953 2509; x_wconf 89' lang='lat' dir='ltr'><strong>tantum</strong></span> <span class='ocrx_word' id='word_1_174' title='bbox 974 2446 1008 2508; x_wconf 92' lang='lat' dir='ltr'><strong>in</strong></span> <span class='ocrx_word' id='word_1_175' title='bbox 1030 2444 1106 2508; x_wconf 90' lang='lat' dir='ltr'><strong>civi-</strong></span> 
     </span>
     <span class='ocr_line' id='line_1_27' title="bbox 142 2530 1077 2618; baseline -0.003 -21"><span class='ocrx_word' id='word_1_176' title='bbox 142 2542 208 2598; x_wconf 85' lang='lat' dir='ltr'><strong>tate</strong></span> <span class='ocrx_word' id='word_1_177' title='bbox 229 2533 284 2598; x_wconf 93' lang='lat' dir='ltr'><strong>illo</strong></span> <span class='ocrx_word' id='word_1_178' title='bbox 305 2534 380 2597; x_wconf 86' lang='lat' dir='ltr'><strong>vivo</strong></span> <span class='ocrx_word' id='word_1_179' title='bbox 403 2541 556 2618; x_wconf 88' lang='lat' dir='ltr'><strong>quantum</strong></span> <span class='ocrx_word' id='word_1_180' title='bbox 576 2533 753 2618; x_wconf 89' lang='lat' dir='ltr'><strong>imperitam</strong></span> <span class='ocrx_word' id='word_1_181' title='bbox 776 2530 905 2618; x_wconf 87' lang='lat' dir='ltr'><strong>plebem</strong></span> <span class='ocrx_word' id='word_1_182' title='bbox 926 2531 1077 2617; x_wconf 90' lang='lat' dir='ltr'><strong>potuisse.</strong></span> 
     </span>
    </p>

    <p class='ocr_par' dir='ltr' id='par_1_5' title="bbox 142 2616 1105 2789">
     <span class='ocr_line' id='line_1_28' title="bbox 207 2616 1105 2703; baseline -0.003 -20"><span class='ocrx_word' id='word_1_183' title='bbox 207 2619 259 2683; x_wconf 79' lang='lat'><strong>22.</strong></span> <span class='ocrx_word' id='word_1_184' title='bbox 287 2617 379 2682; x_wconf 89' lang='lat' dir='ltr'><strong>Haec</strong></span> <span class='ocrx_word' id='word_1_185' title='bbox 401 2616 563 2682; x_wconf 90' lang='lat' dir='ltr'><strong>orantibus</strong></span> <span class='ocrx_word' id='word_1_186' title='bbox 586 2617 699 2703; x_wconf 89' lang='lat' dir='ltr'><strong>legatis</strong></span> <span class='ocrx_word' id='word_1_187' title='bbox 722 2625 947 2684; x_wconf 87' lang='lat' dir='ltr'><strong>commemorat</strong></span> <span class='ocrx_word' id='word_1_188' title='bbox 969 2616 1105 2682; x_wconf 79' lang='lat' dir='ltr'><strong>Caesar:</strong></span> 
     </span>
     <span class='ocr_line' id='line_1_29' title="bbox 142 2701 1105 2789; baseline -0.004 -19"><span class='ocrx_word' id='word_1_189' title='bbox 142 2701 267 2770; x_wconf 84' lang='lat' dir='ltr'><strong>Eodem</strong></span> <span class='ocrx_word' id='word_1_190' title='bbox 293 2712 435 2789; x_wconf 88' lang='lat' dir='ltr'><strong>ternpore</strong></span> <span class='ocrx_word' id='word_1_191' title='bbox 465 2704 626 2788; x_wconf 88' lang='lat' dir='ltr'><strong>superiore</strong></span> <span class='ocrx_word' id='word_1_192' title='bbox 653 2725 737 2769; x_wconf 88' lang='lat' dir='ltr'><strong>anno</strong></span> <span class='ocrx_word' id='word_1_193' title='bbox 758 2703 947 2768; x_wconf 88' lang='lat' dir='ltr'><strong>Bellovacos</strong></span> <span class='ocrx_word' id='word_1_194' title='bbox 971 2711 1105 2768; x_wconf 88' lang='lat' dir='ltr'><strong>ceteras·</strong></span> 
     </span>
    </p>
   </div>
   <div class='ocr_carea' id='block_1_3' title="bbox 144 2787 1219 2877">
    <p class='ocr_par' dir='ltr' id='par_1_6' title="bbox 144 2787 1219 2877">
     <span class='ocr_line' id='line_1_30' title="bbox 144 2787 1219 2877; baseline -0.004 -23"><span class='ocrx_word' id='word_1_195' title='bbox 144 2811 206 2877; x_wconf 91' lang='lat' dir='ltr'><strong>que</strong></span> <span class='ocrx_word' id='word_1_196' title='bbox 218 2787 343 2854; x_wconf 80' lang='lat' dir='ltr'><strong>Galliae</strong></span> <span class='ocrx_word' id='word_1_197' title='bbox 355 2789 498 2853; x_wconf 90' lang='lat' dir='ltr'><strong>civitates</strong></span> <span class='ocrx_word' id='word_1_198' title='bbox 511 2790 689 2876; x_wconf 90' lang='lat' dir='ltr'><strong>suscepisse</strong></span> <span class='ocrx_word' id='word_1_199' title='bbox 699 2788 836 2854; x_wconf 90' lang='lat' dir='ltr'><strong>bellum:</strong></span> <span class='ocrx_word' id='word_1_200' title='bbox 852 2789 1106 2874; x_wconf 88' lang='lat' dir='ltr'><strong>pertinacissime</strong></span> <span class='ocrx_word' id='word_1_201' title='bbox 1217 2829 1219 2834; x_wconf 93' lang='lat'>-</span> 
     </span>
    </p>
   </div>
   <div class='ocr_carea' id='block_1_4' title="bbox 139 2873 1165 3561">
    <p class='ocr_par' dir='ltr' id='par_1_7' title="bbox 140 2873 1107 3473">
     <span class='ocr_line' id='line_1_31' title="bbox 142 2873 1106 2962; baseline -0.001 -23"><span class='ocrx_word' id='word_1_202' title='bbox 142 2875 201 2940; x_wconf 91' lang='lat' dir='ltr'><strong>hos</strong></span> <span class='ocrx_word' id='word_1_203' title='bbox 229 2897 272 2941; x_wconf 85' lang='lat' dir='ltr'><strong>ex</strong></span> <span class='ocrx_word' id='word_1_204' title='bbox 293 2874 439 2940; x_wconf 91' lang='lat' dir='ltr'><strong>omnibus</strong></span> <span class='ocrx_word' id='word_1_205' title='bbox 471 2876 505 2938; x_wconf 93' lang='lat' dir='ltr'><strong>in</strong></span> <span class='ocrx_word' id='word_1_206' title='bbox 527 2878 683 2940; x_wconf 88' lang='lat' dir='ltr'><strong>sententia</strong></span> <span class='ocrx_word' id='word_1_207' title='bbox 703 2877 917 2962; x_wconf 85' lang='lat' dir='ltr'><strong>permansisse</strong></span> <span class='ocrx_word' id='word_1_208' title='bbox 938 2896 1043 2961; x_wconf 92' lang='lat' dir='ltr'><strong>neque</strong></span> <span class='ocrx_word' id='word_1_209' title='bbox 1065 2873 1106 2938; x_wconf 87' lang='lat' dir='ltr'><strong>ad</strong></span> 
     </span>
     <span class='ocr_line' id='line_1_32' title="bbox 143 2951 1105 3048; baseline -0.002 -22"><span class='ocrx_word' id='word_1_210' title='bbox 143 2963 310 3026; x_wconf 85' lang='lat' dir='ltr'><strong>sanitatem</strong></span> <span class='ocrx_word' id='word_1_211' title='bbox 324 2960 520 3048; x_wconf 91' lang='lat' dir='ltr'><strong>reliquorum</strong></span> <span class='ocrx_word' id='word_1_212' title='bbox 535 2961 695 3026; x_wconf 90' lang='lat' dir='ltr'><strong>deditione</strong></span> <span class='ocrx_word' id='word_1_213' title='bbox 710 2983 781 3026; x_wconf 89' lang='lat' dir='ltr'><strong>esse</strong></span> <span class='ocrx_word' id='word_1_214' title='bbox 800 2951 981 3046; x_wconf 81' lang='lat' dir='ltr'><strong>perductos.</strong></span> <span class='ocrx_word' id='word_1_215' title='bbox 1018 2959 1105 3024; x_wconf 86' lang='lat' dir='ltr'><strong>Scire</strong></span> 
     </span>
     <span class='ocr_line' id='line_1_33' title="bbox 142 3045 1105 3132; baseline -0.001 -22"><span class='ocrx_word' id='word_1_216' title='bbox 142 3054 238 3132; x_wconf 87' lang='lat' dir='ltr'><strong>atque</strong></span> <span class='ocrx_word' id='word_1_217' title='bbox 266 3045 454 3131; x_wconf 89' lang='lat' dir='ltr'><strong>intellegere</strong></span> <span class='ocrx_word' id='word_1_218' title='bbox 484 3068 519 3110; x_wconf 89' lang='lat' dir='ltr'><strong>se</strong></span> <span class='ocrx_word' id='word_1_219' title='bbox 549 3067 679 3111; x_wconf 88' lang='lat' dir='ltr'><strong>causam</strong></span> <span class='ocrx_word' id='word_1_220' title='bbox 707 3047 833 3132; x_wconf 90' lang='lat' dir='ltr'><strong>peccati</strong></span> <span class='ocrx_word' id='word_1_221' title='bbox 853 3045 1002 3110; x_wconf 87' lang='lat' dir='ltr'><strong>facillime</strong></span> <span class='ocrx_word' id='word_1_222' title='bbox 1023 3068 1105 3109; x_wconf 93' lang='lat' dir='ltr'><strong>mor-</strong></span> 
     </span>
     <span class='ocr_line' id='line_1_34' title="bbox 141 3131 1106 3217; baseline 0 -23"><span class='ocrx_word' id='word_1_223' title='bbox 141 3133 204 3194; x_wconf 88' lang='lat' dir='ltr'><strong>tuis</strong></span> <span class='ocrx_word' id='word_1_224' title='bbox 227 3131 377 3217; x_wconf 88' lang='lat' dir='ltr'><strong>delegari.</strong></span> <span class='ocrx_word' id='word_1_225' title='bbox 411 3132 579 3198; x_wconf 87' lang='lat' dir='ltr'><strong>Neminem</strong></span> <span class='ocrx_word' id='word_1_226' title='bbox 600 3154 677 3196; x_wconf 86' lang='lat' dir='ltr'><strong>vero</strong></span> <span class='ocrx_word' id='word_1_227' title='bbox 698 3141 821 3196; x_wconf 84' lang='lat' dir='ltr'><strong>tantum</strong></span> <span class='ocrx_word' id='word_1_228' title='bbox 842 3131 980 3217; x_wconf 91' lang='lat' dir='ltr'><strong>pollere,</strong></span> <span class='ocrx_word' id='word_1_229' title='bbox 997 3140 1039 3194; x_wconf 88' lang='lat' dir='ltr'><strong>ut</strong></span> <span class='ocrx_word' id='word_1_230' title='bbox 1059 3133 1106 3195; x_wconf 91' lang='lat' dir='ltr'><strong>in-</strong></span> 
     </span>
     <span class='ocr_line' id='line_1_35' title="bbox 141 3216 1106 3302; baseline 0.003 -23"><span class='ocrx_word' id='word_1_231' title='bbox 141 3217 216 3280; x_wconf 84' lang='lat' dir='ltr'><strong>vitis</strong></span> <span class='ocrx_word' id='word_1_232' title='bbox 245 3217 458 3302; x_wconf 90' lang='lat' dir='ltr'><strong>principibus,</strong></span> <span class='ocrx_word' id='word_1_233' title='bbox 491 3218 661 3282; x_wconf 86' lang='lat' dir='ltr'><strong>resistente</strong></span> <span class='ocrx_word' id='word_1_234' title='bbox 683 3226 812 3300; x_wconf 89' lang='lat' dir='ltr'><strong>senatu,</strong></span> <span class='ocrx_word' id='word_1_235' title='bbox 846 3216 991 3282; x_wconf 92' lang='lat' dir='ltr'><strong>omnibus</strong></span> <span class='ocrx_word' id='word_1_236' title='bbox 1013 3216 1106 3282; x_wconf 86' lang='lat' dir='ltr'><strong>bonis</strong></span> 
     </span>
     <span class='ocr_line' id='line_1_36' title="bbox 140 3300 1106 3390; baseline 0.002 -24"><span class='ocrx_word' id='word_1_237' title='bbox 140 3302 393 3388; x_wconf 86' lang='lat' dir='ltr'><strong>repugnantibus</strong></span> <span class='ocrx_word' id='word_1_238' title='bbox 414 3303 541 3368; x_wconf 88' lang='lat' dir='ltr'><strong>infirma</strong></span> <span class='ocrx_word' id='word_1_239' title='bbox 560 3325 659 3367; x_wconf 89' lang='lat' dir='ltr'><strong>manu</strong></span> <span class='ocrx_word' id='word_1_240' title='bbox 679 3301 783 3390; x_wconf 88' lang='lat' dir='ltr'><strong>plebis</strong></span> <span class='ocrx_word' id='word_1_241' title='bbox 805 3300 926 3367; x_wconf 90' lang='lat' dir='ltr'><strong>bellum</strong></span> <span class='ocrx_word' id='word_1_242' title='bbox 947 3303 1106 3368; x_wconf 88' lang='lat' dir='ltr'><strong>concitare</strong></span> 
     </span>
     <span class='ocr_line' id='line_1_37' title="bbox 141 3387 1107 3473; baseline 0 -21"><span class='ocrx_word' id='word_1_243' title='bbox 141 3391 175 3452; x_wconf 87' lang='lat' dir='ltr'><strong>et</strong></span> <span class='ocrx_word' id='word_1_244' title='bbox 194 3407 309 3470; x_wconf 86' lang='lat' dir='ltr'><strong>gerere</strong></span> <span class='ocrx_word' id='word_1_245' title='bbox 328 3395 447 3473; x_wconf 87' lang='lat' dir='ltr'><strong>posset.</strong></span> <span class='ocrx_word' id='word_1_246' title='bbox 491 3387 557 3454; x_wconf 89' lang='lat' dir='ltr'><strong>Sed</strong></span> <span class='ocrx_word' id='word_1_247' title='bbox 584 3397 691 3454; x_wconf 85' lang='lat' dir='ltr'><strong>tamen</strong></span> <span class='ocrx_word' id='word_1_248' title='bbox 713 3411 748 3458; x_wconf 89' lang='lat' dir='ltr'><strong>se</strong></span> <span class='ocrx_word' id='word_1_249' title='bbox 777 3396 959 3454; x_wconf 86' lang='lat' dir='ltr'><strong>contentum</strong></span> <span class='ocrx_word' id='word_1_250' title='bbox 979 3387 1046 3454; x_wconf 84' lang='lat' dir='ltr'><strong>iore</strong></span> <span class='ocrx_word' id='word_1_251' title='bbox 1068 3409 1107 3452; x_wconf 88' lang='lat' dir='ltr'><strong>ea</strong></span> 
     </span>
    </p>

    <p class='ocr_par' dir='ltr' id='par_1_8' title="bbox 139 3473 1165 3561">
     <span class='ocr_line' id='line_1_38' title="bbox 139 3473 1165 3561; baseline 0.005 -27"><span class='ocrx_word' id='word_1_252' title='bbox 139 3489 262 3556; x_wconf 85' lang='lat' dir='ltr'><strong>poena,</strong></span> <span class='ocrx_word' id='word_1_253' title='bbox 285 3494 381 3558; x_wconf 89' lang='lat' dir='ltr'><strong>quam</strong></span> <span class='ocrx_word' id='word_1_254' title='bbox 402 3473 464 3539; x_wconf 90' lang='lat' dir='ltr'><strong>sibi</strong></span> <span class='ocrx_word' id='word_1_255' title='bbox 483 3474 547 3561; x_wconf 90' lang='lat' dir='ltr'><strong>ipsi</strong></span> <span class='ocrx_word' id='word_1_256' title='bbox 569 3473 810 3541; x_wconf 79' lang='lat' dir='ltr'><strong>contraxissent.</strong></span> <span class='ocrx_word' id='word_1_257' title='bbox 1161 3481 1165 3488; x_wconf 83' lang='lat'>&#39;</span> 
     </span>
    </p>
   </div>
   <div class='ocr_carea' id='block_1_5' title="bbox 0 0 1270 3968">
    <p class='ocr_par' dir='ltr' id='par_1_9' title="bbox 0 0 1270 3968">
     <span class='ocr_line' id='line_1_39' title="bbox 0 0 1270 3968; baseline 0 1"><span class='ocrx_word' id='word_1_258' title='bbox 0 0 1270 3968; x_wconf 95' lang='lat' dir='ltr'><strong> </strong></span> 
     </span>
    </p>
   </div>
  </div>
 </body>
</html>
