2534 3970
187 187 230 250 84
442 186 505 252 DE
525 185 670 253 BELLO
692 184 885 253 (³anoe

249 355 300 421 31.
332 356 378 421 At
398 355 534 441 Caesar,
566 359 627 423 etsi
646 357 788 423 nondum
807 377 918 423 eornm
938 351 1071 420 consilis
1089 373 1143 419 eo-

185 452 349 527 gnoverst,
370 453 477 508 tumen
497 454 530 508 et
546 465 589 508 ex
610 453 726 509 eventu
745 445 876 508 nuvium
897 461 1028 506 marom
1047 447 1080 504 et
1099 459 1142 503 ex

186 547 235 608 eo,
277 527 342 592 uod
362 527 489 592 obsides
518 527 594 594 dere
618 529 861 610 intermiserant,
888 527 958 592 sore
984 523 1028 607 id,
1057 523 1143 610 quod

245 613 253 628 ⁰
278 614 310 694 't,
332 613 559 698 suspicabatur.
601 613 714 701 Itaque
734 613 777 678 sd
796 634 906 679 omnes
927 631 1020 675 ossus
1042 609 1144 673 subsi-

186 695 241 760 dis
261 698 472 783 competebat
514 699 597 764 Nem
617 708 649 764 et
667 699 861 764 frmnentum
874 717 917 762 ex
937 696 1022 782 agris
1086 695 1143 758 oti·

187 780 295 848 disin
316 793 420 848 cestre
441 783 624 850 conferebat
644 793 677 849 et
697 805 779 870 quse
800 783 988 870 gravissime
1051 780 1145 882 “ctse

186 875 545 1054 finieram
563 877 702 1056 &fiiis
723 865 1145 1019 iduisoeiiiriiiqdii

187 1039 1146 1190 “tssbsirdfflffibbfflffl

188 1131 242 1290 ἕξ,
263 1206 323 1272 reli
344 1211 394 1273 uis
415 1219 450 1274 ut
470 1210 616 1296 navigari
635 1173 809 1276 eommode⁷
819 1218 937 1297 posset,
959 1209 1071 1274 effecit

251 1291 303 1357 32.
437 1317 476 1359 ee
501 1305 669 1380 geruntur,
695 1295 821 1381 legione
846 1315 888 1360 ex
915 1294 1146 1360 consuetudine

186 1397 251 1442 uns
271 1377 494 1445 bumentetum
515 1381 621 1462 misse,
670 1403 730 1446 use
758 1380 979 1466 appellabatur
999 1381 1146 1466 septima,

187 1485 291 1549 neque
312 1463 378 1528 ulls
399 1465 440 1530 sd
460 1465 494 1530 id
514 1475 639 1565 tempus
683 1465 738 1530 elli
760 1467 938 1553 suspicione
949 1468 1144 1552 interposite,

188 1569 284 1635 quum
304 1571 378 1634 pers
399 1549 562 1616 bominum
582 1573 617 1614 m
638 1573 722 1636 sgr-is
742 1561 931 1636 remaneret,
951 1571 1027 1638 pers
1049 1553 1146 1616 etism
1259 1631 1260 1634 Ἴ

186 1634 221 1698 in
242 1643 346 1699 cestre
366 1636 543 1719 ventitaret,
565 1637 598 1718 ii,
627 1638 682 1722 qui
710 1659 769 1722 pro
795 1639 894 1724 portis
916 1646 1090 1702 castrorum
1109 1638 1145 1700 in

187 1719 322 1784 statione
329 1731 427 1804 erant,
440 1720 973 1809 Csessrinuntisveruntpulverem
982 1723 1145 1808 meierem,

188 1826 284 1907 quem
309 1807 502 1872 consuetodo
527 1807 633 1889 ferret,
659 1808 693 1872 in
721 1829 760 1873 es
785 1817 875 1894 perte
899 1805 1032 1889 videri,¹
1049 1827 1146 1893 quem

186 1911 221 1955 m
241 1901 364 1976 partem
385 1892 469 1978 legio
489 1895 550 1957 iter
570 1892 705 1956 fecisset
750 1892 870 1958 Osessr
894 1893 937 1976 id,
960 1892 1045 1979 qnod
1066 1901 1147 1976 eret,

189 1977 381 2062 suspicante,
408 1977 529 2065 aliquid
553 1978 630 2042 novi
655 1999 675 2042 a
701 1978 846 2044 barbaris
870 1979 983 2043 initum
1010 1977 1147 2062 consilii,

188 2060 343 2145 cohortes,
364 2085 446 2149 quse
472 2065 506 2127 in
534 2062 721 2128 stationibus
750 2073 856 2146 erent,
884 2085 992 2128 secum
1017 2064 1051 2128 in
1073 2085 1146 2127 enm

210 2155 310 2211 ortem
330 2147 498 2233 proficisci,
521 2170 564 2212 ex
583 2147 715 2234 reliquis
744 2149 823 2213 dues
848 2151 882 2214 in
905 2151 1071 2215 stationem
1093 2169 1146 2213 oo·

187 2168 295 2298 bortes
317 2233 497 2318 succedere,
519 2232 657 2319 reliques
686 2237 803 2300 armori
829 2245 861 2298 et
888 2235 1052 2300 confestim
1074 2255 1147 2299 sese

189 2316 339 2403 subsequi
360 2320 460 2384 iussit.
505 2317 610 2398 Quum
636 2320 731 2404 pendo
753 2320 878 2406 longius
900 2343 920 2386 a
940 2322 1052 2386 cestris
1073 2341 1147 2405 pro-

189 2405 345 2487 cessisset,
368 2427 441 2470 suos
463 2403 503 2470 eb
530 2402 672 2468 hostibus
697 2408 799 2491 premi
820 2416 915 2492 etque
936 2427 1031 2508 segre
1053 2406 1147 2469 susti-

188 2509 265 2554 nere
294 2497 326 2553 et
352 2491 492 2554 conferta
517 2489 642 2576 legione
670 2512 711 2554 ex
737 2491 884 2558 omnibus
909 2491 1052 2578 perbbus
1080 2489 1148 2554 tels

189 2574 302 2638 coniioi
328 2575 559 2641 animadvertit
607 2575 690 2639 Nem
722 2577 807 2662 quod
836 2580 921 2644 omni
947 2599 988 2641 ex
1014 2575 1148 2662 reliquis

188 2659 330 2745 pertibus
357 2659 502 2726 demesso
537 2660 694 2726 frumento
722 2685 807 2749 pers·
823 2685 888 2728 une
914 2672 984 2726 erat
1011 2660 1147 2747 relique,

189 2745 341 2829 suspicati
362 2744 468 2810 hostes
496 2745 558 2811 huc
582 2756 708 2811 nostros
731 2770 801 2812 esse
821 2757 972 2813 venturos
993 2756 1091 2812 noctu
1111 2747 1146 2810 in

189 2829 277 2894 silvis
300 2830 504 2914 delituerant3
532 2841 600 2896 tum
621 2831 779 2918 dispersos
808 2833 969 2920 depositis¹
988 2832 1083 2898 armis
1111 2832 1147 2895 in

188 2916 335 2981 metendo
362 2926 531 3002 occupatos
564 2916 667 2984 subito
704 2919 808 2983 adorti
833 2919 942 3005 psueis
973 2917 1148 2982 interfectis

188 2999 327 3087 reliquos
342 3002 471 3067 incertis
486 3001 648 3068 ordinibus
685 3003 936 3087 erbubeverent,
952 3002 1045 3068 simul
1060 3004 1147 3089 equi·

188 3095 256 3152 tetu
277 3097 372 3173 etque
394 3087 515 3152 essedis
537 3025 819 3154 circumdederant.

252 3172 303 3237 33.
332 3171 441 3238 Genus
470 3172 531 3240 hoe
557 3182 605 3238 est
633 3195 675 3238 ex
703 3175 823 3240 essedis
854 3195 992 3260 pugnae.
1040 3174 1150 3239 Primo

188 3277 248 3342 per
262 3277 371 3323 omnes
393 3267 499 3344 partes
520 3261 719 3344 perequitant
738 3270 769 3324 et
782 3258 847 3326 tels
861 3261 1030 3324 coniiciunt
1052 3269 1149 3346 etque

188 3343 259 3408 iso
287 3352 406 3408 terrore
442 3365 596 3430 equorum
624 3354 656 3408 et
684 3347 816 3431 strepitu
850 3354 991 3410 rotarum
1020 3345 1150 3410 ordines

188 3364 376 3516 pierumque
397 3428 594 3514 perturbent,
616 3438 648 3494 et
662 3451 759 3516 quum
777 3453 812 3496 se
833 3433 916 3495 inter
930 3432 1071 3516 equitum
1084 3440 1150 3496 tur·
