<?xml version="1.0" encoding="UTF-8"?>
<!DOCTYPE html PUBLIC "-//W3C//DTD XHTML 1.0 Transitional//EN"
    "http://www.w3.org/TR/xhtml1/DTD/xhtml1-transitional.dtd">
<html xmlns="http://www.w3.org/1999/xhtml" xml:lang="en" lang="en">
 <head>
  <title>
</title>
<meta http-equiv="Content-Type" content="text/html;charset=utf-8" />
  <meta name='ocr-system' content='tesseract 3.04.00' />
  <meta name='ocr-capabilities' content='ocr_page ocr_carea ocr_par ocr_line ocrx_word'/>
</head>
<body>
  <div class='ocr_page' id='page_1' title='image "./ciuliicaesarisc01hirtgoog_0105.png"; bbox 0 0 2562 3966; ppageno 0'>
   <div class='ocr_carea' id='block_1_1' title="bbox 190 213 889 282">
    <p class='ocr_par' dir='ltr' id='par_1_1' title="bbox 190 213 889 282">
     <span class='ocr_line' id='line_1_1' title="bbox 190 213 889 282; baseline 0.006 -4"><span class='ocrx_word' id='word_1_1' title='bbox 190 213 232 278; x_wconf 77' lang='lat'>98</span> <span class='ocrx_word' id='word_1_2' title='bbox 447 215 508 279; x_wconf 83' lang='lat' dir='ltr'>DE</span> <span class='ocrx_word' id='word_1_3' title='bbox 529 214 674 280; x_wconf 83' lang='lat' dir='ltr'>BELLO</span> <span class='ocrx_word' id='word_1_4' title='bbox 696 214 889 282; x_wconf 81' lang='lat' dir='ltr'>CALLICO</span> 
     </span>
    </p>
   </div>
   <div class='ocr_carea' id='block_1_2' title="bbox 184 385 1153 2870">
    <p class='ocr_par' dir='ltr' id='par_1_2' title="bbox 189 385 1153 900">
     <span class='ocr_line' id='line_1_2' title="bbox 189 385 1153 535; baseline 0.003 -83"><span class='ocrx_word' id='word_1_5' title='bbox 189 396 315 535; x_wconf 70' lang='lat' dir='ltr'>petum,</span> <span class='ocrx_word' id='word_1_6' title='bbox 349 397 385 451; x_wconf 90' lang='lat' dir='ltr'>nt</span> <span class='ocrx_word' id='word_1_7' title='bbox 412 385 680 454; x_wconf 85' lang='lat' dir='ltr'>Mandubracium</span> <span class='ocrx_word' id='word_1_8' title='bbox 706 387 747 451; x_wconf 89' lang='lat' dir='ltr'>ab</span> <span class='ocrx_word' id='word_1_9' title='bbox 775 388 892 452; x_wconf 88' lang='lat' dir='ltr'>iniuria</span> <span class='ocrx_word' id='word_1_10' title='bbox 921 386 1153 454; x_wconf 88' lang='lat' dir='ltr'>Cassivellauni</span> 
     </span>
     <span class='ocr_line' id='line_1_3' title="bbox 210 472 1153 561; baseline 0.001 -23"><span class='ocrx_word' id='word_1_11' title='bbox 210 472 338 538; x_wconf 86' lang='lat' dir='ltr'>efendat</span> <span class='ocrx_word' id='word_1_12' title='bbox 359 483 453 558; x_wconf 88' lang='lat' dir='ltr'>atque</span> <span class='ocrx_word' id='word_1_13' title='bbox 474 475 509 538; x_wconf 90' lang='lat' dir='ltr'>in</span> <span class='ocrx_word' id='word_1_14' title='bbox 531 476 690 540; x_wconf 87' lang='lat' dir='ltr'>civitatem</span> <span class='ocrx_word' id='word_1_15' title='bbox 712 474 823 555; x_wconf 90' lang='lat' dir='ltr'>mittat,</span> <span class='ocrx_word' id='word_1_16' title='bbox 836 474 902 558; x_wconf 85' lang='lat' dir='ltr'>qui</span> <span class='ocrx_word' id='word_1_17' title='bbox 914 477 1034 559; x_wconf 81' lang='lat' dir='ltr'><strong>praesit</strong></span> <span class='ocrx_word' id='word_1_18' title='bbox 1055 476 1153 561; x_wconf 88' lang='lat' dir='ltr'>impe·</span> 
     </span>
     <span class='ocr_line' id='line_1_4' title="bbox 189 557 1151 648; baseline 0.003 -26"><span class='ocrx_word' id='word_1_19' title='bbox 189 559 333 644; x_wconf 89' lang='lat' dir='ltr'>riumque</span> <span class='ocrx_word' id='word_1_20' title='bbox 356 559 507 624; x_wconf 87' lang='lat' dir='ltr'>obtineat.</span> <span class='ocrx_word' id='word_1_21' title='bbox 546 559 607 623; x_wconf 88' lang='lat' dir='ltr'>His</span> <span class='ocrx_word' id='word_1_22' title='bbox 630 557 750 622; x_wconf 85' lang='lat' dir='ltr'>Caesar</span> <span class='ocrx_word' id='word_1_23' title='bbox 771 560 906 648; x_wconf 89' lang='lat' dir='ltr'>imperat</span> <span class='ocrx_word' id='word_1_24' title='bbox 926 558 1054 626; x_wconf 85' lang='lat' dir='ltr'>obsides</span> <span class='ocrx_word' id='word_1_25' title='bbox 1077 583 1151 645; x_wconf 87' lang='lat' dir='ltr'>qua·</span> 
     </span>
     <span class='ocr_line' id='line_1_5' title="bbox 190 643 1152 732; baseline 0.001 -24"><span class='ocrx_word' id='word_1_26' title='bbox 190 643 335 730; x_wconf 78' lang='lat' dir='ltr'><strong>draginta</strong></span> <span class='ocrx_word' id='word_1_27' title='bbox 344 645 597 732; x_wconf 76' lang='lat' dir='ltr'>frumentumque</span> <span class='ocrx_word' id='word_1_28' title='bbox 607 646 762 708; x_wconf 87' lang='lat' dir='ltr'>exercitui</span> <span class='ocrx_word' id='word_1_29' title='bbox 771 644 1036 709; x_wconf 89' lang='lat' dir='ltr'>Mandubracium</span> <span class='ocrx_word' id='word_1_30' title='bbox 1057 645 1152 710; x_wconf 87' lang='lat' dir='ltr'>uead</span> 
     </span>
     <span class='ocr_line' id='line_1_6' title="bbox 190 671 1150 817; baseline 0.001 -23"><span class='ocrx_word' id='word_1_31' title='bbox 190 731 370 794; x_wconf 81' lang='lat' dir='ltr'>coemittit.</span> <span class='ocrx_word' id='word_1_32' title='bbox 414 729 466 793; x_wconf 81' lang='lat' dir='ltr'>uli</span> <span class='ocrx_word' id='word_1_33' title='bbox 486 733 641 817; x_wconf 85' lang='lat' dir='ltr'>imperata</span> <span class='ocrx_word' id='word_1_34' title='bbox 661 729 807 794; x_wconf 75' lang='lat' dir='ltr'>celeriter</span> <span class='ocrx_word' id='word_1_35' title='bbox 835 730 993 812; x_wconf 86' lang='lat' dir='ltr'>lecerunt,</span> <span class='ocrx_word' id='word_1_36' title='bbox 1023 671 1150 796; x_wconf 75' lang='lat' dir='ltr'>obsides</span> 
     </span>
     <span class='ocr_line' id='line_1_7' title="bbox 190 814 877 900; baseline 0 -22"><span class='ocrx_word' id='word_1_37' title='bbox 190 814 231 879; x_wconf 91' lang='lat' dir='ltr'>ad</span> <span class='ocrx_word' id='word_1_38' title='bbox 251 837 418 880; x_wconf 89' lang='lat' dir='ltr'>numerum</span> <span class='ocrx_word' id='word_1_39' title='bbox 438 815 694 900; x_wconf 80' lang='lat' dir='ltr'>frumentumque</span> <span class='ocrx_word' id='word_1_40' title='bbox 715 819 877 879; x_wconf 83' lang='lat' dir='ltr'>misenmt.</span> 
     </span>
    </p>

    <p class='ocr_par' dir='ltr' id='par_1_3' title="bbox 185 901 1151 2248">
     <span class='ocr_line' id='line_1_8' title="bbox 253 901 1151 985; baseline 0.004 -21"><span class='ocrx_word' id='word_1_41' title='bbox 253 903 303 964; x_wconf 81' lang='lat'>21.</span> <span class='ocrx_word' id='word_1_42' title='bbox 327 901 572 966; x_wconf 73' lang='lat' dir='ltr'>Tritiobantibus</span> <span class='ocrx_word' id='word_1_43' title='bbox 588 901 726 966; x_wconf 85' lang='lat' dir='ltr'>delensis</span> <span class='ocrx_word' id='word_1_44' title='bbox 743 910 837 985; x_wconf 90' lang='lat' dir='ltr'>atque</span> <span class='ocrx_word' id='word_1_45' title='bbox 852 901 892 964; x_wconf 89' lang='lat' dir='ltr'>ab</span> <span class='ocrx_word' id='word_1_46' title='bbox 908 902 994 966; x_wconf 91' lang='lat' dir='ltr'>omni</span> <span class='ocrx_word' id='word_1_47' title='bbox 1014 901 1151 968; x_wconf 87' lang='lat' dir='ltr'>militum</span> 
     </span>
     <span class='ocr_line' id='line_1_9' title="bbox 188 985 1148 1072; baseline 0.002 -22"><span class='ocrx_word' id='word_1_48' title='bbox 188 987 302 1050; x_wconf 88' lang='lat' dir='ltr'>iniuria</span> <span class='ocrx_word' id='word_1_49' title='bbox 322 987 489 1072; x_wconf 81' lang='lat' dir='ltr'>prohibitis</span> <span class='ocrx_word' id='word_1_50' title='bbox 505 985 600 1068; x_wconf 89' lang='lat' dir='ltr'>Iceni,</span> <span class='ocrx_word' id='word_1_51' title='bbox 625 985 737 1071; x_wconf 86' lang='lat' dir='ltr'>Cangi,</span> <span class='ocrx_word' id='word_1_52' title='bbox 760 987 950 1072; x_wconf 85' lang='lat' dir='ltr'>Segontiaci,</span> <span class='ocrx_word' id='word_1_53' title='bbox 973 987 1148 1070; x_wconf 76' lang='lat' dir='ltr'>Ancalites,</span> 
     </span>
     <span class='ocr_line' id='line_1_10' title="bbox 188 1071 1148 1158; baseline 0.001 -23"><span class='ocrx_word' id='word_1_54' title='bbox 188 1071 326 1154; x_wconf 78' lang='lat' dir='ltr'>Bibroci,</span> <span class='ocrx_word' id='word_1_55' title='bbox 343 1071 435 1136; x_wconf 90' lang='lat' dir='ltr'>Cassi</span> <span class='ocrx_word' id='word_1_56' title='bbox 446 1072 655 1158; x_wconf 84' lang='lat' dir='ltr'>legationibus</span> <span class='ocrx_word' id='word_1_57' title='bbox 669 1075 774 1136; x_wconf 89' lang='lat' dir='ltr'>missis</span> <span class='ocrx_word' id='word_1_58' title='bbox 790 1094 861 1136; x_wconf 89' lang='lat' dir='ltr'>sese</span> <span class='ocrx_word' id='word_1_59' title='bbox 875 1072 1006 1138; x_wconf 77' lang='lat' dir='ltr'>Caesari</span> <span class='ocrx_word' id='word_1_60' title='bbox 1020 1073 1148 1137; x_wconf 85' lang='lat' dir='ltr'>dedunt.</span> 
     </span>
     <span class='ocr_line' id='line_1_11' title="bbox 188 1157 1149 1243; baseline 0.002 -23"><span class='ocrx_word' id='word_1_61' title='bbox 188 1157 239 1222; x_wconf 89' lang='lat' dir='ltr'>Ab</span> <span class='ocrx_word' id='word_1_62' title='bbox 254 1157 304 1221; x_wconf 90' lang='lat' dir='ltr'>his</span> <span class='ocrx_word' id='word_1_63' title='bbox 320 1161 482 1242; x_wconf 79' lang='lat' dir='ltr'>cognoscit</span> <span class='ocrx_word' id='word_1_64' title='bbox 496 1180 559 1222; x_wconf 90' lang='lat' dir='ltr'>non</span> <span class='ocrx_word' id='word_1_65' title='bbox 574 1158 669 1243; x_wconf 90' lang='lat' dir='ltr'>longe</span> <span class='ocrx_word' id='word_1_66' title='bbox 685 1179 726 1221; x_wconf 86' lang='lat' dir='ltr'>ex</span> <span class='ocrx_word' id='word_1_67' title='bbox 741 1179 778 1221; x_wconf 92' lang='lat' dir='ltr'>eo</span> <span class='ocrx_word' id='word_1_68' title='bbox 797 1157 867 1223; x_wconf 88' lang='lat' dir='ltr'>loeo</span> <span class='ocrx_word' id='word_1_69' title='bbox 879 1158 1030 1243; x_wconf 86' lang='lat' dir='ltr'>oppidum</span> <span class='ocrx_word' id='word_1_70' title='bbox 1045 1157 1149 1223; x_wconf 89' lang='lat' dir='ltr'>Cassi-</span> 
     </span>
     <span class='ocr_line' id='line_1_12' title="bbox 189 1242 1148 1332; baseline 0.002 -26"><span class='ocrx_word' id='word_1_71' title='bbox 189 1242 329 1308; x_wconf 85' lang='lat' dir='ltr'>vellauni</span> <span class='ocrx_word' id='word_1_72' title='bbox 357 1245 471 1308; x_wconf 87' lang='lat' dir='ltr'>abesse</span> <span class='ocrx_word' id='word_1_73' title='bbox 501 1243 589 1308; x_wconf 89' lang='lat' dir='ltr'>silvis</span> <span class='ocrx_word' id='word_1_74' title='bbox 618 1242 852 1332; x_wconf 83' lang='lat' dir='ltr'>paludibusque</span> <span class='ocrx_word' id='word_1_75' title='bbox 879 1245 1051 1326; x_wconf 89' lang='lat' dir='ltr'>munitum,</span> <span class='ocrx_word' id='word_1_76' title='bbox 1085 1266 1148 1331; x_wconf 89' lang='lat' dir='ltr'>qno</span> 
     </span>
     <span class='ocr_line' id='line_1_13' title="bbox 188 1328 1148 1415; baseline 0.001 -24"><span class='ocrx_word' id='word_1_77' title='bbox 188 1328 265 1392; x_wconf 89' lang='lat' dir='ltr'>satis</span> <span class='ocrx_word' id='word_1_78' title='bbox 287 1349 420 1415; x_wconf 86' lang='lat' dir='ltr'>magnus</span> <span class='ocrx_word' id='word_1_79' title='bbox 447 1329 607 1394; x_wconf 90' lang='lat' dir='ltr'>hominum</span> <span class='ocrx_word' id='word_1_80' title='bbox 637 1331 825 1414; x_wconf 87' lang='lat' dir='ltr'>pecorisque</span> <span class='ocrx_word' id='word_1_81' title='bbox 852 1350 1003 1392; x_wconf 86' lang='lat' dir='ltr'>numerus</span> <span class='ocrx_word' id='word_1_82' title='bbox 1034 1350 1148 1393; x_wconf 83' lang='lat' dir='ltr'>conve-</span> 
     </span>
     <span class='ocr_line' id='line_1_14' title="bbox 188 1413 1147 1500; baseline 0.003 -24"><span class='ocrx_word' id='word_1_83' title='bbox 188 1416 278 1478; x_wconf 90' lang='lat' dir='ltr'>nerit.</span> <span class='ocrx_word' id='word_1_84' title='bbox 317 1413 477 1500; x_wconf 87' lang='lat' dir='ltr'>Oppidum</span> <span class='ocrx_word' id='word_1_85' title='bbox 495 1423 600 1478; x_wconf 88' lang='lat' dir='ltr'>autem</span> <span class='ocrx_word' id='word_1_86' title='bbox 616 1414 763 1478; x_wconf 86' lang='lat' dir='ltr'>Britanni</span> <span class='ocrx_word' id='word_1_87' title='bbox 783 1423 908 1494; x_wconf 87' lang='lat' dir='ltr'>vocant,</span> <span class='ocrx_word' id='word_1_88' title='bbox 932 1436 1029 1498; x_wconf 91' lang='lat' dir='ltr'>quum</span> <span class='ocrx_word' id='word_1_89' title='bbox 1051 1413 1147 1486; x_wconf 85' lang='lat' dir='ltr'>silvas</span> 
     </span>
     <span class='ocr_line' id='line_1_15' title="bbox 186 1498 1146 1587; baseline -0.001 -23"><span class='ocrx_word' id='word_1_90' title='bbox 186 1498 355 1584; x_wconf 87' lang='lat' dir='ltr'>impeditae</span> <span class='ocrx_word' id='word_1_91' title='bbox 382 1499 466 1564; x_wconf 89' lang='lat' dir='ltr'>vallo</span> <span class='ocrx_word' id='word_1_92' title='bbox 496 1511 591 1587; x_wconf 90' lang='lat' dir='ltr'>atque</span> <span class='ocrx_word' id='word_1_93' title='bbox 618 1500 704 1564; x_wconf 89' lang='lat' dir='ltr'>fossa</span> <span class='ocrx_word' id='word_1_94' title='bbox 731 1502 934 1581; x_wconf 82' lang='lat' dir='ltr'>munierunt,</span> <span class='ocrx_word' id='word_1_95' title='bbox 958 1521 1020 1585; x_wconf 90' lang='lat' dir='ltr'>quo</span> <span class='ocrx_word' id='word_1_96' title='bbox 1041 1501 1146 1563; x_wconf 87' lang='lat' dir='ltr'>incur-</span> 
     </span>
     <span class='ocr_line' id='line_1_16' title="bbox 187 1585 1146 1650; baseline 0 -2"><span class='ocrx_word' id='word_1_97' title='bbox 187 1585 284 1650; x_wconf 87' lang='lat' dir='ltr'>sionis</span> <span class='ocrx_word' id='word_1_98' title='bbox 306 1585 443 1650; x_wconf 90' lang='lat' dir='ltr'>hostium</span> <span class='ocrx_word' id='word_1_99' title='bbox 464 1585 613 1650; x_wconf 87' lang='lat' dir='ltr'>vitandae</span> <span class='ocrx_word' id='word_1_100' title='bbox 636 1607 731 1650; x_wconf 87' lang='lat' dir='ltr'>causa</span> <span class='ocrx_word' id='word_1_101' title='bbox 753 1587 923 1649; x_wconf 87' lang='lat' dir='ltr'>convenire</span> <span class='ocrx_word' id='word_1_102' title='bbox 946 1595 1146 1649; x_wconf 86' lang='lat' dir='ltr'>consuerunt.</span> 
     </span>
     <span class='ocr_line' id='line_1_17' title="bbox 186 1670 1145 1756; baseline 0 -22"><span class='ocrx_word' id='word_1_103' title='bbox 186 1671 234 1735; x_wconf 86' lang='grc' dir='ltr'>Εο</span> <span class='ocrx_word' id='word_1_104' title='bbox 256 1671 464 1756; x_wconf 86' lang='lat' dir='ltr'>proficiscitur</span> <span class='ocrx_word' id='word_1_105' title='bbox 486 1692 558 1734; x_wconf 87' lang='lat' dir='ltr'>cum</span> <span class='ocrx_word' id='word_1_106' title='bbox 574 1670 766 1755; x_wconf 83' lang='lat' dir='ltr'>legionibus:</span> <span class='ocrx_word' id='word_1_107' title='bbox 790 1670 894 1736; x_wconf 88' lang='lat' dir='ltr'>locum</span> <span class='ocrx_word' id='word_1_108' title='bbox 916 1672 1035 1756; x_wconf 87' lang='lat' dir='ltr'>reperit</span> <span class='ocrx_word' id='word_1_109' title='bbox 1058 1693 1145 1754; x_wconf 82' lang='lat' dir='ltr'>egre·</span> 
     </span>
     <span class='ocr_line' id='line_1_18' title="bbox 186 1755 1146 1843; baseline -0.001 -23"><span class='ocrx_word' id='word_1_110' title='bbox 186 1759 238 1843; x_wconf 88' lang='lat' dir='ltr'>gie</span> <span class='ocrx_word' id='word_1_111' title='bbox 259 1764 373 1820; x_wconf 81' lang='lat' dir='ltr'>natura</span> <span class='ocrx_word' id='word_1_112' title='bbox 387 1765 481 1843; x_wconf 89' lang='lat' dir='ltr'>atque</span> <span class='ocrx_word' id='word_1_113' title='bbox 501 1779 596 1843; x_wconf 88' lang='lat' dir='ltr'>opere</span> <span class='ocrx_word' id='word_1_114' title='bbox 612 1758 780 1839; x_wconf 76' lang='lat' dir='ltr'>munitum,</span> <span class='ocrx_word' id='word_1_115' title='bbox 802 1767 909 1820; x_wconf 84' lang='lat' dir='ltr'>tamen</span> <span class='ocrx_word' id='word_1_116' title='bbox 924 1757 1009 1820; x_wconf 91' lang='lat' dir='ltr'>hunc</span> <span class='ocrx_word' id='word_1_117' title='bbox 1023 1755 1146 1821; x_wconf 88' lang='lat' dir='ltr'>duabus</span> 
     </span>
     <span class='ocr_line' id='line_1_19' title="bbox 186 1840 1147 1928; baseline 0 -22"><span class='ocrx_word' id='word_1_118' title='bbox 186 1840 392 1926; x_wconf 81' lang='lat' dir='ltr'>expertibus</span> <span class='ocrx_word' id='word_1_119' title='bbox 420 1863 602 1928; x_wconf 83' lang='lat' dir='ltr'>oppugnare</span> <span class='ocrx_word' id='word_1_120' title='bbox 632 1841 802 1907; x_wconf 82' lang='lat' dir='ltr'>contendit</span> <span class='ocrx_word' id='word_1_121' title='bbox 846 1841 963 1906; x_wconf 84' lang='lat' dir='ltr'>Hostes</span> <span class='ocrx_word' id='word_1_122' title='bbox 984 1840 1147 1928; x_wconf 86' lang='lat' dir='ltr'>paulisper</span> 
     </span>
     <span class='ocr_line' id='line_1_20' title="bbox 186 1926 1145 2014; baseline 0.003 -24"><span class='ocrx_word' id='word_1_123' title='bbox 186 1929 299 1992; x_wconf 90' lang='lat' dir='ltr'>morati</span> <span class='ocrx_word' id='word_1_124' title='bbox 313 1927 448 1991; x_wconf 86' lang='lat' dir='ltr'>militnm</span> <span class='ocrx_word' id='word_1_125' title='bbox 462 1937 643 1992; x_wconf 85' lang='lat' dir='ltr'>nostrorum</span> <span class='ocrx_word' id='word_1_126' title='bbox 664 1929 816 2014; x_wconf 89' lang='lat' dir='ltr'>impetum</span> <span class='ocrx_word' id='word_1_127' title='bbox 830 1949 895 1991; x_wconf 91' lang='lat' dir='ltr'>non</span> <span class='ocrx_word' id='word_1_128' title='bbox 909 1926 1048 1990; x_wconf 88' lang='lat' dir='ltr'>tulerunt</span> <span class='ocrx_word' id='word_1_129' title='bbox 1063 1949 1145 1992; x_wconf 84' lang='lat' dir='ltr'>scae</span> 
     </span>
     <span class='ocr_line' id='line_1_21' title="bbox 186 2011 1145 2099; baseline 0 -23"><span class='ocrx_word' id='word_1_130' title='bbox 186 2033 248 2099; x_wconf 89' lang='lat' dir='ltr'>que</span> <span class='ocrx_word' id='word_1_131' title='bbox 262 2011 325 2076; x_wconf 86' lang='lat' dir='ltr'>alia</span> <span class='ocrx_word' id='word_1_132' title='bbox 340 2033 381 2076; x_wconf 82' lang='lat' dir='ltr'>ex</span> <span class='ocrx_word' id='word_1_133' title='bbox 394 2022 484 2098; x_wconf 85' lang='lat' dir='ltr'>parte</span> <span class='ocrx_word' id='word_1_134' title='bbox 499 2013 607 2099; x_wconf 92' lang='lat' dir='ltr'>oppidi</span> <span class='ocrx_word' id='word_1_135' title='bbox 622 2015 792 2077; x_wconf 84' lang='lat' dir='ltr'>eiecerunt</span> <span class='ocrx_word' id='word_1_136' title='bbox 828 2011 965 2098; x_wconf 85' lang='lat' dir='ltr'>Magnus</span> <span class='ocrx_word' id='word_1_137' title='bbox 980 2012 1024 2077; x_wconf 90' lang='lat' dir='ltr'>ibi</span> <span class='ocrx_word' id='word_1_138' title='bbox 1037 2034 1145 2076; x_wconf 78' lang='lat' dir='ltr'>nume</span> 
     </span>
     <span class='ocr_line' id='line_1_22' title="bbox 185 2098 1145 2185; baseline 0.001 -24"><span class='ocrx_word' id='word_1_139' title='bbox 185 2121 239 2162; x_wconf 89' lang='lat' dir='ltr'>rue</span> <span class='ocrx_word' id='word_1_140' title='bbox 261 2098 385 2184; x_wconf 88' lang='lat' dir='ltr'>pecoris</span> <span class='ocrx_word' id='word_1_141' title='bbox 407 2109 561 2184; x_wconf 90' lang='lat' dir='ltr'>repertus,</span> <span class='ocrx_word' id='word_1_142' title='bbox 584 2098 737 2184; x_wconf 89' lang='lat' dir='ltr'>multique</span> <span class='ocrx_word' id='word_1_143' title='bbox 760 2100 792 2161; x_wconf 92' lang='lat' dir='ltr'>in</span> <span class='ocrx_word' id='word_1_144' title='bbox 813 2099 889 2185; x_wconf 83' lang='lat' dir='ltr'>firgo.</span> <span class='ocrx_word' id='word_1_145' title='bbox 911 2111 984 2162; x_wconf 90' lang='lat' dir='ltr'>sunt</span> <span class='ocrx_word' id='word_1_146' title='bbox 1005 2117 1145 2182; x_wconf 77' lang='lat' dir='ltr'>compre</span> 
     </span>
     <span class='ocr_line' id='line_1_23' title="bbox 185 2183 579 2248; baseline -0.003 0"><span class='ocrx_word' id='word_1_147' title='bbox 185 2185 275 2248; x_wconf 89' lang='lat' dir='ltr'>hensi</span> <span class='ocrx_word' id='word_1_148' title='bbox 298 2192 330 2247; x_wconf 93' lang='lat' dir='ltr'>at</span> <span class='ocrx_word' id='word_1_149' title='bbox 352 2205 393 2248; x_wconf 91' lang='lat' dir='ltr'>ue</span> <span class='ocrx_word' id='word_1_150' title='bbox 413 2183 579 2248; x_wconf 85' lang='lat' dir='ltr'>interfecti.</span> 
     </span>
    </p>

    <p class='ocr_par' dir='ltr' id='par_1_4' title="bbox 184 2267 1145 2870">
     <span class='ocr_line' id='line_1_24' title="bbox 248 2267 1145 2351; baseline 0.001 -18"><span class='ocrx_word' id='word_1_151' title='bbox 248 2270 299 2333; x_wconf 77' lang='lat'>22.</span> <span class='ocrx_word' id='word_1_152' title='bbox 378 2292 409 2332; x_wconf 91' lang='lat' dir='ltr'>m</span> <span class='ocrx_word' id='word_1_153' title='bbox 431 2269 510 2333; x_wconf 87' lang='lat' dir='ltr'>haec</span> <span class='ocrx_word' id='word_1_154' title='bbox 531 2272 564 2334; x_wconf 89' lang='lat' dir='ltr'>in</span> <span class='ocrx_word' id='word_1_155' title='bbox 585 2270 634 2334; x_wconf 89' lang='lat' dir='ltr'>his</span> <span class='ocrx_word' id='word_1_156' title='bbox 654 2269 732 2335; x_wconf 89' lang='lat' dir='ltr'>locis</span> <span class='ocrx_word' id='word_1_157' title='bbox 770 2287 908 2351; x_wconf 76' lang='lat' dir='ltr'>emmau,</span> <span class='ocrx_word' id='word_1_158' title='bbox 932 2267 1145 2334; x_wconf 87' lang='lat' dir='ltr'>Cassivellau-</span> 
     </span>
     <span class='ocr_line' id='line_1_25' title="bbox 184 2293 1145 2442; baseline -0.001 -23"><span class='ocrx_word' id='word_1_159' title='bbox 184 2377 243 2420; x_wconf 88' lang='lat' dir='ltr'>nus</span> <span class='ocrx_word' id='word_1_160' title='bbox 267 2355 308 2418; x_wconf 90' lang='lat' dir='ltr'>ad</span> <span class='ocrx_word' id='word_1_161' title='bbox 331 2353 494 2438; x_wconf 87' lang='lat' dir='ltr'>Cantium,</span> <span class='ocrx_word' id='word_1_162' title='bbox 518 2355 603 2442; x_wconf 92' lang='lat' dir='ltr'>quod</span> <span class='ocrx_word' id='word_1_163' title='bbox 632 2377 703 2420; x_wconf 89' lang='lat' dir='ltr'>esse</span> <span class='ocrx_word' id='word_1_164' title='bbox 726 2293 769 2420; x_wconf 76' lang='lat' dir='ltr'>ad</span> <span class='ocrx_word' id='word_1_165' title='bbox 787 2377 876 2420; x_wconf 87' lang='lat' dir='ltr'>mare</span> <span class='ocrx_word' id='word_1_166' title='bbox 899 2377 995 2440; x_wconf 87' lang='lat' dir='ltr'>supra</span> <span class='ocrx_word' id='word_1_167' title='bbox 1015 2354 1145 2419; x_wconf 90' lang='lat' dir='ltr'>demon·</span> 
     </span>
     <span class='ocr_line' id='line_1_26' title="bbox 185 2435 1145 2528; baseline 0 -25"><span class='ocrx_word' id='word_1_168' title='bbox 185 2441 362 2522; x_wconf 86' lang='lat' dir='ltr'>stravimus,</span> <span class='ocrx_word' id='word_1_169' title='bbox 380 2439 493 2526; x_wconf 90' lang='lat' dir='ltr'>quibus</span> <span class='ocrx_word' id='word_1_170' title='bbox 506 2435 688 2528; x_wconf 79' lang='lat' dir='ltr'>regionibus</span> <span class='ocrx_word' id='word_1_171' title='bbox 701 2450 849 2528; x_wconf 89' lang='lat' dir='ltr'>quattuor</span> <span class='ocrx_word' id='word_1_172' title='bbox 862 2462 954 2524; x_wconf 88' lang='lat' dir='ltr'>reges</span> <span class='ocrx_word' id='word_1_173' title='bbox 966 2449 1145 2525; x_wconf 86' lang='lat' dir='ltr'>praeerant,</span> 
     </span>
     <span class='ocr_line' id='line_1_27' title="bbox 186 2523 1144 2612; baseline -0.002 -22"><span class='ocrx_word' id='word_1_174' title='bbox 186 2525 386 2612; x_wconf 76' lang='lat' dir='ltr'>Cingetorix,</span> <span class='ocrx_word' id='word_1_175' title='bbox 410 2525 583 2608; x_wconf 88' lang='lat' dir='ltr'>Carvilius,</span> <span class='ocrx_word' id='word_1_176' title='bbox 606 2526 851 2610; x_wconf 81' lang='lat' dir='ltr'>Taximagulus,</span> <span class='ocrx_word' id='word_1_177' title='bbox 875 2523 1038 2610; x_wconf 70' lang='lat' dir='ltr'>S&#39;egovax,</span> <span class='ocrx_word' id='word_1_178' title='bbox 1065 2547 1144 2589; x_wconf 90' lang='lat' dir='ltr'>nun·</span> 
     </span>
     <span class='ocr_line' id='line_1_28' title="bbox 186 2610 1144 2698; baseline -0.002 -23"><span class='ocrx_word' id='word_1_179' title='bbox 186 2614 244 2676; x_wconf 83' lang='lat' dir='ltr'>tios</span> <span class='ocrx_word' id='word_1_180' title='bbox 272 2612 368 2674; x_wconf 90' lang='lat' dir='ltr'>mittit</span> <span class='ocrx_word' id='word_1_181' title='bbox 396 2621 491 2698; x_wconf 89' lang='lat' dir='ltr'>atque</span> <span class='ocrx_word' id='word_1_182' title='bbox 519 2612 569 2676; x_wconf 91' lang='lat' dir='ltr'>his</span> <span class='ocrx_word' id='word_1_183' title='bbox 597 2615 747 2698; x_wconf 90' lang='lat' dir='ltr'>imperat,</span> <span class='ocrx_word' id='word_1_184' title='bbox 777 2614 823 2676; x_wconf 91' lang='lat' dir='ltr'>uti</span> <span class='ocrx_word' id='word_1_185' title='bbox 852 2613 969 2678; x_wconf 82' lang='lat' dir='ltr'>coactis</span> <span class='ocrx_word' id='word_1_186' title='bbox 999 2610 1144 2674; x_wconf 90' lang='lat' dir='ltr'>omnibus</span> 
     </span>
     <span class='ocr_line' id='line_1_29' title="bbox 186 2696 1142 2783; baseline 0 -23"><span class='ocrx_word' id='word_1_187' title='bbox 186 2697 284 2783; x_wconf 86' lang='lat' dir='ltr'>copiis</span> <span class='ocrx_word' id='word_1_188' title='bbox 308 2706 411 2760; x_wconf 86' lang='lat' dir='ltr'>castra</span> <span class='ocrx_word' id='word_1_189' title='bbox 432 2696 559 2762; x_wconf 84' lang='lat' dir='ltr'>navalia</span> <span class='ocrx_word' id='word_1_190' title='bbox 581 2697 621 2762; x_wconf 92' lang='lat' dir='ltr'>de</span> <span class='ocrx_word' id='word_1_191' title='bbox 649 2699 822 2783; x_wconf 83' lang='lat' dir='ltr'>improviso</span> <span class='ocrx_word' id='word_1_192' title='bbox 845 2697 1026 2762; x_wconf 89' lang='lat' dir='ltr'>adoriantur</span> <span class='ocrx_word' id='word_1_193' title='bbox 1047 2705 1142 2782; x_wconf 88' lang='lat' dir='ltr'>atque</span> 
     </span>
     <span class='ocr_line' id='line_1_30' title="bbox 185 2781 1143 2870; baseline -0.002 -24"><span class='ocrx_word' id='word_1_194' title='bbox 185 2791 376 2868; x_wconf 87' lang='lat' dir='ltr'>oppugnent.</span> <span class='ocrx_word' id='word_1_195' title='bbox 434 2783 462 2847; x_wconf 90' lang='lat' dir='ltr'>Ii</span> <span class='ocrx_word' id='word_1_196' title='bbox 497 2805 594 2870; x_wconf 92' lang='lat' dir='ltr'>quum</span> <span class='ocrx_word' id='word_1_197' title='bbox 626 2783 667 2847; x_wconf 91' lang='lat' dir='ltr'>ad</span> <span class='ocrx_word' id='word_1_198' title='bbox 699 2795 804 2847; x_wconf 89' lang='lat' dir='ltr'>castra</span> <span class='ocrx_word' id='word_1_199' title='bbox 834 2785 1010 2862; x_wconf 85' lang='lat' dir='ltr'>venissent,</span> <span class='ocrx_word' id='word_1_200' title='bbox 1042 2781 1143 2845; x_wconf 84' lang='lat' dir='ltr'>nostri</span> 
     </span>
    </p>
   </div>
   <div class='ocr_carea' id='block_1_3' title="bbox 185 2867 1267 3040">
    <p class='ocr_par' dir='ltr' id='par_1_5' title="bbox 185 2867 1267 3040">
     <span class='ocr_line' id='line_1_31' title="bbox 185 2867 1267 2952; baseline 0.004 -20"><span class='ocrx_word' id='word_1_201' title='bbox 185 2869 348 2952; x_wconf 86' lang='lat' dir='ltr'>eruptione</span> <span class='ocrx_word' id='word_1_202' title='bbox 369 2867 453 2933; x_wconf 79' lang='lat' dir='ltr'>lacta</span> <span class='ocrx_word' id='word_1_203' title='bbox 474 2869 581 2932; x_wconf 88' lang='lat' dir='ltr'>multis</span> <span class='ocrx_word' id='word_1_204' title='bbox 597 2891 705 2933; x_wconf 91' lang='lat' dir='ltr'>eorum</span> <span class='ocrx_word' id='word_1_205' title='bbox 726 2869 908 2950; x_wconf 77' lang='lat' dir='ltr'>interiectis,</span> <span class='ocrx_word' id='word_1_206' title='bbox 932 2877 1023 2952; x_wconf 89' lang='lat' dir='ltr'>capto</span> <span class='ocrx_word' id='word_1_207' title='bbox 1046 2868 1143 2932; x_wconf 85' lang='lat' dir='ltr'>etiam</span> <span class='ocrx_word' id='word_1_208' title='bbox 1266 2929 1267 2936; x_wconf 71' lang='grc'>,</span> 
     </span>
     <span class='ocr_line' id='line_1_32' title="bbox 185 2947 1267 3040; baseline 0 -24"><span class='ocrx_word' id='word_1_209' title='bbox 185 2953 284 3017; x_wconf 91' lang='lat' dir='ltr'>nobili</span> <span class='ocrx_word' id='word_1_210' title='bbox 306 2953 386 3018; x_wconf 91' lang='lat' dir='ltr'>duce</span> <span class='ocrx_word' id='word_1_211' title='bbox 414 2953 608 3040; x_wconf 87' lang='lat' dir='ltr'>Lugotorige</span> <span class='ocrx_word' id='word_1_212' title='bbox 635 2977 708 3019; x_wconf 89' lang='lat' dir='ltr'>suos</span> <span class='ocrx_word' id='word_1_213' title='bbox 736 2953 910 3019; x_wconf 86' lang='lat' dir='ltr'>incolumes</span> <span class='ocrx_word' id='word_1_214' title='bbox 938 2953 1143 3018; x_wconf 82' lang='lat' dir='ltr'>reduxemrit.</span> <span class='ocrx_word' id='word_1_215' title='bbox 1265 2947 1267 3036; x_wconf 76' lang='lat' dir='ltr'>l</span> 
     </span>
    </p>
   </div>
   <div class='ocr_carea' id='block_1_4' title="bbox 184 3037 1143 3210">
    <p class='ocr_par' dir='ltr' id='par_1_6' title="bbox 184 3037 1143 3210">
     <span class='ocr_line' id='line_1_33' title="bbox 184 3037 1143 3130; baseline -0.004 -26"><span class='ocrx_word' id='word_1_216' title='bbox 184 3037 442 3104; x_wconf 77' lang='lat' dir='ltr'>Cassivellaunus</span> <span class='ocrx_word' id='word_1_217' title='bbox 466 3041 526 3104; x_wconf 91' lang='lat' dir='ltr'>hoc</span> <span class='ocrx_word' id='word_1_218' title='bbox 554 3040 674 3130; x_wconf 89' lang='lat' dir='ltr'>proelio</span> <span class='ocrx_word' id='word_1_219' title='bbox 696 3042 856 3124; x_wconf 91' lang='lat' dir='ltr'>nuntiato,</span> <span class='ocrx_word' id='word_1_220' title='bbox 878 3047 926 3104; x_wconf 87' lang='lat' dir='ltr'>tot</span> <span class='ocrx_word' id='word_1_221' title='bbox 947 3038 1143 3102; x_wconf 83' lang='lat' dir='ltr'>detrimentis</span> 
     </span>
     <span class='ocr_line' id='line_1_34' title="bbox 185 3125 1142 3210; baseline -0.001 -22"><span class='ocrx_word' id='word_1_222' title='bbox 185 3125 337 3210; x_wconf 87' lang='lat' dir='ltr'>acceptis,</span> <span class='ocrx_word' id='word_1_223' title='bbox 366 3126 498 3189; x_wconf 84' lang='lat' dir='ltr'>vastatis</span> <span class='ocrx_word' id='word_1_224' title='bbox 533 3125 666 3208; x_wconf 90' lang='lat' dir='ltr'>finibus,</span> <span class='ocrx_word' id='word_1_225' title='bbox 696 3127 834 3190; x_wconf 84' lang='lat' dir='ltr'>maxime</span> <span class='ocrx_word' id='word_1_226' title='bbox 861 3127 955 3189; x_wconf 75' lang='lat' dir='ltr'>edam</span> <span class='ocrx_word' id='word_1_227' title='bbox 1004 3131 1142 3188; x_wconf 89' lang='lat' dir='ltr'>ermotus</span> 
     </span>
    </p>
   </div>
   <div class='ocr_carea' id='block_1_5' title="bbox 182 3208 1143 3554">
    <p class='ocr_par' dir='ltr' id='par_1_7' title="bbox 182 3208 1143 3554">
     <span class='ocr_line' id='line_1_35' title="bbox 184 3208 1143 3312; baseline -0.002 -38"><span class='ocrx_word' id='word_1_228' title='bbox 184 3209 359 3275; x_wconf 82' lang='lat' dir='ltr'>deiectione</span> <span class='ocrx_word' id='word_1_229' title='bbox 375 3212 546 3294; x_wconf 87' lang='lat' dir='ltr'>civitatum,</span> <span class='ocrx_word' id='word_1_230' title='bbox 562 3211 683 3298; x_wconf 87' lang='lat' dir='ltr'>legatos</span> <span class='ocrx_word' id='word_1_231' title='bbox 697 3233 755 3312; x_wconf 89' lang='lat' dir='ltr'>per</span> <span class='ocrx_word' id='word_1_232' title='bbox 768 3211 954 3276; x_wconf 85' lang='lat' dir='ltr'>Atrebatem</span> <span class='ocrx_word' id='word_1_233' title='bbox 994 3208 1143 3276; x_wconf 87' lang='lat' dir='ltr'>ommium</span> 
     </span>
     <span class='ocr_line' id='line_1_36' title="bbox 183 3295 1142 3383; baseline 0 -25"><span class='ocrx_word' id='word_1_234' title='bbox 183 3295 223 3359; x_wconf 89' lang='lat' dir='ltr'>de</span> <span class='ocrx_word' id='word_1_235' title='bbox 238 3296 397 3361; x_wconf 88' lang='lat' dir='ltr'>deditione</span> <span class='ocrx_word' id='word_1_236' title='bbox 412 3296 454 3361; x_wconf 88' lang='lat' dir='ltr'>ad</span> <span class='ocrx_word' id='word_1_237' title='bbox 475 3295 645 3362; x_wconf 87' lang='lat' dir='ltr'>Caesarem</span> <span class='ocrx_word' id='word_1_238' title='bbox 668 3297 772 3362; x_wconf 77' lang='lat' dir='ltr'>mittit.</span> <span class='ocrx_word' id='word_1_239' title='bbox 809 3295 938 3380; x_wconf 88' lang='lat' dir='ltr'>Caesar,</span> <span class='ocrx_word' id='word_1_240' title='bbox 958 3313 1055 3383; x_wconf 89' lang='lat' dir='ltr'>quum</span> <span class='ocrx_word' id='word_1_241' title='bbox 1069 3315 1142 3358; x_wconf 89' lang='lat' dir='ltr'>eon·</span> 
     </span>
     <span class='ocr_line' id='line_1_37' title="bbox 183 3380 1142 3469; baseline 0.002 -25"><span class='ocrx_word' id='word_1_242' title='bbox 183 3381 335 3457; x_wconf 84' lang='lat' dir='ltr'>stituisset</span> <span class='ocrx_word' id='word_1_243' title='bbox 362 3380 502 3446; x_wconf 89' lang='lat' dir='ltr'>hiemare</span> <span class='ocrx_word' id='word_1_244' title='bbox 530 3384 564 3446; x_wconf 91' lang='lat' dir='ltr'>in</span> <span class='ocrx_word' id='word_1_245' title='bbox 600 3383 772 3448; x_wconf 88' lang='lat' dir='ltr'>continenti</span> <span class='ocrx_word' id='word_1_246' title='bbox 804 3391 935 3469; x_wconf 83' lang='lat' dir='ltr'>propter</span> <span class='ocrx_word' id='word_1_247' title='bbox 961 3381 1142 3467; x_wconf 83' lang='lat' dir='ltr'>repentinos</span> 
     </span>
     <span class='ocr_line' id='line_1_38' title="bbox 182 3465 1141 3554; baseline 0 -22"><span class='ocrx_word' id='word_1_248' title='bbox 182 3465 308 3532; x_wconf 79' lang='lat' dir='ltr'>Calliae</span> <span class='ocrx_word' id='word_1_249' title='bbox 336 3476 463 3546; x_wconf 86' lang='lat' dir='ltr'>motus,</span> <span class='ocrx_word' id='word_1_250' title='bbox 493 3489 597 3551; x_wconf 87' lang='lat' dir='ltr'>neque</span> <span class='ocrx_word' id='word_1_251' title='bbox 625 3468 759 3533; x_wconf 90' lang='lat' dir='ltr'>multum</span> <span class='ocrx_word' id='word_1_252' title='bbox 793 3471 922 3534; x_wconf 86' lang='lat' dir='ltr'>aestatis</span> <span class='ocrx_word' id='word_1_253' title='bbox 952 3474 1141 3554; x_wconf 83' lang='lat' dir='ltr'>superesset,</span> 
     </span>
    </p>
   </div>
   <div class='ocr_carea' id='block_1_6' title="bbox 0 0 1286 3966">
    <p class='ocr_par' dir='ltr' id='par_1_8' title="bbox 0 0 1286 3966">
     <span class='ocr_line' id='line_1_39' title="bbox 0 0 1286 3966; baseline 0 2"><span class='ocrx_word' id='word_1_254' title='bbox 0 0 1286 3966; x_wconf 95' lang='lat' dir='ltr'> </span> 
     </span>
    </p>
   </div>
  </div>
 </body>
</html>
