2490 3974
196 259 259 325 236
506 259 634 324 BnLLl
656 259 845 326 AFRIOAE

198 428 258 492 sibi
279 429 431 500 auxilium
453 433 605 494 mitteret:
641 451 676 495 se
708 440 814 494 tamen
840 439 967 515 paratos
989 451 1067 494 esse
1098 431 1184 510 sibi,

196 513 304 662 quoad
324 517 391 579 vita
412 539 470 601 sup
493 525 600 596 eteret,
636 518 786 601 oppidum
809 537 907 601 seque
929 518 958 578 ei
979 539 1183 580 reservare.

225 610 335 684 egatus
358 539 550 666 oollauclatos
574 600 693 666 Caesar
715 600 841 665 domum
862 600 951 664 iubet
965 601 1182 665 antecedere

198 705 236 746 ac
258 707 349 750 suum
382 686 551 751 adventum
583 687 816 770 praenuntiare.
859 685 933 770 Ipse
954 695 1091 771 postero
1119 686 1180 748 die

197 769 292 833 Utica
322 792 467 856 egressus
490 793 562 835 cum
584 773 727 856 equitatu
749 771 781 833 in
803 791 937 856 regnum
958 773 1003 834 ire
1027 781 1177 835 conten-

196 853 251 918 dit.
273 854 404 920 lnterim
426 857 460 919 in
481 857 592 920 itinere
616 877 659 918 ex
680 857 776 940 regiis
791 857 889 941 copiis
905 855 1000 920 duces
1016 856 1177 940 complu-

196 961 247 1001 res
271 939 312 1002 ad
335 939 507 1004 Caesarem
528 943 660 1005 veniunt
683 950 843 1024 orantque,
866 952 901 1004 ut
917 940 978 1003 sibi
999 942 1174 1024 ignoscat

197 1022 319 1102 Quibus
343 1025 536 1110 supplicibus
557 1028 653 1090 venia
674 1026 747 1089 data
762 1025 891 1090 Zamam
913 1028 1072 1111 pervenit.
1101 1025 1175 1089 Ru·

195 1131 284 1173 more
305 1111 431 1174 interim
452 1111 574 1196 perlato
597 1111 637 1174 de
666 1113 732 1175 eius
763 1110 890 1174 lenitate
924 1110 1172 1197 clementiaque

195 1195 422 1280 propemodum
444 1217 553 1260 omnes
575 1198 666 1280 regni
681 1197 803 1281 equites
817 1196 947 1260 Zamam
967 1197 1172 1280 perveniunt

196 1279 237 1343 ad
260 1279 430 1344 Caesarem
446 1281 486 1345 ab
502 1303 603 1366 eoque
615 1290 688 1345 sunt
698 1289 784 1345 metu
799 1280 1001 1366 periculoque
1017 1280 1168 1344 liberati.

258 1365 309 1428 93.
346 1366 431 1429 Dum
464 1367 543 1430 baec
576 1365 743 1452 utrobique
776 1376 937 1514 qai-untur,
976 1365 1166 1446 Considius,

195 1451 249 1532 qui
271 1450 427 1514 Thisdrae
450 1473 522 1524 cum
536 1451 657 1516 familia
672 1473 738 1532 sua,
761 1453 949 1538 gadiatoria
961 1473 1058 1514 manu
1076 1450 1164 1514 Gae-

194 1533 332 1621 tulisque
354 1547 509 1621 praeerat,
532 1539 660 1621 cognita
681 1537 778 1601 caede
809 1559 937 1601 suorum
959 1536 1164 1622 Domitiique

195 1629 226 1683 et
248 1619 408 1705 legionum
431 1621 569 1686 adventu
592 1622 776 1707 perterritus
800 1622 967 1708 desperata
982 1620 1088 1684 salute
1107 1644 1161 1706 op-

193 1705 303 1789 pidum
325 1705 442 1770 deserit
464 1729 560 1793 seque
584 1707 667 1771 clam
692 1729 763 1772 cum
791 1709 901 1793 paucis
934 1706 1080 1771 barbaris
1105 1729 1161 1791 pe-

195 1793 287 1854 cunia
309 1802 438 1856 onustus
461 1790 608 1856 subducit
631 1800 726 1877 atque
747 1795 781 1856 in
802 1815 934 1878 regnum
956 1793 1066 1876 fugere
1084 1814 1159 1856 con-

193 1875 303 1940 tendit.
327 1876 430 1956 Quem
453 1877 588 1958 Gaetuli,
624 1879 673 1942 sui
695 1880 834 1959 comites,
868 1879 901 1942 in
923 1879 1034 1942 itinere
1065 1899 1157 1962 prae-

194 1959 255 2024 dae
278 1963 383 2047 cupidi
417 1962 586 2026 concidunt
611 1985 708 2048 seque
730 1964 763 2026 in
786 1985 1001 2048 quascumque
1023 1971 1156 2046 potuere

192 2057 299 2130 partes
315 2047 489 2112 conferunt.
513 2047 549 2112 0.
561 2050 688 2112 interim
703 2048 872 2134 Vergilius,
889 2059 1054 2134 postquam
1069 2059 1156 2110 terra

192 2133 273 2194 mari
295 2155 335 2197 ue
358 2132 484 2197 clausus
507 2155 542 2198 se
557 2133 638 2197 nihil
660 2135 817 2218 proficere
838 2133 995 2198 intellexit
1016 2154 1154 2217 suosque

192 2215 257 2279 inte
288 2227 375 2282 ectos
397 2227 452 2282 aut
472 2217 608 2303 fugatos,
631 2219 774 2282 Marcum
796 2218 949 2284 Catonem
964 2216 1076 2282 Uticae
1093 2217 1154 2281 sibi

191 2301 297 2385 ipsum
319 2325 432 2367 manus
456 2303 609 2385 attulisse,
634 2327 743 2388 regem
765 2325 882 2390 vagum
906 2327 925 2367 a
947 2304 1076 2386 suisque
1099 2302 1150 2366 de·

192 2395 310 2450 sertum
333 2387 373 2451 ab
397 2388 542 2453 omnibus
565 2391 739 2474 aspernari,
762 2388 933 2453 Saburram
956 2389 1085 2472 eiusque
1101 2408 1149 2452 co·
1218 2433 1219 2450 2

192 2471 262 2554 pias
286 2472 326 2536 ab
355 2472 447 2537 Sittio
470 2495 540 2538 esse
570 2474 701 2555 deletas,
733 2474 847 2538 Uticae
881 2473 1051 2537 Caesarem
1083 2474 1149 2536 sine

192 2577 282 2618 mora
304 2567 475 2642 receptum,
498 2559 538 2622 de
559 2569 647 2623 tanto
670 2561 812 2623 exercitu
826 2559 977 2644 reliquias
998 2579 1068 2622 esse
1081 2559 1148 2621 nul-

192 2638 249 2718 las,
284 2641 346 2707 sibi
369 2644 498 2729 suisque
520 2643 629 2708 liberis
652 2667 671 2708 a
694 2644 828 2708 Caninio
860 2642 1059 2728 proconsule,
1095 2645 1147 2727 qui

192 2746 264 2788 eum
288 2727 462 2810 obsidebat,
495 2729 557 2793 fide
580 2739 710 2814 accepta
732 2751 828 2815 seque
852 2738 883 2793 et
904 2751 963 2793 sua
984 2730 1088 2792 omnia
1117 2739 1146 2792 et

191 2811 342 2896 oppidum
363 2813 543 2898 proconsuli
564 2815 669 2879 tradit.

256 2896 306 2960 94.
330 2898 400 2961 Rex
422 2899 546 2962 interim
570 2899 609 2963 ab
634 2899 777 2963 omuibus
801 2898 979 2964 civitatibus
1001 2896 1144 2962 exclusus

192 2981 359 3066 desperata
381 2983 491 3066 salute,
515 3005 610 3070 quum
633 2987 696 3049 iam
719 2995 868 3049 coenatus
892 2992 976 3050 esset
998 3005 1070 3046 cum
1088 2982 1143 3048 Pe·

190 3067 279 3148 treio,
303 3079 337 3131 ut
360 3090 431 3132 cum
446 3071 562 3134 virtute
584 3070 741 3133 interfecti
764 3092 834 3134 esse
849 3068 1041 3148 viderentur,
1063 3068 1142 3134 ferro

190 3151 274 3215 inter
296 3175 330 3216 se
353 3152 436 3238 dcpu
482 3163 544 3234 ant,
568 3163 663 3240 atque
685 3154 803 3219 firmior
816 3153 1055 3218 imbecilliorem
1069 3152 1142 3218 Iuba

190 3235 351 3301 Petreium
379 3238 472 3302 facie
491 3239 575 3304 ferro
599 3242 802 3324 consumpsit.
836 3239 921 3304 Dein
951 3261 1047 3324 quum
1078 3239 1140 3322 ipse

191 3320 251 3384 sibi
286 3333 453 3388 conaretur
484 3323 591 3409 gladio
628 3325 774 3388 traiicere
802 3334 912 3409 pectus
945 3346 1004 3388 nec
1030 3335 1138 3408 posset,

189 3405 336 3562 precibus
359 3431 379 3472 a
401 3429 494 3472 servo
525 3431 581 3472 suo
603 3409 799 3494 impetravit,
833 3418 867 3472 ut
894 3431 928 3474 se
956 3409 1138 3473 interficeret

201 3489 297 3574 idque
319 3491 473 3573 obtinuitl.
