2562 3966
202 221 265 291 134
458 225 520 294 ΒΕ
540 225 686 296 BELLO
709 227 901 296 GALLICO

198 393 295 481 fugae
314 395 397 466 ferre
420 419 484 470 non
505 407 622 500 posset,
645 399 792 466 omnibus
813 399 963 488 precibus
986 399 1163 467 dmestams

198 480 432 567 Ambiorigem,
462 507 517 571 qur
549 485 618 554 aius
637 485 771 552 'consilii
799 495 909 552 auctor
929 485 1051 569 fixisset,
1073 495 1161 568 taxo,
1195 523 1207 560 .

106 591 108 595 ’
199 568 289 632 cuius
321 589 438 654 magna
466 571 500 636 in
529 568 635 639 Gallia
665 571 900 662 Germaniaque
930 573 1023 659 copia
1044 580 1102 654 est,
1125 592 1163 636 ae

197 654 398 721 exanimavit

262 739 314 808 32.
337 739 434 826 Segni
450 741 679 830 Condrusique,
703 765 745 808 ex
766 753 861 831 gente
884 754 916 808 et
936 764 1068 808 numero
1080 741 1160 807 Ger

197 845 371 907 maneriam,
388 829 442 912 qui
457 837 529 894 sunt
543 830 625 896 inter
639 829 807 895 Eburones
822 829 1052 914 Treverosque,
1074 827 1162 912 lega·
1260 883 1261 918 ,

197 917 246 974 tos
272 909 313 976 ad
336 909 508 980 Caesarem
528 915 683 980 miserunt
697 923 829 996 oratum,
851 936 892 980 ne
909 935 944 978 se
966 914 1000 977 in
1020 911 1160 976 hostium

197 1015 330 1065 numero
366 993 496 1066 duceret
530 1021 613 1066 neve
645 1001 785 1067 omnium
819 999 1069 1081 Germanorum,
1106 1000 1160 1084 qui

197 1089 304 1146 essent
321 1082 405 1148 citra
426 1083 581 1169 Rhenum,
604 1107 702 1151 unam
728 1107 799 1150 esse
828 1107 957 1150 causam
986 1083 1160 1148 iudicaret:

196 1165 276 1232 nihil
298 1187 333 1233 se
355 1167 395 1232 de
417 1169 502 1237 bello
517 1191 554 1236 cc
579 1172 716 1254 'tavisse
738 1170 826 1235 nulla
840 1169 1018 1255 Ambiorigi
1040 1167 1162 1234 auxilia

196 1253 330 1320 misisse.
355 1252 475 1320 Caesar
497 1279 560 1342 exp
574 1265 664 1324 orata
684 1279 721 1322 re
743 1256 927 1343 quaestione
949 1256 1159 1340 captivorum,

196 1338 225 1401 si
247 1339 302 1424 qui
323 1338 364 1404 ad
386 1361 440 1404 eos
454 1340 622 1408 Eburones
645 1364 686 1406 ex
707 1341 784 1427 fuga
805 1342 1037 1423 convenissent,
1061 1341 1102 1404 ad
1125 1361 1161 1405 se

195 1431 231 1490 ut
257 1423 498 1509 reducerentur,
528 1428 712 1513 imperavit3
748 1429 776 1492 si
807 1429 852 1491 ita
880 1426 1046 1508 fecissent,
1078 1425 1161 1490 fines

196 1529 306 1576 eorum
328 1531 363 1576 se
390 1511 581 1578 violaturum
610 1514 749 1598 negavit
801 1512 884 1577 Tum
913 1513 1012 1598 copiis
1038 1512 1072 1574 in
1100 1511 1160 1576 tris

195 1603 303 1680 partes
336 1595 511 1663 distributis
554 1598 780 1684 impedimenta
820 1600 960 1662 omnium
996 1595 1160 1681 legionum

194 1679 396 1749 Aduatucam
425 1680 566 1748 contulit.
615 1683 654 1749 ld
683 1683 807 1751 castelli
834 1705 951 1750 nomen
979 1692 1036 1747 cst.
1086 1680 1161 1746 Hoc

194 1764 262 1835 sere
291 1770 400 1832 estin
426 1769 539 1834 mediis
566 1768 753 1834 Eburonum
779 1770 910 1852 finibus,
938 1767 994 1832 ubi
1016 1767 1161 1831 Titurius
1260 1809 1261 1816 κ

195 1859 290 1938 atque
328 1851 561 1919 Aurunculeius
601 1854 763 1920 hiemandi
801 1878 898 1922 causa
938 1853 1160 1919 consederant

195 1936 292 2007 Hunc
314 1961 410 2026 quum
424 1939 555 2025 reliquis
569 1939 666 2020 rebus
681 1939 787 2006 locum
800 1940 959 2028 probarat,
983 1948 1051 2004 tum
1074 1938 1160 2028 quod

196 2044 235 2090 su
257 2025 367 2090 arioris
404 2026 478 2089 antri
510 2027 700 2091 munitiones
729 2027 879 2112 integrae·
901 2024 1091 2108 manebant,
1124 2033 1162 2090 ut

194 2110 261 2174 m⁶¹
351 2109 494 2176 laborem
516 2110 707 2176 sublevaret
743 2111 908 2178 Praesidio
922 2111 1160 2198 impedimentis

194 2191 225 2260 le
249 2195 353 2262 'ouem
393 2197 696 2282 quartamdecimam
727 2197 872 2285 reliquit,
905 2219 1002 2262 unam
1032 2219 1074 2261 ex
1108 2196 1160 2261 his

194 2217 296 2346 tridua
329 2303 409 2366 quas
437 2284 583 2366 proxime
612 2285 807 2369 conscriptas
829 2305 871 2349 ex
892 2283 985 2348 Italia
1007 2281 1157 2346 medune·

194 2374 254 2430 rat.
297 2330 339 2430 lii
361 2366 479 2450 legioni
501 2371 676 2454 castrisque
692 2369 847 2448 Quintum
869 2368 1010 2433 Tullium
1032 2365 1159 2431 Cicero·

194 2472 269 2516 nem
289 2453 435 2536 praeficit
456 2453 672 2541 ducentosque
695 2455 817 2540 equites
839 2454 990 2519 attribuit.

259 2536 310 2606 33.
332 2537 451 2604 Partito
474 2541 615 2605 exercitu
641 2539 747 2604 Titum
768 2539 945 2606 Labienum
967 2559 1038 2602 cum
1059 2535 1158 2622 legio·

194 2621 289 2694 nibus
310 2623 412 2690 tribus
425 2624 475 2688 'ad
491 2623 655 2690 &eanum
669 2647 785 2690 versus·
802 2628 836 2690 in
860 2633 1052 2709 esspartes,
1076 2643 1160 2710 quae

194 2707 360 2795 Menapios
393 2711 559 2797 attingunt,
587 2712 747 2798 proficisci
774 2711 877 2792 iubet;
902 2709 1017 2774 Gaium
1038 2707 1159 2773 Trebo-

194 2795 283 2858 nium
305 2816 378 2860 curn
399 2797 469 2882 pari
490 2796 651 2882 legionum
672 2817 804 2861 numero
826 2795 868 2872 ad
889 2817 960 2858 earn
982 2795 1159 2878 regionem,

196 2901 278 2967 quae
293 2881 335 2945 ad
348 2881 533 2948 Aduatucos
548 2883 682 2965 adiacet,
699 2882 780 2967 depo
802 2879 951 2944 ulandam
962 2880 1074 2964 mittit3
1088 2881 1161 2978 ipse

195 2983 268 3030 cum
288 2965 419 3053 reliquis
441 2966 541 3032 nibus
564 2969 606 3032 ad
627 2967 746 3032 flumen
793 2965 926 3048 caldam,
949 2965 1034 3052 quod
1055 2967 1160 3030 induit

194 3051 228 3116 in
248 3052 388 3136 Mosam,
411 3062 634 3139 extremasque
656 3053 848 3118 Arduennae
870 3061 977 3138 partos
1006 3053 1055 3116 irc
1084 3073 1160 3116 con-

195 3139 306 3222 stituit,
330 3161 488 3225 quocum
531 3141 620 3203 aucis
644 3136 802 3225 equitibus
828 3138 1005 3224 profectum
1026 3137 1160 3202 Ambio·
1260 3199 1261 3218 ,

194 3224 297 3310 rigam
318 3224 476 3290 audiebat.
539 3224 685 3289 iscsdcns
703 3232 775 3308 post
790 3222 873 3288 diem
897 3227 1064 3373 septimum
1086 3243 1161 3287 sese

195 3331 399 3376 reversurum
414 3309 597 3392 confirmat3
621 3329 715 3394 quam
730 3307 772 3373 ad
787 3308 871 3373 diem
887 3311 917 3374 ei
944 3310 1058 3395 egioni,
1075 3330 1160 3393 quae

194 3394 228 3460 in
321 3395 400 3462 sidio
415 3394 663 3481 relinquebatur,
685 3393 795 3460 deberi
816 3394 1006 3460 frumentum
1026 3393 1160 3460 sciebat.

194 3477 243 3546 La
265 3482 372 3544 ienum
388 3479 645 3566 Treboniumque
660 3481 812 3564 hortatur,
824 3483 851 3545 si
867 3480 1062 3568 reipublicae
1074 3501 1162 3545 com·
1260 3511 1261 3570 q
