2534 3970
389 243 524 311 OOMM.
546 243 595 309 ΙΠ
617 243 710 310 ΟΑΡ.
736 243 827 307 1-5,
1045 243 1088 307 ab

130 417 309 503 provisum,
339 414 423 502 quod
452 413 609 481 deditione
637 414 722 478 facta
749 411 974 497 obsidibusque
999 433 1087 476 acce-

130 503 196 588 ptis
218 499 297 564 nihil
323 499 469 565 debello
495 499 669 565 timendum
691 499 934 580 existimaverat,
957 497 1087 563 consilio

132 586 280 650 celeriter
302 590 471 651 convotato
498 586 667 649 sententias
690 586 855 685 exquirere
876 584 989 668 coepit
1017 581 1088 660 Quo

131 673 168 736 iu
191 670 332 754 consilio,
356 692 452 758 quum
478 679 599 734 tanturn
626 670 784 764 repentrni
811 667 944 754 periculi
964 677 1088 752 praeter

132 757 314 842 opinionem
345 755 520 839 accidisset,
550 777 589 819 ac
614 756 678 820 iam
705 754 810 820 omnia
838 753 904 818 fere
927 753 1088 838 superiora

131 841 206 906 loca
224 841 426 905 multitudine
449 849 640 905 armatorum
653 839 810 927 completa
824 839 1087 924 conspicerentur,

132 948 240 1012 neque
264 926 402 991 subsidio
431 925 533 990 veniri
559 947 662 1011 neque
690 933 881 990 commeatus
909 923 1088 1010 supportari

132 1010 314 1076 interclusis
343 1011 506 1076 itineribus
532 1019 672 1097 possent,
701 1031 801 1096 prope
822 1010 893 1096 ,ianr
920 1008 1089 1094 desperata

134 1095 237 1162 salute
266 1097 438 1162 nonnullae
474 1096 654 1161 huiusmodi
686 1095 860 1160 sententiae
893 1092 1086 1177 dicebantur,

133 1190 170 1245 ut
190 1181 421 1268 impedimentis
441 1181 558 1246 relictis
582 1181 745 1266 eruptione
767 1179 851 1244 facta
864 1178 977 1243 iisdem
996 1179 1088 1242 itine-

134 1266 233 1349 ribus,
277 1267 370 1330 uibus
393 1289 429 1331 eo
451 1267 681 1352 pervenissent,
704 1264 898 1329 adsalutem
921 1263 1087 1329 contende·

134 1361 217 1418 rent.
295 1354 374 1417 aiori
395 1361 500 1417 tamen
526 1353 609 1438 parti
639 1352 759 1438 placuit
784 1350 844 1415 hoc
865 1358 1025 1414 reservato
1048 1347 1088 1413 ad

135 1446 311 1526 extremum
337 1436 467 1502 consilio
494 1439 621 1503 interim
648 1440 702 1502 rei
724 1444 872 1502 eventum
899 1434 1035 1522 experiri
1057 1442 1089 1498 et

135 1530 239 1586 castra
260 1522 439 1588 defendere.

201 1607 231 1670 4.
253 1606 353 1672 Brevi
375 1609 475 1693 spatio
488 1609 665 1691 interiectu,
686 1609 743 1673 vix
764 1617 800 1672 ut
820 1606 860 1668 iis
881 1601 988 1686 rebus,
1011 1623 1089 1688 quas

135 1694 379 1776 constituissent,
403 1691 593 1758 collocandis
616 1704 649 1758 at
670 1716 711 1759 ue
733 1688 990 1758 administrandis
1010 1696 1089 1752 tem·

156 1799 195 1841 us
217 1777 360 1858 daretur,
383 1778 489 1842 hostes
513 1781 661 1843 exomni
684 1801 721 1843 us
735 1777 880 1864 partibus
903 1778 996 1860 signo
1016 1773 1089 1840 dato¹

134 1800 325 1945 decurrere,
358 1861 479 1949 lapides
512 1885 673 1950 gaesaque
688 1912 690 1920 Α
704 1865 737 1928 in
769 1861 889 1928 vallum
922 1863 1087 1928 coniicere.

134 1947 242 2012 Nostri
278 1949 356 2013 rimo
371 1948 502 2034 integris
516 1949 638 2013 viribus
653 1949 774 2013 fortiter
787 1970 966 2035 repugnare
986 1967 1089 2033 neque

137 2031 238 2097 ullum
308 2042 374 2097 stra
399 2033 497 2096 telum
524 2055 567 2098 ex
595 2033 666 2098 loco
695 2035 855 2119 superiore
881 2035 1021 2115 mittere,
1054 2043 1091 2096 ut

136 2139 280 2207 quaeque
300 2139 375 2204 pars
398 2127 570 2184 castrorum
594 2118 713 2183 nudata
742 2118 959 2184 defensoribus
1010 2119 1088 2180 remi

135 2202 318 2285 videbatur,
347 2224 385 2267 eo
407 2225 573 2270 occurrere
596 2213 628 2268 et
649 2203 800 2268 auxilium
822 2203 920 2286 ferre3
951 2139 1009 2268 sed
1029 2202 1089 2267 hoe

137 2289 294 2373 superari,
329 2287 413 2374 quod
442 2287 643 2354 diuturnitate
675 2310 802 2376 pugnae
833 2288 941 2353 hostes
974 2288 1089 2352 defessi

135 2371 256 2458 proelio
273 2372 478 2457 excedebant,
503 2373 556 2438 alii
577 2375 710 2460 integris
725 2373 847 2438 viribus
869 2372 1088 2454 succedebant,

138 2479 272 2543 quarum
286 2478 391 2521 rerum
415 2479 434 2522 a
447 2458 564 2522 nostris
578 2467 710 2544 propter
723 2460 913 2546 paucitatem
927 2457 996 2521 fieri
1008 2457 1088 2521 nihil

136 2550 276 2634 poterat,
298 2565 337 2606 ac
357 2565 423 2606 non
443 2542 537 2608 modo
559 2543 683 2608 defesso
706 2565 747 2607 ex
776 2565 882 2629 pugna
904 2543 1088 2624 excedendi,

136 2627 257 2692 sedne
279 2629 384 2692 saucio
408 2626 535 2728 quidem
556 2631 622 2692 eius
644 2628 716 2711 loci,
738 2627 795 2692 ubi
816 2630 1014 2711 constiterat,
1041 2650 1089 2692 re·
1176 2674 1178 2679 -

136 2711 301 2799 linquendi
323 2733 360 2776 ac
383 2733 432 2776 su1
452 2711 627 2801 recipiendi
647 2713 779 2778 facultas
801 2711 946 2777 dabatur.

146 2789 150 2800 ⁴
200 2797 231 2861 5.
260 2796 366 2878 Quum
387 2797 452 2860 iarn
474 2797 607 2885 amplius
629 2798 715 2862 horis
740 2819 797 2861 sex
819 2800 1015 2862 continenter
1034 2819 1090 2883 pu·

137 2892 296 3030 gratetur,
320 2903 358 2946 ac
378 2903 441 2946 non
464 2882 565 2947 solum
578 2885 673 2966 vires,
696 2883 867 2947 sedetiam
890 2882 953 2946 tela
967 2892 1092 2948 nostros

160 2968 318 3049 elicerent,
342 2977 435 3052 atque
457 2966 564 3032 hostes
587 2969 690 3032 acrius
712 2968 867 3034 instarent
888 2966 1090 3052 languidiori·-

137 3049 260 3138 busque
281 3053 398 3116 nostris
420 3051 539 3116 vallum
569 3053 714 3118 scindere
743 3061 775 3116 et
800 3053 901 3116 fossas
921 3074 1000 3116 com
1022 3051 1089 3115 lere

138 3139 332 3222 coepissent,
354 3157 479 3224 resque⁴
492 3147 575 3201 esset
596 3139 660 3201 iam
682 3137 723 3202 ad
745 3145 917 3201 extremum
940 3075 1092 3222 perducta

139 3241 256 3306 casum,
278 3219 410 3284 Publius
433 3219 560 3285 Sextius
573 3221 729 3305 Baculus,
752 3222 846 3307 primi
866 3220 923 3306 pili
941 3222 1090 3304 centurio,

140 3323 233 3394 quern
261 3305 397 3370 Nervico
425 3306 548 3391 proelio
578 3305 791 3393 compluribus
822 3306 998 3370 confectum
1024 3305 1092 3368 vul·

140 3389 268 3455 neribus
291 3390 435 3467 diximus,
461 3393 588 3456 etitem
611 3391 710 3456 Gaius
731 3391 926 3473 Volusenus,
949 3391 1092 3455 tribunus

142 3475 284 3560 militum,
307 3477 357 3542 vir
379 3483 412 3539 et
433 3475 555 3540 consilii
570 3479 677 3562 magni
700 3486 731 3541 et
744 3476 878 3560 virtufis,
901 3475 942 3540 ad
957 3475 1092 3541 Galbam
