2532 3968
182 218 242 284 LX
526 211 786 284 PRAEFATIO.

186 405 190 412 '
248 389 285 456 0.
308 391 328 454 8
343 390 436 456 lectio
447 389 577 476 vulgata
590 389 670 455 haec
685 400 749 454 est:
771 396 838 456 Hoc
852 396 990 470 consecto
1011 397 1139 469 nesorio

183 495 203 541 'a
238 481 361 566 Salonis
394 483 437 540 cd
471 480 584 540 Orici
616 489 771 555 portum
802 481 948 541 statiores
984 482 1140 555 litorum

184 569 284 626 omnio
304 568 394 639 lonqe
409 569 526 640 lateque
541 568 691 626 classibus
708 567 870 641 occupavit
890 583 915 626 e.
939 583 967 640 q.
989 583 1020 625 a
1038 569 1138 647 atque

183 647 217 710 in
238 646 288 710 his
309 645 417 711 verbis
439 645 512 709 libri
534 665 659 732 quoque
672 667 770 710 manu
787 647 911 710 exarati
925 645 1138 729 consentiunt,

186 733 248 795 nisi
271 731 355 818 quod
369 729 403 793 hi
424 730 470 794 ilii
493 737 596 796 dorici
607 731 668 796 ¹vel
691 737 804 811 coryci
818 731 876 818 (ita
889 730 983 794 Vind.
1000 754 1047 816 pr.
1062 753 1140 795 cum

184 815 289 903 Leid.)
318 814 445 880 habent.
482 815 564 880 Mira
592 825 698 881 tamen
723 815 914 881 videbantur
941 814 981 880 Ni
1003 815 1139 901 perdeio

183 900 285 965 verba
313 907 476 965 oScioais
500 908 542 965 cd
565 906 652 966 Orici
666 913 799 982 portum,
823 901 908 988 quod
929 839 1019 966 nulia
1039 923 1165 966 causa»

186 996 270 1050 esset
296 1008 353 1049 cur
383 985 516 1050 alterum
544 986 695 1072 oppidum
723 987 842 1072 ipsum,
872 985 1001 1052 alterius
1024 995 1139 1072 portus

186 1079 499 1154 commemoraretur3
508 1093 606 1156 quare
615 1074 768 1136 correxit:
780 1078 930 1137 oSolonis
938 1079 980 1137 od
989 1077 1140 1137 Oricum

181 1170 339 1240 portus,
370 1164 515 1222 erutiones
543 1170 608 1221 cett.
641 1157 686 1220 At
706 1158 774 1221 iure
796 1158 951 1221 variatam
974 1158 1139 1222 esse-exi·

186 1243 277 1305 stimo
293 1242 475 1323 orationem,
492 1242 576 1326 quod
590 1241 646 1306 illa
660 1243 757 1306 maris
773 1251 805 1306 et
818 1241 946 1306 litorum
961 1243 1139 1328 occupatio,

186 1345 267 1412 quae
289 1349 389 1412 usquo
412 1326 452 1389 ad
475 1327 565 1390 Orici
586 1339 712 1412 portum
733 1327 1066 1412 producebatur,.non
1090 1329 1140 1394 ita

186 1433 227 1474 ex
250 1413 318 1496 ipso
342 1411 527 1476 Salonarum
549 1418 642 1497 portu
663 1414 785 1476 initium
808 1410 969 1498 capiebat,
993 1412 1050 1477 sed
1064 1411 1139 1476 tan'·

185 1507 251 1560 tum
266 1520 305 1560 ex
319 1506 444 1575 rectore
458 1495 550 1560 huius
566 1519 606 1583 op
628 1497 673 1562 idi
694 1499 851 1561 maritimi.
882 1497 1035 1562 Obiectae
1050 1499 1140 1562 enim

185 1591 260 1645 sunt
281 1581 469 1646 Salonarum
490 1585 595 1667 portui
607 1519 817 1668 iitoribusque
833 1581 1050 1647 adiacentibus
1064 1581 1139 1666 plu·

187 1670 286 1730 rimae
311 1667 450 1747 insulae,
482 1677 576 1751 atque
597 1668 629 1730 in
650 1668 689 1730 iis
713 1667 861 1753 Corcyra,
884 1669 1038 1754 primaria
1057 1677 1139 1731 tuuc

189 1754 281 1816 statio
300 1751 409 1816 classis
431 1751 556 1833 Bibuli,
586 1763 618 1816 et
638 1751 707 1816 Issa
728 1753 840 1835 insula,
864 1776 958 1853 quam
978 1751 1018 1816 ab
1039 1752 1138 1816 Octa·

188 1839 240 1900 vio
263 1860 282 1900 a
298 1836 445 1901 Caesaris
467 1837 604 1901 amicitia
625 1859 771 1901 aversam
786 1860 855 1901 esse
869 1839 959 1904 mitio
974 1838 1140 1924 sequentis

186 1923 298 2007 capitis
322 1922 480 1986 docemur.
513 1922 565 1986 Ab
594 1922 643 1986 his
672 1923 784 1987 insulis
807 1945 902 2009 quum
934 1944 998 1987 non
1030 1923 1139 1987 minus

186 2007 342 2071 arcendae
372 2018 480 2072 essent
506 2029 604 2072 naves
635 2007 846 2072 Caesarianae
873 2031 966 2095 quam
995 2007 1036 2071 ab
1064 2008 1140 2092 ipsa

186 2093 365 2156 continente
387 2103 480 2175 terra,
502 2102 589 2178 patet
608 2092 758 2157 Bibulum
780 2115 878 2158 naves
898 2094 939 2157 ad
958 2093 1139 2158 custodiam

187 2177 396 2242 exercendam
418 2189 568 2243 nontam
590 2180 624 2243 in
644 2179 698 2243 illo
719 2190 812 2264 portu
835 2189 866 2243 et
886 2180 919 2242 in
940 2179 1027 2243 fretis
1048 2178 1141 2242 inter

185 2261 305 2326 insulas
327 2273 506 2349 terramque
529 2265 739 2328 coutinentem
761 2264 908 2326 immissis
923 2262 1138 2346 constituisse,

187 2347 243 2412 sed
264 2347 339 2410 inde
362 2346 401 2411 ab
424 2351 554 2434 regione
576 2348 763 2414 Salonarum
786 2348 873 2432 (,von
888 2348 946 2413 der
960 2347 1054 2412 Hohe
1068 2367 1138 2414 von

187 2431 305 2496 Salona
325 2433 389 2519 an‘)
413 2433 510 2499 altum
531 2456 620 2497 mare
642 2444 750 2497 tenere
773 2443 805 2495 et
825 2433 999 2496 insularum
1021 2441 1138 2517 portus

185 2518 266 2582 tueri
287 2519 428 2582 iussisse.
466 2518 559 2597 Quod
580 2528 615 2581 ut
637 2518 829 2602 significaret
844 2516 964 2581 Caesar
985 2519 1039 2580 vix
1059 2517 1138 2582 sim·

186 2600 349 2687 pliciorem
364 2605 579 2688 aptioremque
594 2603 746 2666 rationem
760 2602 841 2665 inire
858 2605 1021 2684 putruisset,
1037 2623 1139 2687 quam

187 2709 283 2773 quum
302 2689 469 2752 scriberet:
486 2710 505 2751 a
520 2694 643 2751 Solonis
665 2694 714 2752 od
738 2691 850 2751 Orici
865 2699 1019 2766 portum
1033 2721 1074 2740 -η-
1090 2723 1138 2737 -

188 2783 349 2852 occupavit
370 2786 434 2839 cett.

229 2893 231 2899 ·
249 2857 355 2922 Medio
378 2879 405 2920 c.
428 2857 448 2919 9
471 2877 566 2942 quum
587 2859 688 2922 teneri
709 2866 877 2943 nequeant,
900 2878 981 2942 quae
1006 2857 1138 2924 codices

186 2943 319 3007 habent:
349 2951 412 3020 qui
433 2950 588 3007 remissi
594 2965 610 3006 s
633 2951 676 3007 ad
689 2949 846 3007 Caesarem
860 2950 977 3021 leontio,
999 2943 1064 3028 Nip
1103 2965 1137 3006 r-

186 3028 275 3092 deius
306 3028 458 3091 correxit:
488 3033 543 3092 Cui
569 3036 617 3092 rei
642 3036 761 3103 miserm
791 3050 850 3114 ego
878 3030 1032 3114 potiorem
1055 2965 1137 3094 ‹iiixi

184 3114 239 3177 vul
263 3124 345 3176 atam
353 3111 518 3178 Michaelis
526 3113 617 3176 Bruti
628 3113 894 3178 emendationem:
908 3119 1008 3190 Quare
1019 3121 1135 3178 missia.

239 3136 326 3264 inira
339 3199 373 3261 in
394 3196 483 3261 libris
498 3199 578 3263 haec
600 3209 729 3263 exarata
750 3209 836 3262 sunt:
860 3207 922 3280 ipsi
941 3221 1030 3263 mareu
1046 3206 1136 3277 sucta

186 3307 253 3349 cum
282 3291 336 3360 iis,
368 3304 444 3362 quos
470 3307 568 3365 nuper
594 3292 748 3348 maximi
779 3291 995 3368 liberaverunt,
1029 3282 1137 3348 Aldus

188 3391 265 3446 quor
286 3391 383 3449 nuper
397 3379 560 3434 monumi
565 3391 661 3454 seor,
685 3370 929 3455 Oudendorpius
944 3389 1021 3448 quos
1034 3389 1138 3448 nuper

186 3462 347 3518 maxime
369 3455 571 3540 scripserunt,
594 3454 806 3542 Nipperdeius
826 3462 950 3519 maximi
973 3455 1064 3518 uncis
1086 3453 1136 3517 in-
