2538 3978
358 231 493 298 doum.
515 233 564 300 III
587 233 681 299 uAP.
704 233 840 298 37-39.
1035 233 1080 298 97

117 427 215 490 quum
237 406 438 490 cognovisset
458 404 574 492 Scipio,
598 406 775 491 suspicatus
796 405 874 488 fore,
896 414 931 470 ut
952 415 1077 492 postero

117 491 170 554 die
192 499 247 554 aut
267 491 385 554 invitm
412 491 563 556 dimicare
592 499 759 576 cogeretur
792 500 847 556 aut
867 513 984 576 magna
1006 513 1077 556 cum

116 576 246 639 infamia
278 577 447 640 castrisue
475 577 658 658 contineret,
690 577 744 662 qui
770 599 886 660 magna
915 586 1077 662 exspecta

115 662 202 726 tione
223 662 374 743 venisset,
396 671 517 726 temere
532 684 721 748 progressus
736 671 861 747 turpem
880 660 991 726 habuit
1013 663 1076 726 exi·

115 755 183 809 tum
214 757 245 810 et
271 757 366 810 noctu
393 769 434 810 ne
462 747 664 812 conclamatis
694 747 821 832 quidem
849 748 937 812 vasis
959 748 1077 812 flumen

115 832 228 895 transit
256 843 350 918 atque
380 834 414 896 in
447 834 580 903 candem
607 841 744 918 partem,
778 855 819 896 ex
851 855 914 918 qua
935 842 1076 915 venerat,

115 917 200 980 redit
226 917 333 1002 ibique
361 941 459 1003 prope
487 919 605 982 flumen
635 919 718 982 edito
745 928 859 982 natura
881 917 950 981 loco
972 927 1078 982 castra

115 1004 230 1088 posuit.
252 1002 367 1066 Paucis
389 1003 502 1068 diebus
518 1004 711 1089 interpositis
726 1013 821 1071 noctu
835 1003 966 1066 insidias
989 1025 1007 1066 e
1030 1003 1076 1068 ui·
1122 997 1135 1054 -’

115 1096 182 1151 tum
205 1087 380 1170 collocavit,
404 1112 465 1174 quo
488 1093 521 1154 in
544 1089 614 1154 loco
638 1087 852 1174 superioribus
873 1089 940 1154 fere
963 1026 1075 1152 dieirus

114 1175 215 1238 nostri
226 1174 374 1258 pabulari
387 1183 631 1257 consueverant,
654 1184 685 1238 et
700 1196 796 1259 quum
811 1174 993 1259 quotidiana
1004 1196 1076 1238 con·

116 1259 283 1324 suetudine
317 1259 355 1338 Q.
388 1259 510 1344 Varus,
543 1261 722 1346 praefectus
759 1261 900 1346 equitum
932 1259 1073 1342 Domitii,

113 1345 264 1426 venisset,
287 1345 392 1410 subito
413 1345 461 1410 illi
490 1369 531 1410 ex
552 1345 674 1410 insidiis
701 1354 977 1411 consurrexerunt.
1012 1344 1082 1410 Sed

113 1431 216 1494 nostri
236 1431 359 1495 fortiter
384 1432 537 1516 impeturn
559 1453 669 1496 eorum
693 1429 843 1512 tulerunt,
867 1430 1075 1516 celeriterque

114 1514 156 1578 ad
179 1539 252 1580 suos
274 1513 406 1602 quisque
429 1518 558 1582 ordines
586 1518 688 1597 rediit,
712 1527 806 1602 atque
829 1515 912 1580 uitro
934 1517 1076 1582 universi

112 1601 149 1664 in
177 1599 284 1666 hostes
311 1605 461 1680 impetum
490 1603 648 1684 fecemmt3
678 1623 720 1666 ex
748 1601 796 1666 his
825 1603 951 1666 circiter
977 1609 1075 1664 Lxxx

112 1687 296 1767 interfectis,
319 1687 448 1773 reliquis
470 1691 503 1752 in
525 1689 631 1773 fugam
653 1689 813 1770 coniectis,
836 1687 959 1753 duobus
983 1688 1074 1751 amis-

115 1772 159 1836 sis
181 1773 215 1834 in
237 1782 343 1836 castra
364 1795 398 1836 se
420 1784 617 1858 receperunt.

179 1857 229 1920 38.
253 1857 313 1920 His
334 1857 429 1922 rebus
445 1862 541 1944 gestis
562 1857 722 1927 Domitius
745 1881 877 1944 sperans
892 1857 1074 1943 Scipionem

115 1942 157 2006 ad
178 1965 317 2028 pugnam
346 1943 418 2008 elici
446 1967 541 2030 posse
570 1945 728 2010 simulavit
758 1967 828 2009 sese
850 1944 1003 2029 angustiis
1026 1946 1075 2008 rei

113 2028 342 2093 frumentariae
371 2029 540 2094 adductum
570 2041 675 2094 castra
696 2051 825 2095 movere
847 2032 996 2115 vasisque
1017 2031 1074 2094 mi-

115 2113 199 2178 litari
221 2136 309 2178 more
332 2115 534 2179 conclamatis
554 2137 741 2201 progressus
763 2115 850 2180 milia
871 2137 1023 2200 passuum
1038 2122 1074 2177 111

7 2279 9 2284 Ι
47 2281 51 2292 ,
114 2197 184 2265 loco
207 2201 322 2265 idoneo
346 2211 377 2264 et
399 2199 521 2264 occulto
543 2223 667 2266 omnem
690 2202 864 2266 exercitum
887 2202 1074 2286 equitatum·

114 2307 176 2371 que
199 2284 375 2351 collocavit
399 2285 504 2371 Scipio
521 2286 561 2350 ad
580 2287 775 2371 sequendum
790 2295 918 2372 paratus
934 2287 1074 2372 equitum

113 2393 262 2457 magnam
280 2382 422 2522 partem
458 2371 499 2434 ad
535 2371 760 2456 explorandum
782 2375 843 2436 iter
879 2371 1011 2436 Domitii
1044 2381 1076 2436 et

115 2478 292 2542 cognoscen
315 2461 368 2522 um
390 2458 562 2543 praemisit.
580 2455 643 2536 Qui
665 2480 761 2542 quum
777 2465 883 2522 essent
900 2459 1073 2542 progressi,

114 2543 298 2629 primaeque
325 2553 447 2608 turmae
475 2543 605 2606 insidias
633 2543 853 2624 intravissent,
884 2565 925 2606 ex
946 2543 1083 2606 fremitu*

116 2650 266 2713 equorum
288 2628 377 2694 illata
399 2630 578 2714 suspicione
608 2627 649 2690 ad
678 2651 750 2692 suos
782 2651 816 2694 se
837 2629 980 2712 recipere
1003 2650 1073 2692 coe·

115 2724 236 2798 parunt,
261 2716 376 2800 quique
398 2715 455 2779 hos
485 2713 698 2800 sequebantur
728 2713 866 2778 celerem
894 2736 1004 2778 eorum
1025 2735 1074 2777 re-

116 2809 238 2884 ceptum
255 2801 428 2885 conspicati
442 2802 635 2864 restiterunt
658 2799 774 2881 Nostri,
791 2799 924 2884 cognitis
940 2798 1071 2881 insidiis,

115 2906 155 2948 ne
175 2885 293 2948 frustra
314 2885 452 2971 reliquos
483 2891 715 2970 exspectarent,
747 2885 825 2949 duas
847 2884 933 2948 nacti
954 2894 1073 2947 tsnmas

117 2967 162 3054 (in
184 2968 232 3032 his
255 2969 313 3034 fuit
333 2971 376 3034 M.
397 2969 551 3056 Opimius,
574 2970 753 3055 praefectus
777 2969 940 3056 equitum),
964 2990 1073 3033 omnes

117 3064 169 3118 aut
183 3056 407 3120 interfecerunt
419 3066 472 3120 aut
488 3066 596 3140 captos
612 3055 652 3118 ad
667 3055 842 3120 Domitium
864 3054 1072 3119 deduxerunt.

156 3141 228 3216 ⁸39.
251 3140 405 3205 Deductis
435 3163 508 3206 orae
538 3141 716 3204 maritimae
745 3139 912 3226 praesidiis
941 3138 1069 3224 Caesar,

18 3283 19 3309 ,
115 3233 265 3310 utsupra
292 3226 541 3292 demonstratum
578 3235 635 3306 est,
658 3234 693 3288 m
725 3226 869 3291 cohortes
900 3223 988 3288 Orici
1019 3247 1072 3309 op·

19 3309 20 3322 ¹
116 3309 179 3396 pidi
199 3311 309 3374 tuendi
338 3333 436 3375 causa
462 3311 590 3396 reliquit
622 3311 788 3397 isdemque
822 3310 993 3374 custodiam
1017 3332 1072 3373 na·

116 3398 199 3459 vium
221 3395 386 3482 longarum
414 3397 552 3478 tradidit,
583 3419 662 3483 quas
690 3419 731 3460 ex
759 3393 852 3460 Italia
878 3395 1072 3460 traduxerat.

117 3481 198 3546 Huic
209 3481 311 3631 osfiIcIio
324 3483 502 3569 oppidoque
512 3482 637 3548 Manius
649 3482 771 3546 Acilius
783 3481 905 3630 legapus
917 3490 1071 3568 praeerat.

168 3584 246 3623 caeno
288 3615 296 3631 ,
992 3611 995 3618 .
