2562 3966
172 204 232 269 124
428 205 489 270 DE
511 204 655 268 BELLO
679 203 871 268 GALLIOO

170 385 328 440 extremos
351 375 430 440 fines
453 399 487 440 se
509 377 683 461 recepisse:
707 375 820 440 silvam
843 399 913 442 esse
940 375 985 439 ibi
1006 375 1130 438 infinita

168 461 400 544 magnitudine,
431 483 512 547 quae
542 461 720 547 appellatur
748 460 902 542 Bacenis;
928 463 1009 524 hanc
1033 457 1127 543 longe

167 544 321 609 introrsus
343 548 502 630 pertinere
524 556 555 610 et
568 569 625 632 pro
640 547 748 610 nativo
764 570 853 612 muro
874 546 1029 611 obiectam
1045 543 1127 607 Ohe·

166 651 277 694 ruscos
307 631 347 694 ab
376 631 489 695 Suebis
520 631 705 718 Suebosque
734 631 773 695 ab
805 631 975 696 Cheruscis
1004 630 1126 693 iniuriis

166 716 463 803 incursionibusque
492 717 676 802 prohibere:
707 716 748 779 ad
778 719 845 780 eius
874 718 996 782 initium
1026 715 1127 780 silvae

167 799 290 865 Suebos
302 801 472 866 adventum
483 803 698 868 Romanorum
712 816 898 888 exspectare
915 803 1125 866 constituisse.

176 943 178 948 ,
232 888 283 950 11.
305 886 463 965 Quoniam
484 889 525 951 ad
547 887 630 952 huno
652 888 757 953 looum
771 897 959 973 perventum
981 897 1038 969 est,
1061 909 1127 951 non

164 968 304 1034 alienum
326 995 396 1036 esse
418 973 543 1036 videtur
565 973 604 1036 de
628 973 753 1037 Galliae
784 971 1036 1059 Germaniaeque
1061 996 1126 1038 mo·

165 1054 253 1120 ribus
277 1066 317 1139 et,
342 1080 403 1144 quo
426 1059 573 1124 differant
595 1059 654 1122 hae
676 1061 821 1124 nationes
843 1062 926 1123 inter
948 1081 1027 1140 sese,
1055 1081 1126 1138 pro-

165 1162 293 1226 ponere.
327 1143 365 1206 In
388 1143 492 1208 Gallia
513 1168 576 1208 non
600 1143 701 1208 solum
723 1146 756 1207 in
775 1144 920 1208 omnibus
946 1144 1125 1208 civitatibus

164 1237 260 1312 atque
292 1230 326 1292 in
360 1230 504 1293 omnibus
536 1232 626 1315 pagis
662 1228 903 1316 lpartibusquel,
939 1229 996 1294 sed
1023 1251 1125 1314 paene

164 1313 259 1376 etiam
283 1314 415 1398 singulis
439 1314 583 1378 domibus
609 1316 761 1380 factiones
782 1324 863 1396 sunt,
887 1337 1059 1400 earumque
1081 1315 1124 1378 fa-

165 1400 303 1461 ctionum
329 1401 490 1484 principes
524 1410 596 1463 sunt
629 1402 682 1486 qui
716 1423 870 1464 summam
907 1401 1126 1464 auctoritatem

163 1504 274 1546 eorum
295 1483 412 1550 iudicio
435 1485 552 1549 habere
576 1487 804 1567 existimantur,
828 1508 962 1570 quorum
985 1485 1026 1548 ad
1041 1484 1125 1549 arbi-

163 1570 260 1631 trium
288 1569 500 1656 iudiciumque
530 1593 654 1634 summa
682 1572 822 1635 omnium
851 1593 956 1633 rerum
980 1569 1124 1634 consilic-

163 1675 296 1741 1umque
325 1655 445 1719 redeat.
471 1656 607 1742 =Itaque
636 1658 702 1720 eius
735 1659 783 1720 rei
819 1677 917 1720 causa
953 1656 1124 1741 antiquitus

163 1738 340 1805 institutum
369 1740 509 1823 videtur,
540 1765 580 1805 ne
610 1744 680 1829 quis
704 1740 861 1827 explebe
883 1750 1124 1826 contrapoten·

163 1825 276 1889 tiorem
298 1825 407 1889 auxilii
431 1835 553 1912 egeret:
578 1849 651 1890 suos
675 1830 760 1890 enim
783 1828 916 1912 quisque
938 1828 1074 1912 opprimi
1095 1837 1126 1892 et

164 1911 386 1974 circumveniri
400 1934 464 1975 non
478 1914 603 1997 patitur,
619 1935 732 1998 neque,
753 1912 886 1975 aliter-si
900 1912 1004 1994 faciat,
1027 1911 1125 1976 ullam

162 1995 245 2059 inter
268 2018 340 2061 suos
363 1995 460 2061 habet
481 2000 708 2062 auctoritatem.
741 1997 832 2062 Haec
847 1997 959 2062 eadem
980 2001 1060 2062 ratio
1077 2005 1126 2061 est

162 2081 197 2143 in
227 2102 349 2145 summa
370 2085 465 2147 totius
495 2082 636 2148 Galliae:
670 2105 807 2168 namque
837 2105 946 2147 omnes
980 2083 1124 2146 civitates

162 2166 196 2229 in
218 2175 336 2250 partes
349 2167 470 2233 divisae
493 2178 565 2232 sunt
587 2169 675 2233 duas.
995 2225 999 2232 .

228 2252 277 2314 12.
301 2251 407 2330 Quum
416 2252 535 2318 Caesar
546 2257 579 2317 in
587 2253 724 2318 Galliam
732 2255 829 2334 venit,
842 2252 972 2316 alterius
980 2253 1124 2316 factionis

161 2337 323 2422 prinsipes
336 2349 426 2402 erant
436 2340 571 2421 Haedui,
585 2339 715 2402 alterius
728 2337 875 2422 Sequani.
899 2338 942 2400 Hi
960 2359 1055 2422 quum
1067 2359 1125 2421 per

162 2444 197 2486 se
219 2424 323 2486 minus
345 2424 499 2505 valerent,
523 2424 607 2509 quod
623 2446 745 2486 summa
759 2425 928 2486 auctoritas
951 2423 1124 2506 antiquitus

162 2518 230 2572 erat
251 2509 284 2571 in
306 2507 449 2573 Haeduis
472 2531 668 2594 magnaeque
692 2529 800 2570 eorum
829 2517 919 2570 erant
947 2506 1123 2589 clientelae,

162 2591 340 2658 Germanos
363 2604 457 2681 atque
478 2594 674 2656 Ariovistum
691 2592 751 2655 sibi
773 2592 983 2656 adiunxerant
1006 2614 1125 2678 eosque

163 2679 261 2743 adse
290 2681 413 2764 magnis
442 2679 574 2742 iacturis
602 2677 946 2763 pollicitationibusque
968 2677 1125 2762 perduxe-

161 2773 241 2828 rant.
285 2764 418 2828 Proeliis
437 2785 514 2827 vero
530 2761 744 2848 compluribus
759 2763 850 2827 factis
867 2763 1014 2826 secundis
1030 2773 1125 2849 atque

161 2851 248 2914 omni
269 2849 433 2914 nobilitate
455 2847 662 2912 Haeduorum
683 2847 849 2912 interfecta
870 2857 991 2912 tantum
1013 2858 1124 2934 poten·

160 2935 205 2998 tia
227 2943 470 3016 antecesserant,
500 2943 536 2996 ut
561 2956 712 3018 magnam
739 2943 863 3018 partem
892 2933 1054 2998 clientium
1084 2933 1124 2998 ab

160 3019 304 3086 Haeduis
327 3019 367 3084 ad
390 3041 424 3083 se
446 3019 650 3084 traducerent
672 3019 862 3105 obsidesque
884 3019 924 3083 ab
946 3021 985 3082 iis
1006 3019 1124 3104 prinoi-

183 3129 237 3169 um
265 3107 347 3170 filios
374 3107 442 3169 aooi
465 3114 554 3169 erent
576 3118 606 3169 et
626 3104 754 3191 publice
776 3106 882 3168 iurare
905 3112 1056 3190 cogerent
1077 3105 1125 3166 ni·

185 3191 205 3254 'l
234 3213 268 3255 se
296 3200 407 3256 contra
436 3127 600 3276 Sequanos
628 3190 752 3254 consilii
779 3191 914 3254 inituros
942 3199 974 3253 et
1025 3198 1126 3252 artem

160 3276 285 3340 finitimi
307 3278 376 3362 agri
397 3298 455 3360 per
475 3277 542 3340 vim
564 3285 750 3360 occupatam
769 3275 972 3361 possiderent
1018 3273 1125 3338 alliac-

161 3382 223 3448 que
245 3365 339 3427 totius
366 3364 578 3447 principa-tum
605 3360 795 3426 obtinerent.
840 3359 912 3440 Qua
933 3361 1125 3423 necessitate

161 3445 316 3513 adductus
343 3445 520 3510 Divitiaeus
556 3445 667 3510 auxilii
702 3445 828 3532 petendi
865 3465 963 3510 causa
991 3443 1128 3509 Romam
