2538 3978
202 193 244 258 ao
468 202 554 266 nn
576 200 719 268 amno
737 150 877 268 'crvnr

201 367 275 434 loca
301 373 481 458 periculosa
506 375 644 459 quietam
671 385 781 438 nactus
804 375 969 439 stationem
992 382 1023 436 et
1051 380 1163 458 portu-s

202 477 311 522 omnes
333 461 456 542 timens,
480 460 564 546 quod
585 461 685 523 teneri
698 460 737 524 ab
754 459 943 524 adversariis
966 457 1161 522 arbitraban-

201 549 261 624 tur,
274 544 397 610 adeum
413 545 526 626 locum,
539 547 593 630 qui
609 569 628 609 a
649 545 827 632 pellabatur
841 545 996 626 Palaeste,
1013 543 1161 607 omnibus

200 627 336 692 navibus
366 631 407 694 ad
434 654 530 697 unam
559 570 769 696 incolumibus
792 631 907 694 milites
930 631 1084 714 exposuit.

235 713 240 720 ’
266 715 294 778 7.
331 715 409 780 Erat
444 717 533 782 Orici
564 717 730 782 Lueretius
763 715 904 802 Vespillo
938 727 969 778 et
1000 715 1158 778 Minucius

198 797 299 863 Rufus
322 823 394 864 curn
415 802 564 866 Asiaticis
587 801 722 872 navibus
744 809 842 884 XVIII,
867 800 981 887 quibus
1003 801 1092 864 iussu
1112 799 1156 863 D.

198 883 301 948 Laelii
322 896 502 971 praeerant,
524 889 568 952 M.
597 887 732 952 Bibulus
759 909 832 951 eum
853 885 986 951 navibus
1010 891 1057 947 CX
1079 883 1158 949 Cor-

198 990 303 1054 cyrae.
332 971 396 1036 Sed
424 995 542 1058 neque·
557 972 604 1036 illi
634 973 695 1037 sibi
716 974 826 1038 confisi
853 995 895 1036 ex
915 981 1008 1058 portu
1028 970 1157 1056 prodire

155 1059 159 1076 ¹
197 1064 271 1118 sunt
300 1059 385 1138 ausi,
416 1081 513 1144 quum
543 1058 661 1122 Caesar
691 1061 817 1124 omnino
846 1065 897 1120 XII
923 1079 1022 1120 naves
1044 1055 1157 1140 longas

196 1141 354 1224 praesidio
385 1143 543 1227 duxisset,
572 1146 606 1208 in
634 1143 748 1230 quibus
778 1153 868 1209 erant
897 1150 1074 1206 constratae
1096 1149 1155 1222 1111,

196 1247 300 1312 neque
321 1227 454 1294 Bibulus
484 1231 642 1315 impeditis
671 1230 806 1294 navibus
828 1229 1041 1314 dispersisque
1062 1228 1155 1289 remi-

196 1311 289 1404 gibus
312 1315 387 1377 satis
410 1324 532 1380 mature
554 1317 699 1397 occurrit,
716 1315 800 1402 quod
819 1315 907 1401 prius
930 1312 972 1376 ad
994 1314 1155 1375 continen-

195 1405 260 1460 tem
281 1400 369 1463 visus
399 1411 447 1464 est
476 1401 603 1484 Caesar,
635 1425 729 1488 quam
758 1401 797 1464 de
820 1402 888 1464 eius
910 1399 1048 1463 adventu
1069 1397 1156 1460 fama

195 1484 323 1548 omnino
345 1486 379 1548 in
401 1509 455 1550 eas
476 1489 623 1572 regiones
646 1487 845 1572 perferretur.

260 1569 288 1634 8.
311 1570 475 1656 Expositis
502 1572 653 1636 militibus
682 1595 781 1637 naves
804 1571 915 1636 eadem
935 1577 1029 1633 nocte
1050 1567 1153 1634 Brun-

195 1653 310 1719 disium
333 1681 352 1722 a
382 1657 522 1722 Caesare
549 1659 759 1740 remittuntur,
786 1669 822 1721 ut
846 1656 988 1743 reliquae
1010 1653 1153 1739 legiones

194 1743 415 1829 equitatusque
438 1745 643 1830 transportari
671 1753 810 1830 possent.
832 1743 917 1806 Huic
939 1740 1041 1805 officio
1063 1759 1152 1823 prae·

192 1828 313 1911 positus
336 1838 402 1892 erat
422 1829 532 1892 Fufius
563 1827 700 1894 Calenus
727 1829 859 1914 legatus,
883 1828 936 1913 qui
958 1825 1152 1890 celeritatem

132 1979 140 1984 ,
191 1913 226 1974 in
247 1915 497 1998 transportandis
527 1915 704 1999 legionibus
727 1914 899 1979 adhiberet.
923 1910 987 1997 Sed
1009 1911 1109 1974 serius
1132 1931 1152 1971 a

191 2005 278 2060 terra
298 2009 467 2084 provectae
488 2023 586 2065 naves
601 2023 718 2086 :neque
746 2023 822 2064 usae
844 2007 997 2062 nocturna
1018 2016 1096 2058 aura
1117 1996 1152 2056 in

191 2083 353 2148 redeundo
376 2085 582 2158 offenderunt.
597 2086 730 2150 Bibulus
752 2087 834 2150 enim
855 2083 1013 2168 Corcyrae
1036 2081 1152 2143 certior

191 2169 293 2232 lactus
321 2169 361 2234 de
388 2171 527 2236 adventu
555 2170 701 2237 Caesaris
730 2192 859 2257 sperans
890 2167 984 2232 alicui
1012 2189 1046 2230 se
1066 2167 1151 2250 parti

192 2263 376 2336 onustarum
397 2261 526 2322 navium
541 2280 706 2324 occurrere
728 2280 822 2343 posse
843 2254 990 2319 inanibus
1012 2253 1151 2316 occurrit

191 2347 223 2400 et
245 2349 355 2404 nactus
378 2344 505 2408 circiter
532 2351 611 2406 XXX
639 2345 673 2408 in
695 2366 750 2408 eas
771 2341 988 2428 indiligentiae
1011 2358 1086 2400 suae
1109 2357 1150 2398 ac

191 2421 306 2488 doloris
328 2427 523 2492 iracundiam
545 2430 646 2516 erupit
669 2433 841 2514 omnesque
862 2425 1001 2490 incendit
1022 2421 1147 2486 eodem-

103 2575 106 2582 «
191 2530 252 2593 que
273 2511 348 2594 igne
376 2523 487 2578 nautas
517 2515 723 2602 dominosque
749 2515 879 2578 navium
904 2508 1060 2575 interfecit
1081 2528 1146 2569 ma·
1240 2587 1243 2602 ι

189 2595 353 2678 gnitudine
374 2620 496 2682 poenae
517 2601 655 2686 reliquos
684 2601 796 2664 terreri
818 2619 957 2684 sperans.
980 2595 1051 2658 Hoc
1073 2614 1145 2656 con·
1243 2605 1244 2608 ’

188 2679 271 2744 fecto
298 2684 424 2768 negotio
450 2708 470 2749 a
499 2686 624 2751 Salonis
652 2686 693 2751 ad
722 2685 809 2750 Orici
843 2693 968 2770 portum
995 2679 1144 2744 stationes

187 2765 341 2852 litoraque
370 2773 475 2836 omnia
507 2771 601 2858 longe
633 2771 758 2858 lateque
792 2768 946 2834 classibus
979 2767 1145 2848 occupavit

188 2853 402 2939 custodiisque
439 2857 619 2944 diligentius
655 2857 816 2943 dispositis
852 2857 921 2940 ipse
957 2851 1144 3001 gravissima

186 2936 291 3004 hieme
313 2941 347 3003 in
368 2943 503 3008 navibus
518 2943 679 3008 excubans
694 2964 798 3028 neque
813 2940 912 3005 ullum
934 2937 965 3002 la
988 2958 1075 3002 orem
1089 2945 1146 2998 aut

185 3037 300 3088 munus
322 3025 509 3112 despiciens,
545 3051 586 3094 ne
622 3028 708 3114 quod
739 3027 914 3091 subsidium
950 3021 1145 3107 exspectanti

187 3107 318 3174 Caesari
347 3113 381 3174 in
407 3123 611 3200 conspectum
642 3117 752 3178 venire
782 3124 890 3201 posset
933 3162 941 3176 .
986 3161 993 3176 .
1038 3159 1045 3174 .
1091 3158 1099 3172 .

249 3280 278 3344 9.
300 3281 455 3349 Discessu
480 3284 692 3350 Liburnarum
712 3308 753 3350 ex
774 3286 902 3372 Illyrico
923 3286 966 3350 M.
990 3283 1146 3348 Octavius

99 3438 102 3446 Ι
185 3387 257 3429 eum
278 3367 326 3450 iis,
351 3390 428 3455 quas
442 3370 590 3453 habebat,
611 3372 745 3436 navibus
761 3372 894 3437 Salonas
915 3371 1068 3458 pervenit.
1091 3368 1145 3432 Ibi

185 3453 348 3516 concitatis
383 3454 541 3522 Dalmatis
577 3457 771 3544 reliquisque
803 3459 948 3526 barbaris
983 3459 1086 3524 Issam
1125 3479 1147 3522 a
