2538 3978
198 281 261 346 162
460 267 590 346 enm
612 281 913 345 ALEXANDRINI

196 453 277 518 fines
298 456 430 536 veniret,
454 454 575 540 praeda
598 453 776 540 diripienda
790 452 906 516 milites
930 453 1180 538 dissiparentur

197 539 331 624 dispersi
354 562 394 604 ue
417 539 634 604 caederentur.
966 617 968 624 Ι

262 625 312 688 3Ἰ.
334 563 426 689 ilaec
455 647 551 710 quum
581 625 824 706 administraret,
854 645 1027 709 numquam
1056 633 1178 690 tamen

198 710 427 774 intermittebat
448 711 569 796 legatos
592 709 632 774 de
654 733 733 796 pace
761 721 855 796 atque
878 710 1015 773 amicitia
1036 711 1178 774 mittere

199 796 240 858 ad
262 795 447 877 Domitium,
476 817 571 882 quum
599 795 660 860 hoc
688 798 757 880 ipso
780 794 923 859 crederet
945 793 1068 862 facilius
1093 817 1177 860 eum

200 882 304 966 decipi
324 903 430 966 posse.
453 881 496 944 At
516 891 625 944 contra
641 903 714 967 spes
734 883 822 968 pacis
837 879 978 944 Domitio
992 881 1026 942 in
1042 881 1176 944 eisdem

200 967 314 1032 castris
335 967 481 1030 morandi
504 965 608 1030 attulit
622 989 760 1031 causam.
782 966 832 1030 Ita
846 965 1030 1029 Pharnaces
1046 968 1177 1030 amissa

200 1053 338 1137 proximi
359 1053 508 1138 temporis
531 1053 708 1134 occasione,
735 1075 824 1132 quum
845 1060 1019 1133 vereretur,
1048 1073 1090 1115 ne
1115 1073 1176 1116 co-

181 1148 432 1223 ·gnoscerentur
452 1138 596 1220 insidiae,
628 1143 702 1203 suos
724 1140 757 1202 in
780 1145 883 1201 castra
904 1137 1075 1201 revocavit.
1099 1136 1175 1202 Do
1245 1189 1246 1194 ,

199 1224 304 1286 mitius
327 1233 452 1308 postero
474 1223 525 1289 die
540 1225 669 1372 propius
690 1222 869 1372 Nicopolim
891 1223 1025 1286 accessit
1047 1231 1174 1286 castra-

200 1331 263 1456 pue
300 1309 415 1394 oppido
453 1319 546 1374 contu
559 1311 591 1372 it.
635 1309 726 1388 Quae
784 1332 838 1372 um
874 1309 1017 1372 muniunt
1052 1309 1172 1391 nostri,

227 1395 383 1458 harnaces
406 1397 506 1458 aciem
527 1396 676 1460 instruxit
704 1417 759 1458 suo
782 1416 871 1459 more
893 1403 986 1478 atque
1009 1394 1171 1458 instituto.

201 1480 240 1542 lo
268 1480 372 1546 fronte
402 1482 486 1544 enim
516 1479 651 1564 simplici
680 1481 800 1545 directa
829 1481 897 1542 acic
928 1500 1045 1543 cornua
1074 1480 1174 1544 trinis

201 1565 408 1630 firmabantur
442 1565 607 1631 subsidiis:
646 1567 769 1630 eadem·
789 1565 909 1630 ratione
945 1564 1024 1628 baec
1060 1563 1174 1628 media.

201 1650 440 1716 collocabantur
462 1654 530 1716 acie
560 1651 682 1716 duobus
712 1652 823 1715 dextra
853 1651 980 1713 sinistra
1003 1671 1042 1712 ue
1068 1651 1171 1714 inter·

201 1736 295 1800 vallis
318 1736 511 1822 simplicibus
540 1737 703 1802 ordinibus
724 1738 894 1800 instructis.
923 1674 1060 1799 Perlecit
1081 1737 1172 1800 ince-

201 1832 291 1908 ptum
325 1833 499 1887 castrorum
530 1845 607 1908 opus
630 1823 789 1901 Domitius
810 1831 901 1907 parte
924 1823 1087 1906 copiarum
1109 1844 1172 1906 pro

201 1907 287 1974 vello
310 1910 487 1972 constituta.

266 1993 317 2058 38.
340 1993 490 2057 Proxima
518 2004 611 2059 nocte
638 1992 819 2058 Pharnaces
848 1993 1033 2076 interceptis
1061 1989 1172 2058 tabel-

128 2089 132 2096 '
202 2078 300 2162 lariis,
317 2081 371 2165 qui
386 2079 426 2142 de
440 2079 667 2145 Alexandrinis
682 2079 778 2144 rebus
799 2079 920 2144 litteras
937 2079 978 2143 ad
991 2077 1174 2142 Domitium

140 2185 146 2194 “
202 2165 355 2248 ferebant,
393 2167 557 2251 cognoscit
594 2164 765 2230 Caesarem
801 2187 916 2250 magno
952 2167 986 2228 in
1022 2161 1167 2248 periculo

204 2253 325 2315 versari
358 2251 555 2338 flagitarique
588 2251 628 2316 ab
661 2251 812 2334 Domitio,
846 2261 881 2316 ut
907 2272 1003 2336 quam
1029 2251 1171 2334 primum

204 2335 336 2400 Caesari
365 2337 508 2401 subsidia
533 2339 678 2420 mitteret,
708 2340 902 2424 propiusque
930 2339 1000 2422 ipse
1028 2334 1172 2399 Alexan-

203 2423 305 2487 driam
316 2443 373 2508 per
384 2421 507 2510 Syriam
520 2423 695 2488 accederet.
712 2424 784 2503 Qua
799 2424 925 2509 cognita
938 2445 973 2486 re
985 2421 1171 2486 Pharnaces

201 2509 356 2590 ,victoriae
388 2509 457 2574 loco
491 2508 637 2590 ducebat,
673 2510 700 2572 si
732 2509 858 2574 trahere
891 2518 1016 2593 tempus
1049 2516 1170 2591 posset,

204 2617 302 2682 quum
324 2593 550 2660 discedendum
566 2595 707 2660 Domitio
730 2593 876 2659 celeriter
897 2603 1031 2678 putaret·
1053 2591 1169 2678 Itaque

204 2680 245 2744 ab
269 2679 393 2765 oppido,
417 2703 481 2767 qua
501 2679 686 2744 facillimum
701 2702 865 2744 accessum
887 2689 919 2743 et
942 2679 1172 2766 aequissimum

204 2765 246 2830 ad
269 2765 482 2829 dimicandum
504 2763 620 2830 nostris
642 2766 780 2848 videbat,
804 2766 903 2830 fossas
927 2765 1006 2829 duas
1030 2764 1169 2829 directas

205 2874 270 2916 non
299 2851 343 2914 ita
371 2873 486 2936 magno
516 2851 620 2914 medio
650 2851 816 2916 intervallo
846 2851 958 2915 relicto
981 2858 1030 2914 1111
1050 2849 1171 2936 pedum

206 2933 381 3001 altitudinis
403 2938 437 2998 in
460 2959 532 3000 eum
558 2937 662 3002 locum
692 2937 833 3020 deduxit,
863 2959 924 3024 quo
947 2936 1072 3022 longius
1096 2957 1171 2999 con·

207 3023 352 3086 stituerat
374 3043 463 3086 suam
485 3045 547 3086 non
562 3023 739 3108 producere
760 3025 870 3088 aciem.
892 3023 981 3086 Inter
994 3022 1051 3086 has
1066 3021 1171 3085 fossas

208 3108 310 3171 aciem
340 3129 465 3194 semper
493 3109 678 3191 instruebat,
708 3111 881 3256 cpuitatum
910 3117 1016 3172 autem
1044 3129 1172 3170 omnem

207 3192 249 3258 ab
271 3191 423 3256 lateribus
446 3202 535 3258 extra
548 3194 667 3258 fossam
682 3193 732 3258 col
746 3194 874 3270 ocabat3
891 3195 945 3281 qui
958 3215 1063 3279 neque
1078 3191 1173 3258 aliter

207 3277 292 3342 utilis
321 3301 391 3343 esse
419 3289 552 3364 poterat,
576 3290 608 3343 et
636 3279 769 3344 multum
796 3302 928 3345 numero
952 3277 1092 3344 anteibat
1114 3299 1172 3342 no-

208 3373 308 3426 strum
331 3386 347 3426 e
370 3365 512 3428 uitauim.

273 3446 324 3512 39.
381 3450 505 3513 omitius
532 3459 647 3532 autem,
671 3473 768 3537 quum
790 3449 938 3516 Caesaris
960 3449 1060 3536 magis
1086 3449 1172 3534 peri·

210 3530 281 3596 culo
303 3555 398 3618 quam
421 3557 477 3599 suo
504 3545 755 3602 commoveretur
780 3559 884 3624 neque
906 3559 940 3604 se
962 3547 1029 3602 tuto
1051 3534 1171 3599 disces·
