<?xml version="1.0" encoding="UTF-8"?>
<!DOCTYPE html PUBLIC "-//W3C//DTD XHTML 1.0 Transitional//EN"
    "http://www.w3.org/TR/xhtml1/DTD/xhtml1-transitional.dtd">
<html xmlns="http://www.w3.org/1999/xhtml" xml:lang="en" lang="en">
 <head>
  <title>
</title>
<meta http-equiv="Content-Type" content="text/html;charset=utf-8" />
  <meta name='ocr-system' content='tesseract 3.04.00' />
  <meta name='ocr-capabilities' content='ocr_page ocr_carea ocr_par ocr_line ocrx_word'/>
</head>
<body>
  <div class='ocr_page' id='page_1' title='image "./ciuliicaesarisc01hirtgoog_0235.png"; bbox 0 0 2532 3968; ppageno 0'>
   <div class='ocr_carea' id='block_1_1' title="bbox 182 245 879 318">
    <p class='ocr_par' dir='ltr' id='par_1_1' title="bbox 182 245 879 318">
     <span class='ocr_line' id='line_1_1' title="bbox 182 245 879 318; baseline 0.006 -6"><span class='ocrx_word' id='word_1_1' title='bbox 182 245 247 312; x_wconf 81' lang='lat'>214</span> <span class='ocrx_word' id='word_1_2' title='bbox 438 246 500 318; x_wconf 77' lang='lat' dir='ltr'>DE</span> <span class='ocrx_word' id='word_1_3' title='bbox 522 247 666 312; x_wconf 88' lang='lat' dir='ltr'><strong>BELLO</strong></span> <span class='ocrx_word' id='word_1_4' title='bbox 688 247 879 317; x_wconf 78' lang='lat' dir='ltr'><strong>GALLICO</strong></span> 
     </span>
    </p>
   </div>
   <div class='ocr_carea' id='block_1_2' title="bbox 161 417 1138 3601">
    <p class='ocr_par' dir='ltr' id='par_1_2' title="bbox 179 417 1138 679">
     <span class='ocr_line' id='line_1_2' title="bbox 183 417 1138 510; baseline 0.009 -28"><span class='ocrx_word' id='word_1_5' title='bbox 183 417 332 486; x_wconf 88' lang='lat' dir='ltr'>fidelitate</span> <span class='ocrx_word' id='word_1_6' title='bbox 355 429 449 508; x_wconf 89' lang='lat' dir='ltr'>atque</span> <span class='ocrx_word' id='word_1_7' title='bbox 471 421 596 486; x_wconf 80' lang='lat' dir='ltr'>auxiliis</span> <span class='ocrx_word' id='word_1_8' title='bbox 619 424 801 508; x_wconf 88' lang='lat' dir='ltr'>provinciae</span> <span class='ocrx_word' id='word_1_9' title='bbox 818 423 932 510; x_wconf 90' lang='lat' dir='ltr'>illius),</span> <span class='ocrx_word' id='word_1_10' title='bbox 961 425 1010 490; x_wconf 91' lang='lat' dir='ltr'>his</span> <span class='ocrx_word' id='word_1_11' title='bbox 1033 425 1138 492; x_wconf 81' lang='lat' dir='ltr'>conie-</span> 
     </span>
     <span class='ocr_line' id='line_1_3' title="bbox 182 505 1137 598; baseline 0.008 -30"><span class='ocrx_word' id='word_1_12' title='bbox 182 506 240 569; x_wconf 88' lang='lat' dir='ltr'>ctis</span> <span class='ocrx_word' id='word_1_13' title='bbox 261 505 358 570; x_wconf 91' lang='lat' dir='ltr'>rebus</span> <span class='ocrx_word' id='word_1_14' title='bbox 380 508 421 571; x_wconf 89' lang='lat' dir='ltr'>ad</span> <span class='ocrx_word' id='word_1_15' title='bbox 443 507 583 592; x_wconf 83' lang='lat' dir='ltr'>legiones</span> <span class='ocrx_word' id='word_1_16' title='bbox 605 510 638 571; x_wconf 91' lang='lat' dir='ltr'>in</span> <span class='ocrx_word' id='word_1_17' title='bbox 660 508 806 596; x_wconf 84' lang='lat' dir='ltr'>Belgium</span> <span class='ocrx_word' id='word_1_18' title='bbox 836 533 871 574; x_wconf 89' lang='lat' dir='ltr'>se</span> <span class='ocrx_word' id='word_1_19' title='bbox 899 513 1011 598; x_wconf 83' lang='lat' dir='ltr'>recipit</span> <span class='ocrx_word' id='word_1_20' title='bbox 1032 511 1137 576; x_wconf 87' lang='lat' dir='ltr'>hiber·</span> 
     </span>
     <span class='ocr_line' id='line_1_4' title="bbox 179 593 580 679; baseline 0.002 -24"><span class='ocrx_word' id='word_1_21' title='bbox 179 601 296 679; x_wconf 87' lang='lat' dir='ltr'>natque</span> <span class='ocrx_word' id='word_1_22' title='bbox 317 593 580 658; x_wconf 82' lang='lat' dir='ltr'>Nemetocennae.</span> 
     </span>
    </p>

    <p class='ocr_par' dir='ltr' id='par_1_3' title="bbox 178 678 1137 1342">
     <span class='ocr_line' id='line_1_5' title="bbox 242 678 1137 769; baseline 0.007 -27"><span class='ocrx_word' id='word_1_23' title='bbox 242 679 294 742; x_wconf 83' lang='lat'>47.</span> <span class='ocrx_word' id='word_1_24' title='bbox 321 678 371 743; x_wconf 81' lang='lat' dir='ltr'>lbi</span> <span class='ocrx_word' id='word_1_25' title='bbox 400 680 558 759; x_wconf 81' lang='lat' dir='ltr'>cognoscit</span> <span class='ocrx_word' id='word_1_26' title='bbox 594 679 770 744; x_wconf 76' lang='lat' dir='ltr'>Commium</span> <span class='ocrx_word' id='word_1_27' title='bbox 798 680 984 747; x_wconf 82' lang='lat' dir='ltr'>Atrebatem</span> <span class='ocrx_word' id='word_1_28' title='bbox 1016 683 1137 769; x_wconf 86' lang='lat' dir='ltr'>proelio</span> 
     </span>
     <span class='ocr_line' id='line_1_6' title="bbox 180 765 1137 854; baseline 0.005 -26"><span class='ocrx_word' id='word_1_29' title='bbox 180 785 251 828; x_wconf 90' lang='lat' dir='ltr'>cum</span> <span class='ocrx_word' id='word_1_30' title='bbox 273 767 413 850; x_wconf 87' lang='lat' dir='ltr'>equitatu</span> <span class='ocrx_word' id='word_1_31' title='bbox 435 785 492 828; x_wconf 91' lang='lat' dir='ltr'>suo</span> <span class='ocrx_word' id='word_1_32' title='bbox 514 765 722 829; x_wconf 77' lang='lat' dir='ltr'>contendisse.</span> <span class='ocrx_word' id='word_1_33' title='bbox 766 767 847 831; x_wconf 87' lang='lat' dir='ltr'>Nam</span> <span class='ocrx_word' id='word_1_34' title='bbox 869 790 965 854; x_wconf 90' lang='lat' dir='ltr'>quum</span> <span class='ocrx_word' id='word_1_35' title='bbox 979 767 1137 834; x_wconf 85' lang='lat' dir='ltr'>Antonius</span> 
     </span>
     <span class='ocr_line' id='line_1_7' title="bbox 179 849 1137 938; baseline 0.008 -25"><span class='ocrx_word' id='word_1_36' title='bbox 179 852 212 913; x_wconf 92' lang='lat' dir='ltr'>in</span> <span class='ocrx_word' id='word_1_37' title='bbox 233 849 367 914; x_wconf 84' lang='lat' dir='ltr'>hiberna</span> <span class='ocrx_word' id='word_1_38' title='bbox 389 852 537 932; x_wconf 85' lang='lat' dir='ltr'>venisset,</span> <span class='ocrx_word' id='word_1_39' title='bbox 568 852 742 938; x_wconf 84' lang='lat' dir='ltr'>civitasque</span> <span class='ocrx_word' id='word_1_40' title='bbox 768 851 956 918; x_wconf 85' lang='lat' dir='ltr'>Atrebatum</span> <span class='ocrx_word' id='word_1_41' title='bbox 977 858 1011 920; x_wconf 91' lang='lat' dir='ltr'>in</span> <span class='ocrx_word' id='word_1_42' title='bbox 1033 855 1137 921; x_wconf 86' lang='lat' dir='ltr'>officio</span> 
     </span>
     <span class='ocr_line' id='line_1_8' title="bbox 180 935 1137 1026; baseline 0.006 -28"><span class='ocrx_word' id='word_1_43' title='bbox 180 945 271 1018; x_wconf 89' lang='lat' dir='ltr'>esset,</span> <span class='ocrx_word' id='word_1_44' title='bbox 296 935 466 1020; x_wconf 77' lang='lat' dir='ltr'>Commius,</span> <span class='ocrx_word' id='word_1_45' title='bbox 491 937 544 1024; x_wconf 90' lang='lat' dir='ltr'>qui</span> <span class='ocrx_word' id='word_1_46' title='bbox 565 945 637 1022; x_wconf 91' lang='lat' dir='ltr'>post</span> <span class='ocrx_word' id='word_1_47' title='bbox 657 937 743 1001; x_wconf 89' lang='lat' dir='ltr'>illam</span> <span class='ocrx_word' id='word_1_48' title='bbox 757 938 1018 1022; x_wconf 84' lang='lat' dir='ltr'>vulnerationem,</span> <span class='ocrx_word' id='word_1_49' title='bbox 1043 963 1137 1026; x_wconf 86' lang='lat' dir='ltr'>quam</span> 
     </span>
     <span class='ocr_line' id='line_1_9' title="bbox 180 1023 1136 1112; baseline 0.004 -27"><span class='ocrx_word' id='word_1_50' title='bbox 180 1043 276 1108; x_wconf 88' lang='lat' dir='ltr'>supra</span> <span class='ocrx_word' id='word_1_51' title='bbox 302 1023 555 1105; x_wconf 86' lang='lat' dir='ltr'>commemoravi,</span> <span class='ocrx_word' id='word_1_52' title='bbox 583 1043 708 1108; x_wconf 87' lang='lat' dir='ltr'>semper</span> <span class='ocrx_word' id='word_1_53' title='bbox 729 1023 770 1086; x_wconf 91' lang='lat' dir='ltr'>ad</span> <span class='ocrx_word' id='word_1_54' title='bbox 792 1046 899 1089; x_wconf 89' lang='lat' dir='ltr'>omnes</span> <span class='ocrx_word' id='word_1_55' title='bbox 922 1035 1024 1091; x_wconf 88' lang='lat' dir='ltr'>motus</span> <span class='ocrx_word' id='word_1_56' title='bbox 1046 1047 1136 1112; x_wconf 84' lang='lat' dir='ltr'>para·</span> 
     </span>
     <span class='ocr_line' id='line_1_10' title="bbox 179 1108 1136 1193; baseline 0.003 -22"><span class='ocrx_word' id='word_1_57' title='bbox 179 1117 230 1172; x_wconf 92' lang='lat' dir='ltr'>tus</span> <span class='ocrx_word' id='word_1_58' title='bbox 252 1111 316 1172; x_wconf 90' lang='lat' dir='ltr'>suis</span> <span class='ocrx_word' id='word_1_59' title='bbox 345 1108 467 1172; x_wconf 88' lang='lat' dir='ltr'>civibus</span> <span class='ocrx_word' id='word_1_60' title='bbox 497 1129 567 1172; x_wconf 90' lang='lat' dir='ltr'>esse</span> <span class='ocrx_word' id='word_1_61' title='bbox 597 1119 795 1193; x_wconf 86' lang='lat' dir='ltr'>consuesset,</span> <span class='ocrx_word' id='word_1_62' title='bbox 829 1131 871 1173; x_wconf 88' lang='lat' dir='ltr'>ne</span> <span class='ocrx_word' id='word_1_63' title='bbox 899 1111 1032 1176; x_wconf 89' lang='lat' dir='ltr'>consilia</span> <span class='ocrx_word' id='word_1_64' title='bbox 1059 1111 1136 1176; x_wconf 92' lang='lat' dir='ltr'>belli</span> 
     </span>
     <span class='ocr_line' id='line_1_11' title="bbox 178 1193 1136 1342; baseline 0.002 -84"><span class='ocrx_word' id='word_1_65' title='bbox 178 1193 402 1342; x_wconf 62' lang='lat' dir='ltr'>quaerentibus</span> <span class='ocrx_word' id='word_1_66' title='bbox 418 1203 526 1258; x_wconf 86' lang='lat' dir='ltr'>auctor</span> <span class='ocrx_word' id='word_1_67' title='bbox 541 1215 699 1259; x_wconf 89' lang='lat' dir='ltr'>armorum</span> <span class='ocrx_word' id='word_1_68' title='bbox 713 1194 841 1281; x_wconf 87' lang='lat' dir='ltr'>duxque</span> <span class='ocrx_word' id='word_1_69' title='bbox 857 1195 989 1279; x_wconf 86' lang='lat' dir='ltr'>deesset,</span> <span class='ocrx_word' id='word_1_70' title='bbox 1005 1205 1136 1282; x_wconf 90' lang='lat' dir='ltr'>parente</span> 
     </span>
    </p>

    <p class='ocr_par' dir='ltr' id='par_1_4' title="bbox 161 1280 1136 1626">
     <span class='ocr_line' id='line_1_12' title="bbox 207 1280 1136 1366; baseline 0.003 -23"><span class='ocrx_word' id='word_1_71' title='bbox 207 1281 328 1343; x_wconf 89' lang='lat' dir='ltr'>omanis</span> <span class='ocrx_word' id='word_1_72' title='bbox 355 1281 482 1344; x_wconf 85' lang='lat' dir='ltr'>civitate</span> <span class='ocrx_word' id='word_1_73' title='bbox 514 1302 586 1343; x_wconf 89' lang='lat' dir='ltr'>cum</span> <span class='ocrx_word' id='word_1_74' title='bbox 614 1281 678 1343; x_wconf 90' lang='lat' dir='ltr'>suis</span> <span class='ocrx_word' id='word_1_75' title='bbox 713 1280 870 1366; x_wconf 89' lang='lat' dir='ltr'>equitibus</span> <span class='ocrx_word' id='word_1_76' title='bbox 899 1281 1071 1347; x_wconf 88' lang='lat' dir='ltr'>latrociniis</span> <span class='ocrx_word' id='word_1_77' title='bbox 1101 1305 1136 1346; x_wconf 88' lang='lat' dir='ltr'>se</span> 
     </span>
     <span class='ocr_line' id='line_1_13' title="bbox 179 1365 1134 1451; baseline 0.005 -23"><span class='ocrx_word' id='word_1_78' title='bbox 179 1387 316 1450; x_wconf 88' lang='lat' dir='ltr'>suosque</span> <span class='ocrx_word' id='word_1_79' title='bbox 338 1365 444 1430; x_wconf 89' lang='lat' dir='ltr'>alebat</span> <span class='ocrx_word' id='word_1_80' title='bbox 458 1366 641 1451; x_wconf 83' lang='lat' dir='ltr'>infestisque</span> <span class='ocrx_word' id='word_1_81' title='bbox 656 1365 821 1431; x_wconf 88' lang='lat' dir='ltr'>itineribus</span> <span class='ocrx_word' id='word_1_82' title='bbox 837 1377 1029 1444; x_wconf 80' lang='lat' dir='ltr'>commeatus</span> <span class='ocrx_word' id='word_1_83' title='bbox 1052 1391 1134 1433; x_wconf 91' lang='lat' dir='ltr'>com-</span> 
     </span>
     <span class='ocr_line' id='line_1_14' title="bbox 177 1450 1134 1551; baseline 0.002 -37"><span class='ocrx_word' id='word_1_84' title='bbox 177 1451 294 1551; x_wconf 88' lang='lat' dir='ltr'>plures,</span> <span class='ocrx_word' id='word_1_85' title='bbox 318 1453 372 1538; x_wconf 93' lang='lat' dir='ltr'>qui</span> <span class='ocrx_word' id='word_1_86' title='bbox 401 1450 678 1538; x_wconf 88' lang='lat' dir='ltr'>comportabantur</span> <span class='ocrx_word' id='word_1_87' title='bbox 704 1453 737 1517; x_wconf 90' lang='lat' dir='ltr'>in</span> <span class='ocrx_word' id='word_1_88' title='bbox 759 1451 892 1517; x_wconf 89' lang='lat' dir='ltr'>hiberna</span> <span class='ocrx_word' id='word_1_89' title='bbox 912 1453 1134 1537; x_wconf 87' lang='lat' dir='ltr'>Romanorum,</span> 
     </span>
     <span class='ocr_line' id='line_1_15' title="bbox 161 1537 404 1626; baseline 0.025 -30"><span class='ocrx_word' id='word_1_90' title='bbox 161 1537 404 1626; x_wconf 75' lang='lat' dir='ltr'>,mtercipiebat</span> 
     </span>
    </p>

    <p class='ocr_par' dir='ltr' id='par_1_5' title="bbox 172 1622 1136 3601">
     <span class='ocr_line' id='line_1_16' title="bbox 239 1622 1135 1712; baseline 0.002 -24"><span class='ocrx_word' id='word_1_91' title='bbox 239 1623 291 1688; x_wconf 84' lang='lat'>48.</span> <span class='ocrx_word' id='word_1_92' title='bbox 313 1623 393 1688; x_wconf 84' lang='lat' dir='ltr'>Erat</span> <span class='ocrx_word' id='word_1_93' title='bbox 421 1622 588 1688; x_wconf 90' lang='lat' dir='ltr'>attributus</span> <span class='ocrx_word' id='word_1_94' title='bbox 617 1623 756 1690; x_wconf 83' lang='lat' dir='ltr'>Antonio</span> <span class='ocrx_word' id='word_1_95' title='bbox 787 1625 966 1709; x_wconf 85' lang='lat' dir='ltr'>praefectus</span> <span class='ocrx_word' id='word_1_96' title='bbox 996 1628 1135 1712; x_wconf 89' lang='lat' dir='ltr'>equitum</span> 
     </span>
     <span class='ocr_line' id='line_1_17' title="bbox 178 1707 1134 1797; baseline 0.002 -23"><span class='ocrx_word' id='word_1_97' title='bbox 178 1707 214 1774; x_wconf 84' lang='lat' dir='ltr'>O.</span> <span class='ocrx_word' id='word_1_98' title='bbox 244 1709 423 1774; x_wconf 88' lang='lat' dir='ltr'>Volusenus</span> <span class='ocrx_word' id='word_1_99' title='bbox 459 1708 653 1793; x_wconf 80' lang='lat' dir='ltr'>Quadratus,</span> <span class='ocrx_word' id='word_1_100' title='bbox 690 1711 745 1797; x_wconf 92' lang='lat' dir='ltr'>qui</span> <span class='ocrx_word' id='word_1_101' title='bbox 774 1731 846 1774; x_wconf 90' lang='lat' dir='ltr'>curn</span> <span class='ocrx_word' id='word_1_102' title='bbox 875 1733 914 1776; x_wconf 92' lang='lat' dir='ltr'>eo</span> <span class='ocrx_word' id='word_1_103' title='bbox 946 1711 1134 1778; x_wconf 88' lang='lat' dir='ltr'>hibernaret.</span> 
     </span>
     <span class='ocr_line' id='line_1_18' title="bbox 176 1795 1135 1884; baseline 0.003 -25"><span class='ocrx_word' id='word_1_104' title='bbox 176 1797 271 1861; x_wconf 91' lang='lat' dir='ltr'>Hunc</span> <span class='ocrx_word' id='word_1_105' title='bbox 291 1795 448 1860; x_wconf 88' lang='lat' dir='ltr'>Antonius</span> <span class='ocrx_word' id='word_1_106' title='bbox 471 1795 512 1859; x_wconf 87' lang='lat' dir='ltr'>ad</span> <span class='ocrx_word' id='word_1_107' title='bbox 533 1796 787 1882; x_wconf 90' lang='lat' dir='ltr'>persequendum</span> <span class='ocrx_word' id='word_1_108' title='bbox 803 1799 976 1884; x_wconf 86' lang='lat' dir='ltr'>equitatum</span> <span class='ocrx_word' id='word_1_109' title='bbox 998 1799 1135 1864; x_wconf 87' lang='lat' dir='ltr'>hostium</span> 
     </span>
     <span class='ocr_line' id='line_1_19' title="bbox 176 1881 1136 1969; baseline 0.003 -23"><span class='ocrx_word' id='word_1_110' title='bbox 176 1883 278 1946; x_wconf 90' lang='lat' dir='ltr'>mittit.</span> <span class='ocrx_word' id='word_1_111' title='bbox 322 1881 501 1946; x_wconf 90' lang='lat' dir='ltr'>Volusenus</span> <span class='ocrx_word' id='word_1_112' title='bbox 528 1881 661 1946; x_wconf 89' lang='lat' dir='ltr'>adeam</span> <span class='ocrx_word' id='word_1_113' title='bbox 681 1883 839 1966; x_wconf 84' lang='lat' dir='ltr'>virtutem,</span> <span class='ocrx_word' id='word_1_114' title='bbox 884 1906 944 1948; x_wconf 88' lang='lat' dir='ltr'>uae</span> <span class='ocrx_word' id='word_1_115' title='bbox 966 1885 1136 1969; x_wconf 88' lang='lat' dir='ltr'>singularis</span> 
     </span>
     <span class='ocr_line' id='line_1_20' title="bbox 176 1907 1135 2054; baseline 0.002 -22"><span class='ocrx_word' id='word_1_116' title='bbox 176 1977 245 2032; x_wconf 89' lang='lat' dir='ltr'>erat</span> <span class='ocrx_word' id='word_1_117' title='bbox 265 1970 299 2032; x_wconf 93' lang='lat' dir='ltr'>in</span> <span class='ocrx_word' id='word_1_118' title='bbox 322 1990 368 2050; x_wconf 86' lang='lat' dir='ltr'>eo,</span> <span class='ocrx_word' id='word_1_119' title='bbox 391 1991 542 2054; x_wconf 82' lang='lat' dir='ltr'>magnum</span> <span class='ocrx_word' id='word_1_120' title='bbox 564 1969 671 2034; x_wconf 91' lang='lat' dir='ltr'>odium</span> <span class='ocrx_word' id='word_1_121' title='bbox 690 1967 825 2033; x_wconf 82' lang='lat' dir='ltr'>Commii</span> <span class='ocrx_word' id='word_1_122' title='bbox 848 1907 942 2033; x_wconf 79' lang='lat' dir='ltr'>adiun</span> <span class='ocrx_word' id='word_1_123' title='bbox 967 1969 1048 2052; x_wconf 88' lang='lat' dir='ltr'>ebat,</span> <span class='ocrx_word' id='word_1_124' title='bbox 1095 1994 1135 2034; x_wconf 90' lang='lat' dir='ltr'>uo</span> 
     </span>
     <span class='ocr_line' id='line_1_21' title="bbox 176 1993 1135 2142; baseline 0.003 -26"><span class='ocrx_word' id='word_1_125' title='bbox 176 2053 324 2117; x_wconf 87' lang='lat' dir='ltr'>libentius</span> <span class='ocrx_word' id='word_1_126' title='bbox 345 2054 379 2118; x_wconf 89' lang='lat' dir='ltr'>id</span> <span class='ocrx_word' id='word_1_127' title='bbox 406 2054 534 2135; x_wconf 85' lang='lat' dir='ltr'>faceret,</span> <span class='ocrx_word' id='word_1_128' title='bbox 559 2055 642 2140; x_wconf 93' lang='lat' dir='ltr'>quod</span> <span class='ocrx_word' id='word_1_129' title='bbox 670 2053 895 2139; x_wconf 86' lang='lat' dir='ltr'>imperabatur.</span> <span class='ocrx_word' id='word_1_130' title='bbox 938 1993 1051 2142; x_wconf 57' lang='lat' dir='ltr'>ltaque</span> <span class='ocrx_word' id='word_1_131' title='bbox 1073 1993 1135 2120; x_wconf 79' lang='lat' dir='ltr'>dis-</span> 
     </span>
     <span class='ocr_line' id='line_1_22' title="bbox 175 2140 1135 2226; baseline 0.003 -24"><span class='ocrx_word' id='word_1_132' title='bbox 175 2141 285 2224; x_wconf 89' lang='lat' dir='ltr'>positis</span> <span class='ocrx_word' id='word_1_133' title='bbox 308 2140 430 2204; x_wconf 88' lang='lat' dir='ltr'>insidiis</span> <span class='ocrx_word' id='word_1_134' title='bbox 446 2141 572 2225; x_wconf 87' lang='lat' dir='ltr'>saepius</span> <span class='ocrx_word' id='word_1_135' title='bbox 588 2141 709 2226; x_wconf 89' lang='lat' dir='ltr'>equites</span> <span class='ocrx_word' id='word_1_136' title='bbox 723 2140 789 2204; x_wconf 92' lang='lat' dir='ltr'>eius</span> <span class='ocrx_word' id='word_1_137' title='bbox 801 2162 970 2226; x_wconf 82' lang='lat' dir='ltr'>aggressus</span> <span class='ocrx_word' id='word_1_138' title='bbox 993 2142 1135 2206; x_wconf 87' lang='lat' dir='ltr'>secunda</span> 
     </span>
     <span class='ocr_line' id='line_1_23' title="bbox 175 2224 1134 2311; baseline 0.003 -23"><span class='ocrx_word' id='word_1_139' title='bbox 175 2224 295 2311; x_wconf 88' lang='lat' dir='ltr'>proelia</span> <span class='ocrx_word' id='word_1_140' title='bbox 315 2225 460 2290; x_wconf 83' lang='lat' dir='ltr'>faciebat.</span> <span class='ocrx_word' id='word_1_141' title='bbox 494 2225 682 2308; x_wconf 89' lang='lat' dir='ltr'>Novissime,</span> <span class='ocrx_word' id='word_1_142' title='bbox 704 2247 800 2311; x_wconf 90' lang='lat' dir='ltr'>quum</span> <span class='ocrx_word' id='word_1_143' title='bbox 820 2226 1040 2290; x_wconf 87' lang='lat' dir='ltr'>vehementius</span> <span class='ocrx_word' id='word_1_144' title='bbox 1062 2249 1134 2291; x_wconf 91' lang='lat' dir='ltr'>con·</span> 
     </span>
     <span class='ocr_line' id='line_1_24' title="bbox 174 2310 1136 2396; baseline 0.004 -22"><span class='ocrx_word' id='word_1_145' title='bbox 174 2311 366 2394; x_wconf 87' lang='lat' dir='ltr'>tenderetur,</span> <span class='ocrx_word' id='word_1_146' title='bbox 390 2333 428 2375; x_wconf 89' lang='lat' dir='ltr'>ac</span> <span class='ocrx_word' id='word_1_147' title='bbox 450 2310 630 2376; x_wconf 90' lang='lat' dir='ltr'>Volusenus</span> <span class='ocrx_word' id='word_1_148' title='bbox 651 2312 751 2396; x_wconf 89' lang='lat' dir='ltr'>ipsius</span> <span class='ocrx_word' id='word_1_149' title='bbox 765 2311 988 2396; x_wconf 89' lang='lat' dir='ltr'>intercipiendi</span> <span class='ocrx_word' id='word_1_150' title='bbox 999 2311 1136 2379; x_wconf 78' lang='lat' dir='ltr'>Commii</span> 
     </span>
     <span class='ocr_line' id='line_1_25' title="bbox 175 2397 1134 2484; baseline 0.001 -23"><span class='ocrx_word' id='word_1_151' title='bbox 175 2397 345 2483; x_wconf 87' lang='lat' dir='ltr'>cupiditate</span> <span class='ocrx_word' id='word_1_152' title='bbox 380 2398 573 2484; x_wconf 85' lang='lat' dir='ltr'>pertinacius</span> <span class='ocrx_word' id='word_1_153' title='bbox 618 2418 690 2460; x_wconf 92' lang='lat' dir='ltr'>eum</span> <span class='ocrx_word' id='word_1_154' title='bbox 723 2418 794 2461; x_wconf 92' lang='lat' dir='ltr'>cum</span> <span class='ocrx_word' id='word_1_155' title='bbox 850 2397 937 2460; x_wconf 89' lang='lat' dir='ltr'>aucis</span> <span class='ocrx_word' id='word_1_156' title='bbox 973 2399 1134 2464; x_wconf 89' lang='lat' dir='ltr'>insecutus</span> 
     </span>
     <span class='ocr_line' id='line_1_26' title="bbox 175 2481 1134 2570; baseline 0.003 -24"><span class='ocrx_word' id='word_1_157' title='bbox 175 2492 268 2566; x_wconf 88' lang='lat' dir='ltr'>esset,</span> <span class='ocrx_word' id='word_1_158' title='bbox 290 2481 345 2547; x_wconf 91' lang='lat' dir='ltr'>illc</span> <span class='ocrx_word' id='word_1_159' title='bbox 367 2493 472 2548; x_wconf 87' lang='lat' dir='ltr'>autem</span> <span class='ocrx_word' id='word_1_160' title='bbox 499 2483 575 2567; x_wconf 87' lang='lat' dir='ltr'>fuga</span> <span class='ocrx_word' id='word_1_161' title='bbox 600 2481 781 2546; x_wconf 85' lang='lat' dir='ltr'>vehementi</span> <span class='ocrx_word' id='word_1_162' title='bbox 833 2481 998 2548; x_wconf 88' lang='lat' dir='ltr'>olusenum</span> <span class='ocrx_word' id='word_1_163' title='bbox 1019 2485 1134 2570; x_wconf 91' lang='lat' dir='ltr'>produ-</span> 
     </span>
     <span class='ocr_line' id='line_1_27' title="bbox 174 2567 1134 2654; baseline 0.001 -21"><span class='ocrx_word' id='word_1_164' title='bbox 174 2571 274 2633; x_wconf 84' lang='lat' dir='ltr'>xisset</span> <span class='ocrx_word' id='word_1_165' title='bbox 295 2568 430 2654; x_wconf 87' lang='lat' dir='ltr'>longius,</span> <span class='ocrx_word' id='word_1_166' title='bbox 452 2570 597 2632; x_wconf 88' lang='lat' dir='ltr'>inimicus</span> <span class='ocrx_word' id='word_1_167' title='bbox 613 2567 732 2632; x_wconf 92' lang='lat' dir='ltr'>homini</span> <span class='ocrx_word' id='word_1_168' title='bbox 748 2590 876 2632; x_wconf 87' lang='lat' dir='ltr'>suorum</span> <span class='ocrx_word' id='word_1_169' title='bbox 890 2568 1018 2633; x_wconf 87' lang='lat' dir='ltr'>invocat</span> <span class='ocrx_word' id='word_1_170' title='bbox 1038 2569 1134 2634; x_wconf 89' lang='lat' dir='ltr'>fidem</span> 
     </span>
     <span class='ocr_line' id='line_1_28' title="bbox 174 2652 1135 2742; baseline -0.002 -22"><span class='ocrx_word' id='word_1_171' title='bbox 174 2665 269 2742; x_wconf 89' lang='lat' dir='ltr'>atque</span> <span class='ocrx_word' id='word_1_172' title='bbox 292 2655 454 2738; x_wconf 82' lang='lat' dir='ltr'>auxilium,</span> <span class='ocrx_word' id='word_1_173' title='bbox 484 2676 525 2717; x_wconf 92' lang='lat' dir='ltr'>ne</span> <span class='ocrx_word' id='word_1_174' title='bbox 548 2676 606 2718; x_wconf 87' lang='lat' dir='ltr'>sua</span> <span class='ocrx_word' id='word_1_175' title='bbox 633 2652 766 2718; x_wconf 89' lang='lat' dir='ltr'>vulnera</span> <span class='ocrx_word' id='word_1_176' title='bbox 790 2653 966 2740; x_wconf 91' lang='lat' dir='ltr'>perfidem</span> <span class='ocrx_word' id='word_1_177' title='bbox 987 2656 1135 2742; x_wconf 88' lang='lat' dir='ltr'>imposita</span> 
     </span>
     <span class='ocr_line' id='line_1_29' title="bbox 174 2741 1134 2842; baseline -0.001 -37"><span class='ocrx_word' id='word_1_178' title='bbox 174 2750 355 2842; x_wconf 88' lang='lat' dir='ltr'>paterentur</span> <span class='ocrx_word' id='word_1_179' title='bbox 376 2741 538 2825; x_wconf 87' lang='lat' dir='ltr'>impunita,</span> <span class='ocrx_word' id='word_1_180' title='bbox 569 2759 786 2825; x_wconf 88' lang='lat' dir='ltr'>conversoque</span> <span class='ocrx_word' id='word_1_181' title='bbox 818 2761 899 2826; x_wconf 92' lang='lat' dir='ltr'>equo</span> <span class='ocrx_word' id='word_1_182' title='bbox 922 2761 957 2804; x_wconf 89' lang='lat' dir='ltr'>se</span> <span class='ocrx_word' id='word_1_183' title='bbox 979 2743 1134 2809; x_wconf 79' lang='lat' dir='ltr'>austeris</span> 
     </span>
     <span class='ocr_line' id='line_1_30' title="bbox 173 2824 1134 2910; baseline -0.003 -18"><span class='ocrx_word' id='word_1_184' title='bbox 173 2828 329 2892; x_wconf 74' lang='lat' dir='ltr'>incautius</span> <span class='ocrx_word' id='word_1_185' title='bbox 350 2826 502 2910; x_wconf 87' lang='lat' dir='ltr'>permittit</span> <span class='ocrx_word' id='word_1_186' title='bbox 522 2825 556 2888; x_wconf 93' lang='lat' dir='ltr'>in</span> <span class='ocrx_word' id='word_1_187' title='bbox 577 2825 780 2910; x_wconf 89' lang='lat' dir='ltr'>praefectum.</span> <span class='ocrx_word' id='word_1_188' title='bbox 817 2825 953 2890; x_wconf 83' lang='lat' dir='ltr'>Faciunt</span> <span class='ocrx_word' id='word_1_189' title='bbox 967 2824 1028 2892; x_wconf 91' lang='lat' dir='ltr'>hoc</span> <span class='ocrx_word' id='word_1_190' title='bbox 1049 2826 1134 2890; x_wconf 91' lang='lat' dir='ltr'>idem</span> 
     </span>
     <span class='ocr_line' id='line_1_31' title="bbox 174 2913 1133 2998; baseline -0.004 -18"><span class='ocrx_word' id='word_1_191' title='bbox 174 2935 283 2980; x_wconf 89' lang='lat' dir='ltr'>omnes</span> <span class='ocrx_word' id='word_1_192' title='bbox 320 2913 387 2976; x_wconf 92' lang='lat' dir='ltr'>eius</span> <span class='ocrx_word' id='word_1_193' title='bbox 421 2914 542 2998; x_wconf 87' lang='lat' dir='ltr'>equites</span> <span class='ocrx_word' id='word_1_194' title='bbox 595 2933 753 2998; x_wconf 82' lang='lat' dir='ltr'>sucosque</span> <span class='ocrx_word' id='word_1_195' title='bbox 785 2919 910 2977; x_wconf 89' lang='lat' dir='ltr'>nostros</span> <span class='ocrx_word' id='word_1_196' title='bbox 944 2921 1133 2976; x_wconf 87' lang='lat' dir='ltr'>convertunt</span> 
     </span>
     <span class='ocr_line' id='line_1_32' title="bbox 174 2997 1134 3087; baseline -0.003 -23"><span class='ocrx_word' id='word_1_197' title='bbox 174 3009 267 3087; x_wconf 84' lang='lat' dir='ltr'>atque</span> <span class='ocrx_word' id='word_1_198' title='bbox 293 2997 511 3084; x_wconf 85' lang='lat' dir='ltr'>insequuntur.</span> <span class='ocrx_word' id='word_1_199' title='bbox 589 2998 722 3062; x_wconf 88' lang='lat' dir='ltr'>cmmins</span> <span class='ocrx_word' id='word_1_200' title='bbox 751 2999 918 3062; x_wconf 75' lang='lat' dir='ltr'>incanam</span> <span class='ocrx_word' id='word_1_201' title='bbox 955 2997 1134 3062; x_wconf 84' lang='lat' dir='ltr'>calcaribus</span> 
     </span>
     <span class='ocr_line' id='line_1_33' title="bbox 174 3081 1133 3173; baseline -0.006 -21"><span class='ocrx_word' id='word_1_202' title='bbox 174 3108 289 3173; x_wconf 89' lang='lat' dir='ltr'>equum</span> <span class='ocrx_word' id='word_1_203' title='bbox 305 3085 465 3170; x_wconf 82' lang='lat' dir='ltr'>coniungit</span> <span class='ocrx_word' id='word_1_204' title='bbox 487 3105 568 3169; x_wconf 91' lang='lat' dir='ltr'>equo</span> <span class='ocrx_word' id='word_1_205' title='bbox 584 3081 739 3162; x_wconf 81' lang='lat' dir='ltr'>Quadrati</span> <span class='ocrx_word' id='word_1_206' title='bbox 752 3081 926 3170; x_wconf 85' lang='lat' dir='ltr'>lanceaque</span> <span class='ocrx_word' id='word_1_207' title='bbox 940 3083 1055 3146; x_wconf 85' lang='lat' dir='ltr'>infesta</span> <span class='ocrx_word' id='word_1_208' title='bbox 1068 3106 1133 3147; x_wconf 89' lang='lat' dir='ltr'>ma·</span> 
     </span>
     <span class='ocr_line' id='line_1_34' title="bbox 173 3168 1133 3258; baseline -0.003 -22"><span class='ocrx_word' id='word_1_209' title='bbox 173 3173 243 3258; x_wconf 84' lang='lat' dir='ltr'>gnis</span> <span class='ocrx_word' id='word_1_210' title='bbox 256 3169 378 3235; x_wconf 85' lang='lat' dir='ltr'>viribus</span> <span class='ocrx_word' id='word_1_211' title='bbox 389 3170 527 3234; x_wconf 90' lang='lat' dir='ltr'>medium</span> <span class='ocrx_word' id='word_1_212' title='bbox 537 3169 640 3233; x_wconf 82' lang='lat' dir='ltr'>femur</span> <span class='ocrx_word' id='word_1_213' title='bbox 653 3169 769 3232; x_wconf 87' lang='lat' dir='ltr'>traiicit</span> <span class='ocrx_word' id='word_1_214' title='bbox 779 3168 941 3233; x_wconf 88' lang='lat' dir='ltr'>Voluseni.</span> <span class='ocrx_word' id='word_1_215' title='bbox 968 3168 1133 3234; x_wconf 82' lang='lat' dir='ltr'>Praefecto</span> 
     </span>
     <span class='ocr_line' id='line_1_35' title="bbox 173 3254 1132 3321; baseline -0.003 0"><span class='ocrx_word' id='word_1_216' title='bbox 173 3256 337 3321; x_wconf 88' lang='lat' dir='ltr'>vulnerato</span> <span class='ocrx_word' id='word_1_217' title='bbox 358 3279 423 3320; x_wconf 92' lang='lat' dir='ltr'>non</span> <span class='ocrx_word' id='word_1_218' title='bbox 449 3254 593 3319; x_wconf 88' lang='lat' dir='ltr'>dubitant</span> <span class='ocrx_word' id='word_1_219' title='bbox 618 3256 718 3318; x_wconf 87' lang='lat' dir='ltr'>nostri</span> <span class='ocrx_word' id='word_1_220' title='bbox 744 3255 893 3320; x_wconf 88' lang='lat' dir='ltr'>resistere</span> <span class='ocrx_word' id='word_1_221' title='bbox 916 3263 947 3318; x_wconf 92' lang='lat' dir='ltr'>et</span> <span class='ocrx_word' id='word_1_222' title='bbox 968 3256 1132 3319; x_wconf 87' lang='lat' dir='ltr'>conversis</span> 
     </span>
     <span class='ocr_line' id='line_1_36' title="bbox 174 3338 1134 3428; baseline -0.002 -20"><span class='ocrx_word' id='word_1_223' title='bbox 174 3344 263 3428; x_wconf 89' lang='lat' dir='ltr'>equis</span> <span class='ocrx_word' id='word_1_224' title='bbox 285 3342 407 3407; x_wconf 89' lang='lat' dir='ltr'>hostem</span> <span class='ocrx_word' id='word_1_225' title='bbox 435 3341 567 3427; x_wconf 88' lang='lat' dir='ltr'>pellere.</span> <span class='ocrx_word' id='word_1_226' title='bbox 610 3339 704 3419; x_wconf 73' lang='lat' dir='ltr'>Quod</span> <span class='ocrx_word' id='word_1_227' title='bbox 732 3339 788 3404; x_wconf 93' lang='lat' dir='ltr'>ubi</span> <span class='ocrx_word' id='word_1_228' title='bbox 809 3338 932 3422; x_wconf 88' lang='lat' dir='ltr'>accidit,</span> <span class='ocrx_word' id='word_1_229' title='bbox 955 3339 1134 3426; x_wconf 85' lang='lat' dir='ltr'>complures</span> 
     </span>
     <span class='ocr_line' id='line_1_37' title="bbox 173 3424 1133 3514; baseline -0.003 -21"><span class='ocrx_word' id='word_1_230' title='bbox 173 3428 310 3493; x_wconf 87' lang='lat' dir='ltr'>hostium</span> <span class='ocrx_word' id='word_1_231' title='bbox 331 3447 446 3514; x_wconf 84' lang='lat' dir='ltr'>magno</span> <span class='ocrx_word' id='word_1_232' title='bbox 468 3435 645 3492; x_wconf 89' lang='lat' dir='ltr'>nostrorum</span> <span class='ocrx_word' id='word_1_233' title='bbox 667 3427 785 3511; x_wconf 88' lang='lat' dir='ltr'>impetu</span> <span class='ocrx_word' id='word_1_234' title='bbox 805 3424 943 3512; x_wconf 88' lang='lat' dir='ltr'>perculsi</span> <span class='ocrx_word' id='word_1_235' title='bbox 964 3425 1133 3490; x_wconf 79' lang='lat' dir='ltr'>vulneran-</span> 
     </span>
     <span class='ocr_line' id='line_1_38' title="bbox 172 3513 1133 3601; baseline 0.002 -25"><span class='ocrx_word' id='word_1_236' title='bbox 172 3521 224 3577; x_wconf 90' lang='lat' dir='ltr'>tur</span> <span class='ocrx_word' id='word_1_237' title='bbox 245 3533 283 3577; x_wconf 85' lang='lat' dir='ltr'>ac</span> <span class='ocrx_word' id='word_1_238' title='bbox 296 3514 410 3598; x_wconf 83' lang='lat' dir='ltr'>partim</span> <span class='ocrx_word' id='word_1_239' title='bbox 425 3515 458 3578; x_wconf 92' lang='lat' dir='ltr'>in</span> <span class='ocrx_word' id='word_1_240' title='bbox 472 3513 548 3601; x_wconf 80' lang='lat' dir='ltr'>fuga</span> <span class='ocrx_word' id='word_1_241' title='bbox 561 3521 771 3598; x_wconf 86' lang='lat' dir='ltr'>proteruntur,</span> <span class='ocrx_word' id='word_1_242' title='bbox 793 3513 908 3599; x_wconf 88' lang='lat' dir='ltr'>partim</span> <span class='ocrx_word' id='word_1_243' title='bbox 929 3513 1133 3596; x_wconf 81' lang='lat' dir='ltr'>intercipiun-</span> 
     </span>
    </p>
   </div>
   <div class='ocr_carea' id='block_1_3' title="bbox 0 0 1270 3968">
    <p class='ocr_par' dir='ltr' id='par_1_6' title="bbox 0 0 1270 3968">
     <span class='ocr_line' id='line_1_39' title="bbox 0 0 1270 3968; baseline 0 2"><span class='ocrx_word' id='word_1_244' title='bbox 0 0 1270 3968; x_wconf 95' lang='lat' dir='ltr'> </span> 
     </span>
    </p>
   </div>
  </div>
 </body>
</html>
