2490 3974
195 233 260 298 224
506 230 636 296 BELLI
658 229 848 296 AFRIOAE

196 403 267 470 loeo
295 415 328 468 et
357 403 642 491 quaemadmodum
673 403 739 467 tela
758 405 930 486 mitterent,
963 405 1198 490 praecipere.

195 489 330 554 Mirifice
353 492 437 554 enim
460 491 597 554 bostium
626 489 706 554 levis
728 500 889 554 armatura
916 491 1054 554 anxium
1082 513 1195 555 exer·

196 577 295 639 eitum
327 589 470 641 nostrum
506 589 601 662 atque
631 575 800 640 sollicitum
835 573 984 657 babebat,
1024 577 1120 660 quia
1160 589 1194 641 et

197 663 320 746 equites
348 662 528 726 deterrebat
554 660 709 746 proelium
737 661 820 725 inire
847 672 976 747 propter
1008 683 1191 746 equorum

198 748 369 828 interitum,
394 747 478 832 quod
500 769 555 812 eos
582 746 693 810 iaculis
720 747 941 826 interficiebat,
968 755 1001 812 et
1023 746 1189 831 legiona-

198 833 281 896 rium
302 832 434 896 militem
456 832 651 918 defatigabat
671 853 729 917 pro
753 842 803 896 ter
817 832 1037 896 velocitatem:
1056 837 1187 918 gravis

198 918 283 982 enim
312 929 492 983 armaturae
522 919 613 983 miles
644 855 846 1002 simulitque,
862 917 902 981 ab
925 918 963 981 iis
986 919 1187 983 insectatus

198 1004 382 1067 constiterat
418 1007 451 1066 in
484 1026 602 1090 eosque
633 1005 785 1088 impetum
818 1005 947 1085 fecerat,
978 1003 1027 1066 illi
1062 1004 1186 1070 veloci

197 1111 293 1152 cursu
315 1089 491 1174 periculum
513 1091 606 1154 facile
627 1089 780 1154 vitabant.

264 1175 314 1237 72.
338 1174 462 1254 Quibus
492 1198 533 1240 ex
560 1175 656 1240 rebus
684 1174 807 1240 Caesar
838 1174 1048 1239 vehementer
1084 1199 1183 1240 com·

198 1259 394 1342 movebatur,
417 1264 491 1348 quia
511 1263 731 1348 quodcumque
748 1261 904 1346 proelium
927 1262 1076 1347 quotiens
1106 1273 1182 1326 erat

199 1347 411 1428 commissum,
435 1349 577 1433 equitatu
604 1370 660 1412 suo
684 1348 752 1410 sine
782 1347 956 1432 legionario
984 1345 1092 1410 milite
1120 1347 1179 1412 bc-

198 1432 293 1494 stium
315 1434 468 1519 equitatui
489 1433 615 1518 levique
631 1443 811 1496 armaturae
833 1455 943 1496 eorum
964 1431 1055 1496 nullo
1071 1434 1178 1497 modo

198 1537 257 1602 par
278 1539 349 1581 esse
364 1528 497 1602 poterat
513 1519 749 1586 sollicitabatur
768 1529 875 1582 autem
890 1519 939 1582 his
953 1517 1065 1598 rebus,
1082 1520 1177 1604 quod

199 1602 339 1666 nondum
355 1603 496 1689 legiones
512 1604 648 1669 hostium
663 1617 858 1688 cognoverat
873 1614 1054 1690 etquenam
1071 1605 1175 1668 modo

199 1690 356 1752 sustinere
388 1713 423 1754 se
452 1701 561 1777 posset
590 1689 631 1753 ab
661 1711 771 1754 eorum
801 1691 942 1775 equitatu
964 1687 1098 1772 levique
1124 1713 1173 1753 ar·

198 1785 332 1856 matura,
363 1796 444 1862 quac
474 1786 543 1840 erat
571 1775 713 1858 mirifica,
737 1775 763 1836 si
792 1775 933 1860 legiones
963 1796 1093 1860 quoque
1121 1799 1171 1839 ac·

198 1862 377 1926 cessissent.
407 1861 589 1926 Accedebat
618 1863 713 1924 etiam
742 1859 821 1923 haec
849 1881 955 1942 causa,
984 1859 1072 1944 quod
1105 1861 1170 1924 ele·

200 1943 391 2028 phantorum
413 1948 595 2032 magnitudo
625 1945 856 2030 multitudoque
885 1947 1007 2009 animos
1028 1945 1168 2010 militum

199 2029 361 2094 detinebat
388 2033 422 2095 in
451 2043 584 2098 terrore.
630 2032 690 2096 Oui
712 2032 767 2094 uni
793 2033 841 2095 rei
862 2041 968 2094 tamen
995 2031 1167 2096 invenerat

198 2114 384 2182 remedium.
406 2117 551 2206 Namque
567 2118 750 2205 elephantos
773 2139 816 2180 ex
837 2116 931 2181 Italia
952 2119 1166 2201 transportari

198 2201 352 2284 iusserat,¹
369 2227 431 2290 quo
454 2216 486 2269 et
506 2205 597 2268 miles
619 2216 727 2269 noster
741 2203 942 2292 speciemque
958 2212 990 2266 et
1010 2204 1164 2266 virtutem

199 2284 321 2350 bestiae
344 2304 559 2376 cognosceret,
584 2301 616 2356 et
637 2293 688 2356 cui
710 2291 793 2375 parti
815 2291 956 2376 corporis
979 2289 1048 2352 eius
1063 2287 1162 2352 telum

198 2369 292 2434 facile
321 2374 406 2459 adigi
438 2388 555 2461 posset,
589 2386 781 2462 ornatusque
815 2399 854 2440 ac
880 2377 1031 2441 loricatus
1066 2395 1163 2460 quum

200 2465 285 2518 esset
296 2457 345 2522 ele
369 2461 491 2538 bantus,
508 2484 589 2549 quae
603 2484 677 2548 pars
692 2464 834 2548 corporis
851 2464 919 2526 eius
940 2462 1009 2524 sine
1025 2463 1162 2544 tegmine
1220 2541 1221 2546 η

199 2541 286 2607 nuda
307 2482 549 2632 relinqueretur,
578 2558 614 2612 ut
643 2571 681 2614 eo
710 2547 775 2612 tela
802 2550 1045 2628 conficerentur,
1073 2569 1161 2631 prae·
1220 2549 1221 2576 ¹

199 2634 295 2707 terea,
318 2641 352 2693 ut
366 2632 507 2697 iumenta
528 2634 702 2698 bestiarum
725 2633 854 2698 odorem
877 2632 1108 2717 stridoremque
1130 2641 1160 2694 et

200 2714 338 2796 speeiem
350 2720 576 2784 consuetudine
587 2732 680 2805 capta
690 2743 755 2784 non
766 2720 1020 2783 reformidarent.
1036 2717 1159 2796 Quibus
1220 2751 1221 2770 t

200 2817 240 2860 ex
269 2797 365 2864 rebus
395 2803 525 2890 largiter
553 2815 622 2870 erat
649 2815 847 2871 consecutus.
876 2804 958 2869 Nam
988 2815 1020 2868 et
1048 2802 1159 2867 milites

200 2879 318 2947 bestias
341 2889 488 2953 manibus
510 2892 751 2976 pertractabant
780 2911 953 2977 earumque
984 2889 1158 2952 tarditatem

200 2971 450 3057 cognoscebant,
474 2979 659 3063 equitesque
682 2980 715 3042 in
731 2999 784 3041 eos
806 2975 872 3061 pila
892 2974 1068 3062 praepilata
1089 2995 1158 3037 oon-

199 3052 364 3138 iioiebant,
402 3070 498 3210 alque
526 3065 560 3126 in
596 3063 857 3129 consuetudinem
887 3083 984 3148 equos
1012 3060 1158 3146 patientia

199 3136 371 3206 bestiarum
393 3145 577 3212 eduxerat.
685 3191 689 3198 „

266 3227 315 3290 73.
353 3228 404 3294 Ob
427 3231 484 3296 bas
514 3256 636 3318 causas,
671 3256 749 3322 quas
783 3256 878 3320 supra
910 3230 1155 3308 commemoravi,

200 3310 430 3398 sollicitabatur
453 3317 573 3383 Caesar
594 3320 776 3406 tardiorque
799 3329 830 3383 et
852 3318 1078 3384 consideratior
1090 3325 1155 3379 erat

199 3393 301 3461 factus
324 3411 356 3463 et
376 3425 418 3466 ex
440 3406 574 3489 pristina
588 3405 730 3470 bellandi
745 3405 973 3470 consuetudine
988 3403 1154 3468 celeritate-

201 3503 263 3568 qne
285 3501 478 3556 excesserat.
500 3491 568 3556 Nee
590 3493 715 3556 mirum.
739 3491 856 3578 Copias
880 3492 964 3555 enim
979 3487 1110 3556 babebat
1123 3488 1155 3552 in
