2562 3970
424 228 559 294 OOMM.
581 230 598 293 I
621 230 714 295 OAP.
738 229 874 294 86-87,
1085 229 1128 296 4ἵ

161 423 236 466 rum
249 401 405 483 veniatur,
428 422 463 466 se
473 400 666 466 frumentum
681 399 829 466 datiuum
838 397 1015 487 pollicetur.
1029 397 1130 466 Addit

161 487 272 569 etiam,
304 494 349 568 ut,
382 485 468 572 quod
494 487 628 587 quisque
661 507 770 550 eorum
801 488 836 551 in
864 483 949 549 bello
977 485 1129 569 amiserit,

166 592 248 658 quae
270 571 334 634 sint
354 592 453 657 penes
475 570 592 635 nnlites
615 591 699 653 suos,
724 572 773 654 iis,
803 570 858 658 qui
879 569 1051 653 amiserint,
1080 590 1129 634 re·

162 655 328 738 stituatur3
343 655 495 720 militibus
518 676 624 742 aequa¹
633 655 718 719 fecta
729 654 947 720 aestimatione
961 655 1130 740 pecuniam

165 741 293 826 probis
316 739 412 804 rebus
435 739 587 805 dissolvit
618 738 843 826 Quascumque
870 746 983 824 postea
1004 747 1129 804 contro·

164 826 289 890 versiae
317 825 400 888 inter
429 847 464 888 se
490 823 608 888 milites
637 824 827 908 habuerunt,
856 843 915 887 sua
942 831 1054 909 sponte
1087 822 1130 888 ad

163 909 339 976 Gaesarem
365 909 399 973 in
427 911 476 974 ius
506 908 660 972 adierunt.
687 909 831 973 Petreius
860 915 894 973 at
915 929 956 973 ue
977 907 1129 973 Afranius

188 1017 264 1059 uum
286 993 478 1080 stipendium
499 994 539 1060 ab
561 992 739 1080 legionibus
753 1015 857 1080 paene
871 1014 906 1056 se
930 993 1024 1058 'tione
1045 991 1130 1058 facta

162 1018 392 1166 flagitarentur,
426 1079 515 1146 cuius
543 1077 590 1146 illi
617 1079 701 1144 diem
728 1077 870 1143 nondum
895 1079 1023 1142 venisse
1045 1077 1129 1144 dice·

165 1171 246 1248 rent,
277 1161 409 1230 Caesar·
421 1172 457 1228 ut
478 1173 708 1250 cognosceret,¹

164 1249 300 1336 utrique,
323 1247 409 1337 quod
431 1251 548 1332 statuit,
572 1249 712 1313 contenti
730 1183 868 1318 luerunt.
891 1246 987 1312 Pbrte
1003 1247 1129 1312 circiter

164 1336 260 1400 tertia
282 1337 443 1401 exercitus
466 1355 504 1400 eo
527 1333 624 1400 biduo
640 1333 772 1398 dimissa
793 1331 872 1398 duas
894 1331 1038 1420 legiones
1054 1351 1128 1397 suas

164 1420 364 1505 antecedere,
394 1419 536 1507 reliquas
563 1418 714 1505 subsequi
744 1419 845 1504 iussit,
876 1427 1004 1483 utnon
1031 1416 1146 1502 longo‘

164 1507 249 1570 inter
271 1527 306 1570 se
328 1507 429 1592 spatio
452 1513 557 1570 castra
569 1504 720 1585 facerent,
743 1505 773 1567 ei
794 1524 835 1566 ue
856 1506 985 1588 negotio
1009 1500 1049 1581 Q.
1064 1501 1127 1565 Fu-

165 1589 243 1654 fium
265 1588 446 1656 Calenum]
488 1598 574 1654 atum
588 1589 739 1674 praeficit
795 1609 834 1652 cc
848 1591 916 1653 eius
930 1587 1129 1674 praescripto

167 1696 208 1738 ex
228 1674 388 1761 Hispania
408 1673 447 1739 ad
495 1695 585 1739 arum
605 1671 724 1738 flumen
739 1681 789 1738 est
808 1673 870 1744 iter
882 1672 1010 1756 facturn,
1033 1679 1129 1758 atquc

164 1759 213 1824 ibi
232 1760 361 1847 reliqua¹
375 1779 450 1846 pars
472 1759 633 1824 exercitus
655 1757 786 1824 dimissa
807 1765 865 1824 est.

754 1161 925 1228 ostulatum
946 1171 1005 1246 esty
1022 1183 1129 1263 eoque
