2490 3974
454 213 598 284 orror
619 213 757 279 11-11.
950 190 952 194 ‘
1022 211 1080 277 111

119 387 221 472 patris
242 389 341 472 gestis
363 409 467 473 neque
488 397 553 452 tam
575 383 745 450 excellenti
759 385 914 450 maiorum
929 383 1083 470 dignitate

120 480 214 556 parta
244 495 350 558 neque
381 474 476 536 tantis
509 471 664 536 clientelis
696 471 896 557 nominisque
936 469 1081 533 claritate

8 599 9 604 κ
120 557 286 642 praeditus
314 561 349 622 in
370 556 598 643 rempublicam
620 566 669 621 est
689 557 871 640 ingressus..
902 555 952 620 Tu
975 563 1085 619 contra

122 651 157 706 et
169 643 276 742 ,patris
298 643 461 708 nobilitate
484 652 516 706 et
537 642 691 728 dignitate
714 650 745 705 et
766 663 824 726 per
845 653 877 706 te
906 643 974 728 ipse
1008 642 1084 704 satis

8 799 9 806 ἵ
122 729 223 792 ammi
261 728 479 816 magnitudine
494 766 498 774 ι
515 728 747 812 diligentiaque
785 728 947 812 praeditus
980 746 1085 791 nonne

123 813 254 878 eniteris
278 824 309 879 et
329 813 539 900 proficisceris
562 812 602 878 ad
623 820 772 898 paternas
805 812 969 877 clientelas
998 811 1084 874 auxi·

124 897 203 998 lium
224 899 283 1047 uqi
296 903 406 986 reique
428 899 574 984 publicae
597 909 693 983 atque
722 899 839 982 optimo
863 901 976 985 cuique
1000 896 1086 960 effla·

124 1006 160 1070 gl
190 1069 241 1132 23.
264 1069 324 1134 His
345 1069 454 1135 verbis
476 1069 611 1133 hominis
634 1067 815 1154 gravissimi
835 1069 985 1133 incitatus
1009 1067 1084 1131 ado·

126 1153 320 1220 lescentulus
343 1178 415 1219 cum
429 1153 585 1218 naviculis
600 1153 839 1240 cuiusquemodi
854 1156 980 1239 generis
995 1159 1086 1234 XXX,

127 1239 206 1304 inibi
227 1242 337 1325 paucis
358 1241 511 1320 rostratis,
538 1239 698 1324 profectus
727 1238 768 1302 ab
797 1238 893 1303 Utica
914 1241 947 1303 in
968 1239 1087 1302 Mauri-

126 1326 247 1388 taniam
275 1348 472 1412 regnumque
499 1324 642 1409 Bogudis
665 1333 713 1388 est
734 1325 899 1408 ingressus
924 1325 1087 1411 expedito·

127 1431 191 1496 que
214 1415 356 1476 exercitu
377 1433 509 1476 numero
532 1432 706 1492 servorum,
730 1409 903 1474 liberorum
917 1419 941 1472 ll
956 1411 1087 1492 milium,

126 1497 219 1560 euius
240 1505 363 1581 partem
384 1499 548 1578 inermem,
581 1505 705 1580 partem
738 1505 890 1560 armatam
923 1495 1088 1577 habuerat,

127 1581 171 1644 ad
193 1580 344 1666 oppidum
364 1582 522 1646 Asamum
536 1581 690 1646 accedere
705 1602 761 1646 coe
784 1583 823 1663 it3
846 1582 880 1644 in
896 1604 957 1667 quo
973 1581 1089 1666 oppido

128 1667 324 1752 praesidium
345 1668 403 1732 firit
423 1669 555 1753 regium.
570 1667 722 1751 Pompeio
738 1603 957 1732 advenienteo
980 1667 1090 1752 pidani

129 1774 231 1838 usque
254 1775 291 1816 eo
314 1755 402 1838 passi
433 1754 562 1839 propius
596 1752 758 1834 accedere,
797 1752 899 1816 donec
932 1690 979 1816 ad
1002 1755 1089 1838 ipsas

130 1847 237 1922 portas
260 1861 298 1902 ac
319 1861 444 1903 murum
474 1839 751 1924 appropinquaret,
786 1837 892 1901 subito
925 1839 1090 1924 eruptione

8 1997 9 2002 η
129 1923 215 1988 facta
236 1931 409 2008 prostratos
437 1925 685 2010 perterritosque
713 1923 924 2008 Pompeianos
946 1947 980 1986 m
1002 1945 1090 1986 mare

131 2029 293 2093 navesque
329 2011 447 2094 passim
484 2007 712 2094 compulerunt.
757 2008 806 2072 Ita
827 2030 862 2072 re
884 2007 968 2072 male
1001 2017 1092 2094 gesta

132 2091 242 2157 Gneus
271 2095 439 2181 Pompeius
475 2095 559 2158 filius
595 2116 694 2158 naves
729 2094 814 2160 inde
841 2096 955 2158 avertit
986 2117 1091 2180 neque

132 2189 243 2263 postea
263 2179 337 2242 litus
360 2182 465 2266 attigit
494 2179 692 2265 classemque
722 2180 762 2244 ad
789 2180 909 2244 insulas
938 2179 1091 2244 Baleares

132 2285 246 2328 versus
269 2268 435 2329 convertit.

197 2349 248 2412 24.
272 2349 377 2435 Scipio
406 2353 532 2415 interim
562 2372 633 2414 cum
667 2351 706 2413 iis
733 2351 842 2434 copiis,
880 2373 960 2436 quas
996 2349 1092 2436 paulo

134 2441 207 2498 ante
230 2432 522 2519 demonstravimus,
546 2436 659 2501 Uticae
682 2436 795 2520 grandi
808 2437 966 2520 praesidio
982 2435 1092 2500 relicto

8 2501 10 2540 ³
119 2518 295 2603 'profectus
317 2523 452 2605 primum
473 2522 640 2586 Adrumeti
662 2529 767 2584 castra
787 2522 885 2606 ponit,
909 2521 1026 2585 deinde
1045 2521 1092 2584 ibi

134 2625 251 2752 paucos
274 2606 342 2670 dies
364 2617 574 2672 commoratus
596 2616 693 2670 noctu
714 2607 826 2670 itincre
847 2607 930 2672 facto
947 2630 1018 2670 cum
1032 2605 1093 2670 La·

157 2689 221 2754 ieni
244 2701 275 2754 et
295 2691 402 2755 Petrei
424 2694 520 2778 copiis
537 2715 570 2758 se
587 2693 756 2778 coniungit,
780 2701 875 2778 atque
888 2693 960 2755 unis
980 2692 1094 2756 castris

135 2773 225 2840 iactis
250 2784 279 2841 {n
303 2777 390 2840 milia
417 2800 567 2862 passuum
590 2779 682 2863 longe
705 2777 881 2842 considunt.
925 2777 1094 2863 Equitatus

136 2859 262 2925 interim
294 2884 404 2926 eorum
430 2865 548 2928 circum
582 2862 729 2928 Caesaris
762 2864 952 2928 munitiones
984 2863 1096 2949 vagari

138 2954 232 3094 atque
255 2969 319 3029 eos,
353 2950 406 3034 qui
438 2949 611 3034 pabulandi
638 2958 693 3012 aut
715 2948 855 3038 aquandi
877 2949 980 3033 gratia
1003 2957 1095 3012 extra

136 3031 256 3095 valum
277 3035 438 3119 progressi
461 3044 575 3117 essent,
599 3037 762 3121 excipere3
785 3035 830 3098 ita
851 3056 960 3098 omnes
984 3034 1095 3098 adver-

137 3119 236 3183 sarios
258 3119 342 3182 intra
363 3121 552 3184 munitiones
575 3122 747 3186 continere.
771 3119 890 3198 Quare
907 3119 1093 3184 Caesariani

136 3205 227 3290 gravi
249 3225 375 3268 annona
397 3215 471 3269 sunt
492 3206 672 3287 conflictati,
695 3205 767 3269 ideo
783 3204 868 3291 quod
882 3205 1023 3268 nondum
1041 3227 1095 3268 ne·

138 3311 199 3374 que
222 3289 262 3352 ab
286 3289 395 3354 Sicilia
425 3313 530 3376 neque
563 3291 604 3354 ab
638 3290 786 3354 Sardinia
808 3299 1001 3354 commeatus
1025 3312 1096 3375 sup·

138 3383 282 3458 portatus
305 3385 381 3458 erat,
410 3397 514 3462 neque
536 3399 595 3461 per
616 3376 692 3440 anni
712 3385 837 3460 tempus
859 3377 893 3438 in
914 3377 995 3442 mari
1018 3374 1096 3439 clas-

138 3481 190 3524 ses
213 3462 280 3525 sine
312 3460 455 3546 periculo
487 3464 599 3548 vagari
630 3470 792 3546 poterant;
824 3483 929 3546 neque
963 3461 1098 3546 amplius
