<?xml version="1.0" encoding="UTF-8"?>
<!DOCTYPE html PUBLIC "-//W3C//DTD XHTML 1.0 Transitional//EN"
    "http://www.w3.org/TR/xhtml1/DTD/xhtml1-transitional.dtd">
<html xmlns="http://www.w3.org/1999/xhtml" xml:lang="en" lang="en">
 <head>
  <title>
</title>
<meta http-equiv="Content-Type" content="text/html;charset=utf-8" />
  <meta name='ocr-system' content='tesseract 3.04.00' />
  <meta name='ocr-capabilities' content='ocr_page ocr_carea ocr_par ocr_line ocrx_word'/>
</head>
<body>
  <div class='ocr_page' id='page_1' title='image "./ciuliicaesarisc01hirtgoog_0300.png"; bbox 0 0 2532 3968; ppageno 0'>
   <div class='ocr_carea' id='block_1_1' title="bbox 476 239 1074 310">
    <p class='ocr_par' dir='ltr' id='par_1_1' title="bbox 476 239 1074 310">
     <span class='ocr_line' id='line_1_1' title="bbox 476 239 1074 310; baseline 0.002 -2"><span class='ocrx_word' id='word_1_1' title='bbox 476 245 730 310; x_wconf 76' lang='lat' dir='ltr'><em>PRAEFATlo.</em></span> <span class='ocrx_word' id='word_1_2' title='bbox 982 239 1074 309; x_wconf 84' lang='lat' dir='ltr'>LVII</span> 
     </span>
    </p>
   </div>
   <div class='ocr_carea' id='block_1_2' title="bbox 60 421 1078 588">
    <p class='ocr_par' dir='ltr' id='par_1_2' title="bbox 60 421 1078 588">
     <span class='ocr_line' id='line_1_2' title="bbox 131 421 1078 502; baseline -0.004 -20"><span class='ocrx_word' id='word_1_3' title='bbox 131 421 219 482; x_wconf 74' lang='lat' dir='ltr'><em>oilli</em></span> <span class='ocrx_word' id='word_1_4' title='bbox 231 423 339 481; x_wconf 74' lang='lat' dir='ltr'><em>oilerius</em></span> <span class='ocrx_word' id='word_1_5' title='bbox 354 423 591 502; x_wconf 80' lang='lat' dir='ltr'><em>accipiebantur,</em></span> <span class='ocrx_word' id='word_1_6' title='bbox 607 423 746 482; x_wconf 71' lang='lat' dir='ltr'><em>leoninulli</em></span> <span class='ocrx_word' id='word_1_7' title='bbox 767 423 853 478; x_wconf 84' lang='lat' dir='ltr'><em>elium</em></span> <span class='ocrx_word' id='word_1_8' title='bbox 874 421 912 480; x_wconf 85' lang='lat' dir='ltr'><em>oo</em></span> <span class='ocrx_word' id='word_1_9' title='bbox 934 421 995 491; x_wconf 76' lang='lat' dir='ltr'><em>leis,</em></span> <span class='ocrx_word' id='word_1_10' title='bbox 1023 421 1078 493; x_wconf 83' lang='lat' dir='ltr'><em>qui</em></span> 
     </span>
     <span class='ocr_line' id='line_1_3' title="bbox 60 499 1075 588; baseline -0.005 -22"><span class='ocrx_word' id='word_1_11' title='bbox 60 578 72 588; x_wconf 21' lang='grc' dir='ltr'>Ν</span> <span class='ocrx_word' id='word_1_12' title='bbox 133 509 340 580; x_wconf 74' lang='lat' dir='ltr'><em>oliliqenliores</em></span> <span class='ocrx_word' id='word_1_13' title='bbox 362 509 461 566; x_wconf 76' lang='lat' dir='ltr'><em>uideri</em></span> <span class='ocrx_word' id='word_1_14' title='bbox 475 510 619 575; x_wconf 79' lang='lat' dir='ltr'><em>nolebant,</em></span> <span class='ocrx_word' id='word_1_15' title='bbox 640 509 840 580; x_wconf 63' lang='lat' dir='ltr'><em>finqeoontnn</em></span> <span class='ocrx_word' id='word_1_16' title='bbox 865 538 906 548; x_wconf 89' lang='lat'><em>-</em></span> <span class='ocrx_word' id='word_1_17' title='bbox 928 499 1007 563; x_wconf 80' lang='lat' dir='ltr'><em>hoeo</em></span> <span class='ocrx_word' id='word_1_18' title='bbox 1028 500 1075 562; x_wconf 78' lang='lat' dir='ltr'><em>ito</em></span> 
     </span>
    </p>
   </div>
   <div class='ocr_carea' id='block_1_3' title="bbox 123 587 1079 3569">
    <p class='ocr_par' dir='ltr' id='par_1_3' title="bbox 123 587 1079 1587">
     <span class='ocr_line' id='line_1_4' title="bbox 133 587 1077 666; baseline -0.005 -14"><span class='ocrx_word' id='word_1_19' title='bbox 133 587 297 652; x_wconf 79' lang='lat' dir='ltr'><em>constitui:</em></span> <span class='ocrx_word' id='word_1_20' title='bbox 328 592 419 650; x_wconf 78' lang='lat' dir='ltr'><em>Civile</em></span> <span class='ocrx_word' id='word_1_21' title='bbox 447 594 551 652; x_wconf 80' lang='lat' dir='ltr'><em>bellum</em></span> <span class='ocrx_word' id='word_1_22' title='bbox 577 625 619 634; x_wconf 91' lang='lat'>—</span> <span class='ocrx_word' id='word_1_23' title='bbox 648 625 691 636; x_wconf 89' lang='lat'><em>-</em></span> <span class='ocrx_word' id='word_1_24' title='bbox 716 590 850 666; x_wconf 79' lang='lat' dir='ltr'><em>fuerant</em></span> <span class='ocrx_word' id='word_1_25' title='bbox 877 591 956 664; x_wconf 72' lang='lat' dir='ltr'><em>(neom</em></span> <span class='ocrx_word' id='word_1_26' title='bbox 988 591 1077 648; x_wconf 84' lang='lat' dir='ltr'><em>eiiam</em></span> 
     </span>
     <span class='ocr_line' id='line_1_5' title="bbox 133 676 1077 750; baseline -0.003 -14"><span class='ocrx_word' id='word_1_27' title='bbox 133 679 275 736; x_wconf 72' lang='lat' dir='ltr'><em>iomanis</em></span> <span class='ocrx_word' id='word_1_28' title='bbox 297 678 467 748; x_wconf 76' lang='lat' dir='ltr'><em>leieefioium</em></span> <span class='ocrx_word' id='word_1_29' title='bbox 486 687 656 737; x_wconf 78' lang='lat' dir='ltr'><em>inoleverat</em></span> <span class='ocrx_word' id='word_1_30' title='bbox 671 693 859 736; x_wconf 72' lang='lat' dir='ltr'><em>nonnosum</em></span> <span class='ocrx_word' id='word_1_31' title='bbox 882 676 1077 750; x_wconf 53' lang='lat' dir='ltr'><em>consuetude</em></span> 
     </span>
     <span class='ocr_line' id='line_1_6' title="bbox 134 757 1077 841; baseline -0.004 -21"><span class='ocrx_word' id='word_1_32' title='bbox 134 778 228 837; x_wconf 85' lang='lat' dir='ltr'><em>quoe</em></span> <span class='ocrx_word' id='word_1_33' title='bbox 244 757 442 841; x_wconf 77' lang='lat' dir='ltr'><em>offerrentur)</em></span> <span class='ocrx_word' id='word_1_34' title='bbox 451 783 461 829; x_wconf 84' lang='lat'><em>;</em></span> <span class='ocrx_word' id='word_1_35' title='bbox 477 767 641 838; x_wconf 84' lang='lat' dir='ltr'><em>numicipio</em></span> <span class='ocrx_word' id='word_1_36' title='bbox 656 766 741 822; x_wconf 81' lang='lat' dir='ltr'><em>eliam</em></span> <span class='ocrx_word' id='word_1_37' title='bbox 753 763 923 822; x_wconf 76' lang='lat' dir='ltr'><em>(liversis</em></span> <span class='ocrx_word' id='word_1_38' title='bbox 934 761 1077 834; x_wconf 51' lang='lat' dir='ltr'><em>¹portibus</em></span> 
     </span>
     <span class='ocr_line' id='line_1_7' title="bbox 133 841 1079 926; baseline -0.007 -18"><span class='ocrx_word' id='word_1_39' title='bbox 133 849 296 908; x_wconf 79' lang='lat' dir='ltr'><em>coniuncto</em></span> <span class='ocrx_word' id='word_1_40' title='bbox 319 841 472 926; x_wconf 88' lang='lat' dir='ltr'><em>(nomque</em></span> <span class='ocrx_word' id='word_1_41' title='bbox 499 866 538 907; x_wconf 78' lang='lat' dir='ltr'><em>ex</em></span> <span class='ocrx_word' id='word_1_42' title='bbox 566 849 684 907; x_wconf 83' lang='lat' dir='ltr'><em>Marsis·</em></span> <span class='ocrx_word' id='word_1_43' title='bbox 706 847 899 919; x_wconf 83' lang='lat' dir='ltr'><em>Peliqnisqne</em></span> <span class='ocrx_word' id='word_1_44' title='bbox 921 847 1079 909; x_wconf 68' lang='lat' dir='ltr'><em>leviniam</em></span> 
     </span>
     <span class='ocr_line' id='line_1_8' title="bbox 134 925 1076 1013; baseline -0.005 -22"><span class='ocrx_word' id='word_1_45' title='bbox 134 935 159 991; x_wconf 88' lang='lat' dir='ltr'><em>ii</em></span> <span class='ocrx_word' id='word_1_46' title='bbox 184 935 236 1004; x_wconf 88' lang='lat' dir='ltr'><em>qui</em></span> <span class='ocrx_word' id='word_1_47' title='bbox 257 935 417 1008; x_wconf 77' lang='lat' dir='ltr'><em>superiore</em></span> <span class='ocrx_word' id='word_1_48' title='bbox 437 943 524 992; x_wconf 83' lang='lat' dir='ltr'><em>noete</em></span> <span class='ocrx_word' id='word_1_49' title='bbox 547 925 786 1013; x_wconf 80' lang='lat' dir='ltr'><em>prosuqerunl):</em></span> <span class='ocrx_word' id='word_1_50' title='bbox 813 932 888 990; x_wconf 78' lang='lat' dir='ltr'><em>lineo</em></span> <span class='ocrx_word' id='word_1_51' title='bbox 917 934 947 989; x_wconf 88' lang='lat' dir='ltr'><em>in</em></span> <span class='ocrx_word' id='word_1_52' title='bbox 971 939 1076 989; x_wconf 74' lang='lat' dir='ltr'><em>coustu-</em></span> 
     </span>
     <span class='ocr_line' id='line_1_9' title="bbox 134 1019 1077 1098; baseline -0.003 -21"><span class='ocrx_word' id='word_1_53' title='bbox 134 1019 248 1077; x_wconf 80' lang='lat' dir='ltr'><em>ierniis</em></span> <span class='ocrx_word' id='word_1_54' title='bbox 275 1019 445 1077; x_wconf 72' lang='lat' dir='ltr'><em>commilites</em></span> <span class='ocrx_word' id='word_1_55' title='bbox 475 1021 737 1091; x_wconf 64' lang='lat' dir='ltr'><em>quinquenium</em></span> <span class='ocrx_word' id='word_1_56' title='bbox 766 1019 903 1098; x_wconf 75' lang='lat' dir='ltr'><em>nonnulli</em></span> <span class='ocrx_word' id='word_1_57' title='bbox 930 1019 1077 1098; x_wconf 71' lang='lat' dir='ltr'><em>proniora</em></span> 
     </span>
     <span class='ocr_line' id='line_1_10' title="bbox 123 1101 1076 1178; baseline -0.003 -17"><span class='ocrx_word' id='word_1_58' title='bbox 123 1103 317 1178; x_wconf 80' lang='lat' dir='ltr'><em>prosereb</em></span> <span class='ocrx_word' id='word_1_59' title='bbox 331 1111 408 1172; x_wconf 85' lang='lat' dir='ltr'><em>ont;</em></span> <span class='ocrx_word' id='word_1_60' title='bbox 436 1119 588 1163; x_wconf 73' lang='lat' dir='ltr'><em>sermones</em></span> <span class='ocrx_word' id='word_1_61' title='bbox 609 1106 730 1163; x_wconf 79' lang='lat' dir='ltr'><em>militum</em></span> <span class='ocrx_word' id='word_1_62' title='bbox 759 1102 850 1162; x_wconf 81' lang='lat' dir='ltr'><em>dubii</em></span> <span class='ocrx_word' id='word_1_63' title='bbox 863 1104 971 1161; x_wconf 80' lang='lat' dir='ltr'><em>durius</em></span> <span class='ocrx_word' id='word_1_64' title='bbox 996 1101 1076 1160; x_wconf 84' lang='lat' dir='ltr'><em>noei-</em></span> 
     </span>
     <span class='ocr_line' id='line_1_11' title="bbox 130 1185 1078 1263; baseline -0.004 -17"><span class='ocrx_word' id='word_1_65' title='bbox 130 1189 307 1263; x_wconf 82' lang='lat' dir='ltr'><em>pieoonlur,</em></span> <span class='ocrx_word' id='word_1_66' title='bbox 340 1191 477 1248; x_wconf 78' lang='lat' dir='ltr'><em>nonnulli</em></span> <span class='ocrx_word' id='word_1_67' title='bbox 505 1192 591 1249; x_wconf 84' lang='lat' dir='ltr'><em>elium</em></span> <span class='ocrx_word' id='word_1_68' title='bbox 620 1191 657 1248; x_wconf 73' lang='lat' dir='ltr'><em>oli</em></span> <span class='ocrx_word' id='word_1_69' title='bbox 679 1185 743 1256; x_wconf 87' lang='lat' dir='ltr'><em>iis,</em></span> <span class='ocrx_word' id='word_1_70' title='bbox 783 1189 835 1260; x_wconf 88' lang='lat' dir='ltr'><em>qui</em></span> <span class='ocrx_word' id='word_1_71' title='bbox 869 1187 1078 1260; x_wconf 80' lang='lat' dir='ltr'><em>elilipenliores</em></span> 
     </span>
     <span class='ocr_line' id='line_1_12' title="bbox 133 1267 1077 1346; baseline -0.004 -14"><span class='ocrx_word' id='word_1_72' title='bbox 133 1275 231 1332; x_wconf 81' lang='lat' dir='ltr'><em>uideri</em></span> <span class='ocrx_word' id='word_1_73' title='bbox 264 1274 415 1344; x_wconf 78' lang='lat' dir='ltr'><em>nolebant,</em></span> <span class='ocrx_word' id='word_1_74' title='bbox 450 1276 651 1346; x_wconf 78' lang='lat' dir='ltr'><em>fioqebonlur.</em></span> <span class='ocrx_word' id='word_1_75' title='bbox 696 1267 788 1346; x_wconf 78' lang='lat' dir='ltr'><em>Quod</em></span> <span class='ocrx_word' id='word_1_76' title='bbox 825 1267 909 1332; x_wconf 90' lang='lat' dir='ltr'><em>edidi</em></span> <span class='ocrx_word' id='word_1_77' title='bbox 946 1273 1077 1331; x_wconf 81' lang='lat' dir='ltr'><em>diuersis</em></span> 
     </span>
     <span class='ocr_line' id='line_1_13' title="bbox 155 1352 1078 1435; baseline -0.003 -19"><span class='ocrx_word' id='word_1_78' title='bbox 155 1364 259 1418; x_wconf 80' lang='lat' dir='ltr'><em>raeter</em></span> <span class='ocrx_word' id='word_1_79' title='bbox 302 1353 441 1417; x_wconf 76' lang='lat' dir='ltr'><em>codicem</em></span> <span class='ocrx_word' id='word_1_80' title='bbox 485 1352 741 1435; x_wconf 82' lang='lat' dir='ltr'><em>Carresiensem,</em></span> <span class='ocrx_word' id='word_1_81' title='bbox 790 1354 840 1417; x_wconf 91' lang='lat' dir='ltr'><em>oui</em></span> <span class='ocrx_word' id='word_1_82' title='bbox 878 1352 938 1414; x_wconf 83' lang='lat' dir='ltr'><em>hoo</em></span> <span class='ocrx_word' id='word_1_83' title='bbox 974 1354 1007 1414; x_wconf 87' lang='lat' dir='ltr'><em>in</em></span> <span class='ocrx_word' id='word_1_84' title='bbox 1041 1372 1078 1414; x_wconf 86' lang='lat' dir='ltr'><em>re</em></span> 
     </span>
     <span class='ocr_line' id='line_1_14' title="bbox 131 1375 1077 1586; baseline -0.003 -85"><span class='ocrx_word' id='word_1_85' title='bbox 131 1375 228 1586; x_wconf 60' lang='lat' dir='ltr'><em>{dem</em></span> <span class='ocrx_word' id='word_1_86' title='bbox 255 1439 432 1502; x_wconf 79' lang='lat' dir='ltr'><em>habendam</em></span> <span class='ocrx_word' id='word_1_87' title='bbox 462 1462 531 1503; x_wconf 82' lang='lat' dir='ltr'><em>esse</em></span> <span class='ocrx_word' id='word_1_88' title='bbox 554 1442 676 1504; x_wconf 82' lang='lat' dir='ltr'><em>censuit</em></span> <span class='ocrx_word' id='word_1_89' title='bbox 702 1440 751 1522; x_wconf 69' lang='lat' dir='ltr'><em>N„</em></span> <span class='ocrx_word' id='word_1_90' title='bbox 778 1460 887 1503; x_wconf 84' lang='lat' dir='ltr'><em>omnes</em></span> <span class='ocrx_word' id='word_1_91' title='bbox 908 1437 981 1500; x_wconf 87' lang='lat' dir='ltr'>libri</span> <span class='ocrx_word' id='word_1_92' title='bbox 1001 1457 1077 1499; x_wconf 81' lang='lat' dir='ltr'><em>mes.</em></span> 
     </span>
     <span class='ocr_line' id='line_1_15' title="bbox 156 1524 261 1587; baseline 0 0"><span class='ocrx_word' id='word_1_93' title='bbox 156 1524 261 1587; x_wconf 79' lang='lat' dir='ltr'><em>abent.</em></span> 
     </span>
    </p>

    <p class='ocr_par' dir='ltr' id='par_1_4' title="bbox 131 1607 1079 2864">
     <span class='ocr_line' id='line_1_16' title="bbox 198 1607 1077 1695; baseline -0.003 -23"><span class='ocrx_word' id='word_1_94' title='bbox 198 1607 234 1672; x_wconf 83' lang='lat' dir='ltr'><em>O.</em></span> <span class='ocrx_word' id='word_1_95' title='bbox 263 1610 305 1672; x_wconf 81' lang='lat'><em>32</em></span> <span class='ocrx_word' id='word_1_96' title='bbox 333 1609 431 1688; x_wconf 81' lang='lat' dir='ltr'><em>edidi,</em></span> <span class='ocrx_word' id='word_1_97' title='bbox 467 1609 550 1695; x_wconf 88' lang='lat' dir='ltr'><em>quod</em></span> <span class='ocrx_word' id='word_1_98' title='bbox 572 1619 603 1673; x_wconf 86' lang='lat' dir='ltr'><em>et</em></span> <span class='ocrx_word' id='word_1_99' title='bbox 631 1609 731 1674; x_wconf 80' lang='lat' dir='ltr'><em>Paris.</em></span> <span class='ocrx_word' id='word_1_100' title='bbox 754 1631 816 1673; x_wconf 86' lang='lat' dir='ltr'><em>seo.</em></span> <span class='ocrx_word' id='word_1_101' title='bbox 846 1618 877 1674; x_wconf 91' lang='lat' dir='ltr'><em>et</em></span> <span class='ocrx_word' id='word_1_102' title='bbox 902 1607 996 1671; x_wconf 88' lang='lat' dir='ltr'><em>Vind.</em></span> <span class='ocrx_word' id='word_1_103' title='bbox 1028 1628 1077 1691; x_wconf 85' lang='lat' dir='ltr'><em>pr.</em></span> 
     </span>
     <span class='ocr_line' id='line_1_17' title="bbox 132 1692 1078 1780; baseline -0.001 -23"><span class='ocrx_word' id='word_1_104' title='bbox 132 1695 270 1780; x_wconf 86' lang='lat' dir='ltr'><em>itemque</em></span> <span class='ocrx_word' id='word_1_105' title='bbox 284 1695 389 1757; x_wconf 87' lang='lat' dir='ltr'><em>Haun.</em></span> <span class='ocrx_word' id='word_1_106' title='bbox 419 1695 515 1758; x_wconf 71' lang='lat' dir='ltr'><em>Voss·</em></span> <span class='ocrx_word' id='word_1_107' title='bbox 533 1717 595 1758; x_wconf 87' lang='lat' dir='ltr'><em>seo.</em></span> <span class='ocrx_word' id='word_1_108' title='bbox 618 1707 649 1759; x_wconf 90' lang='lat' dir='ltr'><em>et</em></span> <span class='ocrx_word' id='word_1_109' title='bbox 670 1696 788 1760; x_wconf 68' lang='lat' dir='ltr'><em>Petam:</em></span> <span class='ocrx_word' id='word_1_110' title='bbox 811 1692 965 1779; x_wconf 80' lang='lat' dir='ltr'><em>praebent</em></span> <span class='ocrx_word' id='word_1_111' title='bbox 986 1714 1078 1756; x_wconf 65' lang='lat' dir='ltr'><em>leuues</em></span> 
     </span>
     <span class='ocr_line' id='line_1_18' title="bbox 133 1777 1078 1864; baseline -0.004 -20"><span class='ocrx_word' id='word_1_112' title='bbox 133 1792 328 1844; x_wconf 83' lang='lat' dir='ltr'><em>oneratos.</em></span> <span class='ocrx_word' id='word_1_113' title='bbox 368 1779 463 1864; x_wconf 74' lang='lat' dir='ltr'><em>(Vide</em></span> <span class='ocrx_word' id='word_1_114' title='bbox 491 1779 626 1843; x_wconf 82' lang='lat' dir='ltr'><em>Kraneri</em></span> <span class='ocrx_word' id='word_1_115' title='bbox 652 1803 723 1845; x_wconf 81' lang='lat' dir='ltr'><em>ann.</em></span> <span class='ocrx_word' id='word_1_116' title='bbox 752 1782 792 1844; x_wconf 83' lang='lat' dir='ltr'><em>ad</em></span> <span class='ocrx_word' id='word_1_117' title='bbox 821 1779 851 1842; x_wconf 92' lang='lat' dir='ltr'><em>h.</em></span> <span class='ocrx_word' id='word_1_118' title='bbox 874 1777 919 1864; x_wconf 88' lang='grc'><strong>1.).</strong></span> <span class='ocrx_word' id='word_1_119' title='bbox 945 1777 983 1842; x_wconf 89' lang='lat' dir='ltr'><em>N.</em></span> <span class='ocrx_word' id='word_1_120' title='bbox 1005 1799 1078 1841; x_wconf 87' lang='lat' dir='ltr'><em>oum</em></span> 
     </span>
     <span class='ocr_line' id='line_1_19' title="bbox 133 1862 1079 1950; baseline -0.002 -22"><span class='ocrx_word' id='word_1_121' title='bbox 133 1863 359 1949; x_wconf 87' lang='lat' dir='ltr'><em>Oudendorpio</em></span> <span class='ocrx_word' id='word_1_122' title='bbox 374 1874 533 1928; x_wconf 73' lang='lat' dir='ltr'><em>onerosius</em></span> <span class='ocrx_word' id='word_1_123' title='bbox 548 1867 680 1950; x_wconf 81' lang='lat' dir='ltr'>scripsit.</span> <span class='ocrx_word' id='word_1_124' title='bbox 693 1862 843 1928; x_wconf 83' lang='lat' dir='ltr'><em>—Paulo</em></span> <span class='ocrx_word' id='word_1_125' title='bbox 866 1874 937 1949; x_wconf 83' lang='lat' dir='ltr'><em>post</em></span> <span class='ocrx_word' id='word_1_126' title='bbox 955 1863 1079 1928; x_wconf 87' lang='lat' dir='ltr'><em>restitui</em></span> 
     </span>
     <span class='ocr_line' id='line_1_20' title="bbox 132 1949 1077 2036; baseline -0.002 -24"><span class='ocrx_word' id='word_1_127' title='bbox 132 1949 216 2030; x_wconf 82' lang='lat' dir='ltr'><em>iere,</em></span> <span class='ocrx_word' id='word_1_128' title='bbox 241 1972 321 2034; x_wconf 82' lang='lat' dir='ltr'><em>quoe</em></span> <span class='ocrx_word' id='word_1_129' title='bbox 350 1949 390 2012; x_wconf 84' lang='lat' dir='ltr'><em>ab</em></span> <span class='ocrx_word' id='word_1_130' title='bbox 412 1949 495 2014; x_wconf 86' lang='lat' dir='ltr'><em>Aldo</em></span> <span class='ocrx_word' id='word_1_131' title='bbox 520 1950 593 2014; x_wconf 85' lang='lat' dir='ltr'><em>inde</em></span> <span class='ocrx_word' id='word_1_132' title='bbox 625 1950 755 2036; x_wconf 80' lang='lat' dir='ltr'><em>vulgata</em></span> <span class='ocrx_word' id='word_1_133' title='bbox 781 1960 853 2015; x_wconf 84' lang='lat' dir='ltr'><em>sunt</em></span> <span class='ocrx_word' id='word_1_134' title='bbox 878 1958 909 2012; x_wconf 89' lang='lat' dir='ltr'><em>et</em></span> <span class='ocrx_word' id='word_1_135' title='bbox 933 1950 1077 2034; x_wconf 86' lang='lat' dir='ltr'><em>proxime</em></span> 
     </span>
     <span class='ocr_line' id='line_1_21' title="bbox 133 2034 1076 2114; baseline -0.002 -16"><span class='ocrx_word' id='word_1_136' title='bbox 133 2034 175 2098; x_wconf 81' lang='lat' dir='ltr'><em>ad</em></span> <span class='ocrx_word' id='word_1_137' title='bbox 196 2034 347 2099; x_wconf 77' lang='lat' dir='ltr'><em>libromm</em></span> <span class='ocrx_word' id='word_1_138' title='bbox 370 2034 470 2098; x_wconf 86' lang='lat' dir='ltr'><em>verbo</em></span> <span class='ocrx_word' id='word_1_139' title='bbox 491 2035 660 2099; x_wconf 83' lang='lat' dir='ltr'><em>accedunt:</em></span> <span class='ocrx_word' id='word_1_140' title='bbox 683 2044 749 2101; x_wconf 82' lang='lat' dir='ltr'><em>Hoc</em></span> <span class='ocrx_word' id='word_1_141' title='bbox 770 2058 823 2101; x_wconf 91' lang='lat' dir='ltr'><em>uos</em></span> <span class='ocrx_word' id='word_1_142' title='bbox 843 2042 1076 2114; x_wconf 77' lang='lat' dir='ltr'><em>fortunamque</em></span> 
     </span>
     <span class='ocr_line' id='line_1_22' title="bbox 133 2127 1077 2201; baseline -0.002 -17"><span class='ocrx_word' id='word_1_143' title='bbox 133 2127 183 2184; x_wconf 78' lang='lat' dir='ltr'><em>liis</em></span> <span class='ocrx_word' id='word_1_144' title='bbox 211 2127 339 2184; x_wconf 75' lang='lat' dir='ltr'><em>ducibus</em></span> <span class='ocrx_word' id='word_1_145' title='bbox 368 2127 549 2201; x_wconf 79' lang='lat' dir='ltr'><em>repudietis</em></span> <span class='ocrx_word' id='word_1_146' title='bbox 569 2128 779 2198; x_wconf 74' lang='lat' dir='ltr'><em>Corfiniensem</em></span> <span class='ocrx_word' id='word_1_147' title='bbox 808 2128 1001 2199; x_wconf 80' lang='lat' dir='ltr'><em>ipnominiom</em></span> <span class='ocrx_word' id='word_1_148' title='bbox 1029 2141 1077 2182; x_wconf 90' lang='lat' dir='ltr'><em>on</em></span> 
     </span>
     <span class='ocr_line' id='line_1_23' title="bbox 131 2211 1079 2288; baseline -0.003 -16"><span class='ocrx_word' id='word_1_149' title='bbox 131 2211 241 2272; x_wconf 85' lang='lat' dir='ltr'><em>Iiolioe</em></span> <span class='ocrx_word' id='word_1_150' title='bbox 259 2211 375 2288; x_wconf 85' lang='lat' dir='ltr'><em>suqom,</em></span> <span class='ocrx_word' id='word_1_151' title='bbox 399 2227 445 2268; x_wconf 89' lang='lat' dir='ltr'><em>on</em></span> <span class='ocrx_word' id='word_1_152' title='bbox 467 2211 685 2285; x_wconf 76' lang='lat' dir='ltr'><em>Hispaniarum</em></span> <span class='ocrx_word' id='word_1_153' title='bbox 706 2214 884 2272; x_wconf 80' lang='lat' dir='ltr'><em>deditionem</em></span> <span class='ocrx_word' id='word_1_154' title='bbox 906 2227 952 2269; x_wconf 88' lang='lat' dir='ltr'><em>nn</em></span> <span class='ocrx_word' id='word_1_155' title='bbox 975 2211 1079 2284; x_wconf 80' lang='lat' dir='ltr'><em>Africi</em></span> 
     </span>
     <span class='ocr_line' id='line_1_24' title="bbox 133 2293 1079 2370; baseline -0.001 -16"><span class='ocrx_word' id='word_1_156' title='bbox 133 2297 205 2355; x_wconf 78' lang='lat' dir='ltr'><em>belli</em></span> <span class='ocrx_word' id='word_1_157' title='bbox 228 2299 424 2370; x_wconf 78' lang='lat' dir='ltr'><em>praeiudicio</em></span> <span class='ocrx_word' id='word_1_158' title='bbox 458 2301 691 2370; x_wconf 79' lang='lat' dir='ltr'><em>sequemini?</em></span> <span class='ocrx_word' id='word_1_159' title='bbox 727 2293 882 2356; x_wconf 84' lang='lat' dir='ltr'><em>Futurum</em></span> <span class='ocrx_word' id='word_1_160' title='bbox 914 2296 1079 2369; x_wconf 80' lang='lat' dir='ltr'><em>sequemini</em></span> 
     </span>
     <span class='ocr_line' id='line_1_25' title="bbox 133 2375 1077 2462; baseline -0.001 -23"><span class='ocrx_word' id='word_1_161' title='bbox 133 2397 193 2460; x_wconf 87' lang='lat' dir='ltr'><em>ego</em></span> <span class='ocrx_word' id='word_1_162' title='bbox 214 2377 316 2461; x_wconf 82' lang='lat' dir='ltr'><em>posui,</em></span> <span class='ocrx_word' id='word_1_163' title='bbox 338 2375 434 2461; x_wconf 82' lang='lat' dir='ltr'><em>vulgo</em></span> <span class='ocrx_word' id='word_1_164' title='bbox 456 2384 615 2454; x_wconf 82' lang='lat' dir='ltr'><em>sequimini</em></span> <span class='ocrx_word' id='word_1_165' title='bbox 640 2379 744 2441; x_wconf 87' lang='lat' dir='ltr'><em>edunt.</em></span> <span class='ocrx_word' id='word_1_166' title='bbox 777 2375 1001 2462; x_wconf 71' lang='lat' dir='ltr'><em>NipperdeiuS,</em></span> <span class='ocrx_word' id='word_1_167' title='bbox 1023 2376 1077 2461; x_wconf 89' lang='lat' dir='ltr'><em>qui</em></span> 
     </span>
     <span class='ocr_line' id='line_1_26' title="bbox 132 2460 1077 2546; baseline -0.004 -20"><span class='ocrx_word' id='word_1_168' title='bbox 132 2469 293 2540; x_wconf 84' lang='lat' dir='ltr'><em>&#39;sequimini</em></span> <span class='ocrx_word' id='word_1_169' title='bbox 321 2462 541 2546; x_wconf 84' lang='lat' dir='ltr'><em>imperativum</em></span> <span class='ocrx_word' id='word_1_170' title='bbox 571 2483 641 2528; x_wconf 84' lang='lat' dir='ltr'><em>esee</em></span> <span class='ocrx_word' id='word_1_171' title='bbox 671 2465 796 2544; x_wconf 79' lang='lat' dir='ltr'><em>statuit,</em></span> <span class='ocrx_word' id='word_1_172' title='bbox 826 2460 970 2526; x_wconf 77' lang='lat' dir='ltr'><em>omnibus</em></span> <span class='ocrx_word' id='word_1_173' title='bbox 998 2461 1077 2524; x_wconf 84' lang='lat' dir='ltr'><em>loeis</em></span> 
     </span>
     <span class='ocr_line' id='line_1_27' title="bbox 132 2545 1077 2632; baseline 0 -22"><span class='ocrx_word' id='word_1_174' title='bbox 132 2569 173 2610; x_wconf 86' lang='lat' dir='ltr'><em>un</em></span> <span class='ocrx_word' id='word_1_175' title='bbox 190 2548 295 2629; x_wconf 87' lang='lat' dir='ltr'><em>eieoit;</em></span> <span class='ocrx_word' id='word_1_176' title='bbox 311 2557 344 2609; x_wconf 83' lang='lat' dir='ltr'><em>at</em></span> <span class='ocrx_word' id='word_1_177' title='bbox 354 2547 509 2631; x_wconf 82' lang='lat' dir='ltr'><em>particule</em></span> <span class='ocrx_word' id='word_1_178' title='bbox 522 2546 597 2611; x_wconf 86' lang='lat' dir='ltr'><em>inde</em></span> <span class='ocrx_word' id='word_1_179' title='bbox 612 2547 762 2628; x_wconf 84' lang='lat' dir='ltr'><em>firmetur,</em></span> <span class='ocrx_word' id='word_1_180' title='bbox 779 2548 862 2632; x_wconf 89' lang='lat' dir='ltr'><em>quod</em></span> <span class='ocrx_word' id='word_1_181' title='bbox 879 2545 976 2610; x_wconf 82' lang='lat' dir='ltr'><em>altero</em></span> <span class='ocrx_word' id='word_1_182' title='bbox 992 2556 1077 2611; x_wconf 83' lang='lat' dir='ltr'><em>certe</em></span> 
     </span>
     <span class='ocr_line' id='line_1_28' title="bbox 131 2631 1075 2718; baseline -0.002 -24"><span class='ocrx_word' id='word_1_183' title='bbox 131 2631 203 2696; x_wconf 88' lang='lat' dir='ltr'><em>looo</em></span> <span class='ocrx_word' id='word_1_184' title='bbox 232 2632 264 2694; x_wconf 92' lang='lat' dir='ltr'><em>in</em></span> <span class='ocrx_word' id='word_1_185' title='bbox 295 2631 439 2696; x_wconf 86' lang='lat' dir='ltr'><em>omnibus</em></span> <span class='ocrx_word' id='word_1_186' title='bbox 475 2631 563 2695; x_wconf 82' lang='lat' dir='ltr'><em>libris</em></span> <span class='ocrx_word' id='word_1_187' title='bbox 588 2643 714 2718; x_wconf 82' lang='lat' dir='ltr'><em>praeter</em></span> <span class='ocrx_word' id='word_1_188' title='bbox 739 2633 839 2696; x_wconf 84' lang='lat' dir='ltr'><em>Poris.</em></span> <span class='ocrx_word' id='word_1_189' title='bbox 870 2653 932 2696; x_wconf 84' lang='lat' dir='ltr'><em>seo.</em></span> <span class='ocrx_word' id='word_1_190' title='bbox 962 2640 1075 2714; x_wconf 80' lang='lat' dir='ltr'><em>exstat,</em></span> 
     </span>
     <span class='ocr_line' id='line_1_29' title="bbox 132 2715 1074 2864; baseline 0.001 -85"><span class='ocrx_word' id='word_1_191' title='bbox 132 2719 238 2864; x_wconf 41' lang='lat' dir='ltr'><em>priore</em></span> <span class='ocrx_word' id='word_1_192' title='bbox 253 2726 357 2781; x_wconf 83' lang='lat' dir='ltr'><em>autem</em></span> <span class='ocrx_word' id='word_1_193' title='bbox 374 2726 405 2782; x_wconf 89' lang='lat' dir='ltr'><em>et</em></span> <span class='ocrx_word' id='word_1_194' title='bbox 419 2719 509 2781; x_wconf 85' lang='lat' dir='ltr'><em>tortio</em></span> <span class='ocrx_word' id='word_1_195' title='bbox 526 2717 593 2782; x_wconf 87' lang='lat' dir='ltr'><em>loco</em></span> <span class='ocrx_word' id='word_1_196' title='bbox 609 2720 641 2781; x_wconf 90' lang='lat' dir='ltr'><em>in</em></span> <span class='ocrx_word' id='word_1_197' title='bbox 656 2719 917 2803; x_wconf 80' lang='lat' dir='ltr'><em>praepositionem</em></span> <span class='ocrx_word' id='word_1_198' title='bbox 941 2725 971 2781; x_wconf 91' lang='lat' dir='ltr'><em>in</em></span> <span class='ocrx_word' id='word_1_199' title='bbox 988 2715 1074 2780; x_wconf 82' lang='lat' dir='ltr'><em>abiit.</em></span> 
     </span>
    </p>

    <p class='ocr_par' dir='ltr' id='par_1_5' title="bbox 129 2801 1077 3569">
     <span class='ocr_line' id='line_1_30' title="bbox 162 2801 1077 2887; baseline 0.002 -23"><span class='ocrx_word' id='word_1_200' title='bbox 162 2823 198 2865; x_wconf 89' lang='lat' dir='ltr'><em>er</em></span> <span class='ocrx_word' id='word_1_201' title='bbox 218 2803 351 2886; x_wconf 85' lang='lat' dir='ltr'><em>repetita</em></span> <span class='ocrx_word' id='word_1_202' title='bbox 373 2810 420 2865; x_wconf 87' lang='lat' dir='ltr'><em>est</em></span> <span class='ocrx_word' id='word_1_203' title='bbox 438 2802 516 2865; x_wconf 81' lang='lat' dir='ltr'><em>haee</em></span> <span class='ocrx_word' id='word_1_204' title='bbox 536 2804 725 2887; x_wconf 83' lang='lat' dir='ltr'><em>praepositio</em></span> <span class='ocrx_word' id='word_1_205' title='bbox 741 2805 773 2866; x_wconf 90' lang='lat' dir='ltr'><em>in</em></span> <span class='ocrx_word' id='word_1_206' title='bbox 788 2803 896 2866; x_wconf 88' lang='lat' dir='ltr'><em>oodioe</em></span> <span class='ocrx_word' id='word_1_207' title='bbox 917 2801 1077 2884; x_wconf 77' lang='lat' dir='ltr'><em>Parisin03</em></span> 
     </span>
     <span class='ocr_line' id='line_1_31' title="bbox 131 2886 1074 2972; baseline 0.003 -24"><span class='ocrx_word' id='word_1_208' title='bbox 131 2887 166 2949; x_wconf 90' lang='lat' dir='ltr'><em>in</em></span> <span class='ocrx_word' id='word_1_209' title='bbox 194 2886 288 2950; x_wconf 88' lang='lat' dir='ltr'><em>Vind.</em></span> <span class='ocrx_word' id='word_1_210' title='bbox 311 2909 357 2972; x_wconf 89' lang='lat' dir='ltr'><em>pr.</em></span> <span class='ocrx_word' id='word_1_211' title='bbox 379 2887 458 2951; x_wconf 80' lang='lat' dir='ltr'><em>haec</em></span> <span class='ocrx_word' id='word_1_212' title='bbox 479 2899 609 2950; x_wconf 81' lang='lat' dir='ltr'><em>exarata</em></span> <span class='ocrx_word' id='word_1_213' title='bbox 631 2898 719 2951; x_wconf 86' lang='lat' dir='ltr'><em>sunt:</em></span> <span class='ocrx_word' id='word_1_214' title='bbox 742 2925 781 2935; x_wconf 90' lang='lat'><em>-</em></span> <span class='ocrx_word' id='word_1_215' title='bbox 805 2896 835 2952; x_wconf 90' lang='lat' dir='ltr'><em>in</em></span> <span class='ocrx_word' id='word_1_216' title='bbox 858 2893 960 2951; x_wconf 87' lang='lat' dir='ltr'><em>ilolioe</em></span> <span class='ocrx_word' id='word_1_217' title='bbox 983 2893 1074 2966; x_wconf 85' lang='lat' dir='ltr'><em>suqo,</em></span> 
     </span>
     <span class='ocr_line' id='line_1_32' title="bbox 132 2978 1075 3054; baseline -0.001 -19"><span class='ocrx_word' id='word_1_218' title='bbox 132 2993 173 3035; x_wconf 88' lang='lat' dir='ltr'><em>on</em></span> <span class='ocrx_word' id='word_1_219' title='bbox 196 2978 405 3051; x_wconf 73' lang='lat' dir='ltr'><em>hispaniarum</em></span> <span class='ocrx_word' id='word_1_220' title='bbox 435 2979 624 3050; x_wconf 81' lang='lat' dir='ltr'><em>deditionem,</em></span> <span class='ocrx_word' id='word_1_221' title='bbox 656 2982 687 3038; x_wconf 89' lang='lat' dir='ltr'><em>in</em></span> <span class='ocrx_word' id='word_1_222' title='bbox 717 2981 828 3054; x_wconf 80' lang='lat' dir='ltr'><em>affrico</em></span> <span class='ocrx_word' id='word_1_223' title='bbox 856 2979 925 3036; x_wconf 77' lang='lat' dir='ltr'><em>belli</em></span> <span class='ocrx_word' id='word_1_224' title='bbox 949 2978 1075 3052; x_wconf 85' lang='lat' dir='ltr'><em>proeiu-</em></span> 
     </span>
     <span class='ocr_line' id='line_1_33' title="bbox 130 3063 1066 3140; baseline -0.007 -19"><span class='ocrx_word' id='word_1_225' title='bbox 130 3063 214 3121; x_wconf 79' lang='lat' dir='ltr'><em>elioio</em></span> <span class='ocrx_word' id='word_1_226' title='bbox 235 3065 401 3135; x_wconf 90' lang='lat' dir='ltr'><em>sequimini.</em></span> <span class='ocrx_word' id='word_1_227' title='bbox 1020 3069 1022 3074; x_wconf 80' lang='grc'>’</span> <span class='ocrx_word' id='word_1_228' title='bbox 1065 3137 1066 3140; x_wconf 8' lang='lat'>¹</span> 
     </span>
     <span class='ocr_line' id='line_1_34' title="bbox 133 3139 1077 3226; baseline 0.001 -23"><span class='ocrx_word' id='word_1_229' title='bbox 133 3219 137 3226; x_wconf 92' lang='lat'>.</span> <span class='ocrx_word' id='word_1_230' title='bbox 195 3139 289 3206; x_wconf 84' lang='lat' dir='ltr'><em>Initio</em></span> <span class='ocrx_word' id='word_1_231' title='bbox 310 3163 337 3205; x_wconf 88' lang='lat' dir='ltr'><em>o.</em></span> <span class='ocrx_word' id='word_1_232' title='bbox 359 3142 401 3205; x_wconf 85' lang='lat'><em>33</em></span> <span class='ocrx_word' id='word_1_233' title='bbox 416 3143 542 3226; x_wconf 86' lang='lat' dir='ltr'><em>reposui</em></span> <span class='ocrx_word' id='word_1_234' title='bbox 552 3149 693 3207; x_wconf 80' lang='lat' dir='ltr'><em>licentem</em></span> <span class='ocrx_word' id='word_1_235' title='bbox 706 3149 785 3224; x_wconf 76' lang='lat' dir='ltr'><em>(Quo</em></span> <span class='ocrx_word' id='word_1_236' title='bbox 797 3150 935 3208; x_wconf 89' lang='lat' dir='ltr'><em>orolione</em></span> <span class='ocrx_word' id='word_1_237' title='bbox 945 3149 1077 3222; x_wconf 81' lang='lat' dir='ltr'><em>permoti</em></span> 
     </span>
     <span class='ocr_line' id='line_1_35' title="bbox 131 3227 1074 3312; baseline 0 -22"><span class='ocrx_word' id='word_1_238' title='bbox 131 3232 241 3290; x_wconf 80' lang='lat' dir='ltr'><em>milites</em></span> <span class='ocrx_word' id='word_1_239' title='bbox 249 3233 357 3292; x_wconf 83' lang='lat' dir='ltr'><em>crebro</em></span> <span class='ocrx_word' id='word_1_240' title='bbox 366 3235 453 3291; x_wconf 83' lang='lat' dir='ltr'><em>etiam</em></span> <span class='ocrx_word' id='word_1_241' title='bbox 465 3234 486 3291; x_wconf 79' lang='lat' dir='ltr'><em>el</em></span> <span class='ocrx_word' id='word_1_242' title='bbox 493 3236 505 3290; x_wconf 89' lang='lat' dir='ltr'><em>i</em></span> <span class='ocrx_word' id='word_1_243' title='bbox 512 3249 528 3290; x_wconf 86' lang='lat' dir='ltr'><em>o</em></span> <span class='ocrx_word' id='word_1_244' title='bbox 536 3249 576 3290; x_wconf 89' lang='lat' dir='ltr'><em>en</em></span> <span class='ocrx_word' id='word_1_245' title='bbox 585 3239 596 3290; x_wconf 88' lang='lat' dir='ltr'><em>l</em></span> <span class='ocrx_word' id='word_1_246' title='bbox 601 3227 909 3312; x_wconf 67' lang='lat' dir='ltr'><em>conterminium),</em></span> <span class='ocrx_word' id='word_1_247' title='bbox 919 3249 1013 3312; x_wconf 80' lang='lat' dir='ltr'><em>quam</em></span> <span class='ocrx_word' id='word_1_248' title='bbox 1019 3247 1074 3290; x_wconf 89' lang='lat' dir='ltr'><em>vo-</em></span> 
     </span>
     <span class='ocr_line' id='line_1_36' title="bbox 131 3311 1075 3397; baseline 0.003 -24"><span class='ocrx_word' id='word_1_249' title='bbox 131 3331 202 3374; x_wconf 88' lang='lat' dir='ltr'><em>oem</em></span> <span class='ocrx_word' id='word_1_250' title='bbox 214 3333 308 3397; x_wconf 89' lang='lat' dir='ltr'><em>quum</em></span> <span class='ocrx_word' id='word_1_251' title='bbox 319 3322 444 3397; x_wconf 78' lang='lat' dir='ltr'><em>praeter</em></span> <span class='ocrx_word' id='word_1_252' title='bbox 452 3312 541 3374; x_wconf 90' lang='lat' dir='ltr'><em>oodd.</em></span> <span class='ocrx_word' id='word_1_253' title='bbox 553 3312 653 3376; x_wconf 81' lang='lat' dir='ltr'><em>Porio.</em></span> <span class='ocrx_word' id='word_1_254' title='bbox 672 3336 744 3393; x_wconf 78' lang='lat' dir='ltr'><em>seo,</em></span> <span class='ocrx_word' id='word_1_255' title='bbox 757 3312 903 3376; x_wconf 86' lang='lat' dir='ltr'><em>Leidens.</em></span> <span class='ocrx_word' id='word_1_256' title='bbox 936 3335 973 3393; x_wconf 88' lang='lat' dir='ltr'><em>r.,</em></span> <span class='ocrx_word' id='word_1_257' title='bbox 985 3311 1075 3376; x_wconf 80' lang='lat' dir='ltr'><em>Peto·</em></span> 
     </span>
     <span class='ocr_line' id='line_1_37' title="bbox 130 3335 1073 3483; baseline 0.002 -24"><span class='ocrx_word' id='word_1_258' title='bbox 130 3397 260 3460; x_wconf 77' lang='lat' dir='ltr'><em>vianum</em></span> <span class='ocrx_word' id='word_1_259' title='bbox 283 3408 314 3461; x_wconf 89' lang='lat' dir='ltr'><em>et</em></span> <span class='ocrx_word' id='word_1_260' title='bbox 334 3397 448 3483; x_wconf 89' lang='lat' dir='ltr'><em>reliqui</em></span> <span class='ocrx_word' id='word_1_261' title='bbox 472 3397 730 3482; x_wconf 82' lang='lat' dir='ltr'><em>Oudendorpiani</em></span> <span class='ocrx_word' id='word_1_262' title='bbox 760 3397 833 3460; x_wconf 90' lang='lat' dir='ltr'><em>libri</em></span> <span class='ocrx_word' id='word_1_263' title='bbox 858 3407 889 3460; x_wconf 91' lang='lat' dir='ltr'><em>et</em></span> <span class='ocrx_word' id='word_1_264' title='bbox 909 3335 1003 3460; x_wconf 67' lang='lat' dir='ltr'><em>iiind.</em></span> <span class='ocrx_word' id='word_1_265' title='bbox 1024 3413 1073 3482; x_wconf 71' lang='lat' dir='ltr'><em>pn</em></span> 
     </span>
     <span class='ocr_line' id='line_1_38' title="bbox 129 3479 1075 3569; baseline 0.003 -25"><span class='ocrx_word' id='word_1_266' title='bbox 129 3479 278 3562; x_wconf 82' lang='lat' dir='ltr'><em>habeant,</em></span> <span class='ocrx_word' id='word_1_267' title='bbox 302 3483 398 3546; x_wconf 83' lang='lat' dir='ltr'><em>etiem</em></span> <span class='ocrx_word' id='word_1_268' title='bbox 419 3483 493 3546; x_wconf 85' lang='lat' dir='ltr'><em>inde</em></span> <span class='ocrx_word' id='word_1_269' title='bbox 514 3485 726 3548; x_wconf 76' lang='lat' dir='ltr'><em>necessariam</em></span> <span class='ocrx_word' id='word_1_270' title='bbox 741 3483 856 3566; x_wconf 85' lang='lat' dir='ltr'><em>iudico,</em></span> <span class='ocrx_word' id='word_1_271' title='bbox 880 3482 964 3568; x_wconf 86' lang='lat' dir='ltr'><em>quod</em></span> <span class='ocrx_word' id='word_1_272' title='bbox 979 3503 1075 3569; x_wconf 87' lang='lat' dir='ltr'><em>oppo-</em></span> 
     </span>
    </p>
   </div>
   <div class='ocr_carea' id='block_1_4' title="bbox 0 0 1270 3968">
    <p class='ocr_par' dir='ltr' id='par_1_6' title="bbox 0 0 1270 3968">
     <span class='ocr_line' id='line_1_39' title="bbox 0 0 1270 3968; baseline 0 0"><span class='ocrx_word' id='word_1_273' title='bbox 0 0 1270 3968; x_wconf 95' lang='lat' dir='ltr'><em> </em></span> 
     </span>
    </p>
   </div>
  </div>
 </body>
</html>
