2532 3968
182 203 326 274 XXVIII
529 205 787 272 PRAEFATIO.

183 387 300 448 dierum
322 385 451 458 vicinia
472 383 617 458 pabulam
636 384 876 458 frumentumque
897 385 1011 448 babere
1033 401 1138 455 omncs

184 478 358 533 convectum
381 465 470 528 iub'cr.

248 551 284 616 Ο.
313 549 354 614 lo
387 557 608 614 enumerantur
642 570 680 616 ee
703 549 767 631 iae,
805 570 883 634 quas
911 547 997 614 Galli
1028 551 1137 635 singu·

182 637 224 702 lis
265 633 444 702 civitatibus
489 643 617 700 auctore
658 571 919 720 Iiircingetorige
960 635 1138 720 imperave-

182 724 255 787 rint
278 721 368 788 Haec
389 718 602 804 Nipperdeius
626 721 671 784 sic
694 718 808 783 edidit:
831 725 986 800 Imperant
999 727 1137 787 Haeduis

184 819 275 888 utque
297 828 400 871 eorum
422 812 591 892 clientibus,
616 812 806 884 Seausiauis,
833 812 1048 891 Ambiuaretis‚
1071 814 1136 875 Au-

183 900 276 958 lercis
298 896 555 968 Brunnovieibus,
586 897 787 966 Brennoviis,
811 897 895 955 milia
917 895 1009 956 XXX
1012 897 1054 966 V;
1070 913 1134 970 vu·

183 999 244 1042 rau
266 996 419 1042 numerum
447 982 596 1040 Arvernis
625 982 779 1041 adiunctis
806 981 991 1042 Eleutberiis
1014 983 1135 1042 Cadur·

183 1070 238 1138 cis,
265 1067 397 1138 deictis,
428 1066 577 1139 Valeriis,
602 1070 655 1141 qui
683 1067 739 1126 sub
770 1069 896 1141 imperia
926 1068 1137 1131 Arvernorum

182 1169 249 1214 esse
276 1159 482 1222 consueram,-
518 1152 683 1226 Sequanis,
716 1152 863 1210 Semoni
870 1153 953 1222 bus,
985 1153 1135 1226 Biturici-

182 1240 253 1311 bus,
281 1239 441 1309 Santonis,
469 1237 607 1308 Rutenis,
637 1239 820 1298 Carnutibus
856 1239 997 1297 duodena
1031 1239 1136 1308 miliu,·

183 1325 355 1386 Brilovaeis
380 1323 415 1382 X
417 1343 429 1392 ;
450 1324 569 1382 totidem
583 1322 811 1392 Lemouieibus;
834 1330 941 1382 octona
956 1323 1137 1384 Pictonibus

182 1416 211 1470 et
248 1409 378 1470 turonis
413 1416 441 1468 at
471 1409 605 1468 Parisiis
638 1415 667 1468 et
693 1409 855 1477 Heluetiis;
897 1408 1045 1468 Semoni
1051 1409 1136 1485 bus,

182 1495 347 1571 Ambinnis,
372 1494 622 1574 Mediomatricis,
650 1493 851 1564 Petrocoriis‚
875 1495 1009 1566 Naviis,
1036 1493 1137 1556 Mori·

181 1583 247 1658 nis,
276 1581 497 1654 Nitiobrieibus
533 1582 625 1656 quina
654 1581 737 1648 milia
744 1600 756 1648 ;
790 1580 931 1639 Arrlercis
959 1581 1138 1640 Cenomanis

182 1668 321 1736 totidem·
352 1665 544 1726 Atrebatibus
570 1665 640 1725 IIII
642 1685 655 1733 ;
700 1665 907 1736 Velliocossis,
937 1665 1080 1724 Lexoviis
1106 1670 1138 1726 et

181 1754 323 1812 Aulercis
345 1751 567 1811 Eburovicibus
589 1760 698 1820 terna;
731 1750 886 1810 Rauracis
914 1759 943 1812 et
968 1751 1057 1810 Boiis
1072 1792 1080 1809 .
1097 1771 1137 1820 .;

181 1837 276 1898 XXX
296 1839 449 1898 universis
476 1838 662 1912 civitatibus,
700 1851 786 1909 quae·
807 1835 958 1896 Oceanum
986 1838 1140 1908 attineant

182 1939 320 1996 quaeque
353 1938 456 1982 eorum
483 1922 699 1980 consuetudine
727 1921 905 1982 Armoricae
931 1923 1136 1998 appellantur,

182 2023 241 2083 nero
264 2015 335 2066 sunt
355 2011 386 2066 in
409 2022 531 2066 numero
556 2007 760 2076 Coriosolites,
784 2005 932 2083 Redones,
956 2008 1135 2079 Ambitarii,

182 2093 303 2161 Caletes,
331 2092 450 2167 Osisrni,
474 2091 711 2162 Lemovices,
740 2091 843 2152 Unelli.
873 2087 912 2150 In
932 2086 993 2151 hac
1008 2107 1135 2154 enume-

180 2173 302 2236 ratione
328 2181 437 2256 aperte
459 2171 601 2234 vitiatum
624 2181 687 2253 est,
718 2180 750 2235 et
776 2171 862 2256 quod
883 2178 1017 2237 Senones
1045 2173 1136 2236 item·

181 2278 243 2341 que
272 2262 443 2322 Lemovices
472 2254 522 2318 bis
551 2265 849 2339 commemorantur,
879 2267 911 2322 et
940 2257 1023 2405 3ιέἳᾶ
1045 2256 1137 2324 deest

181 2342 343 2425 copiarum
358 2363 517 2420 numerus,
541 2363 634 2426 quem
650 2342 787 2405 Rauraci
802 2351 834 2405 et
847 2341 919 2407 Boii
1000 2365 1018 2407 e
1040 2340 1135 2408 debe·

179 2423 267 2492 bant.
304 2425 351 2488 Ne
374 2448 413 2488 ue
435 2425 469 2488 id
489 2426 662 2489 verisimile
683 2424 818 2508 videtur,
841 2427 874 2490 in
895 2425 956 2492 hoe
978 2427 1136 2492 sociorum

179 2511 285 2580 indice
314 2449 432 2573 uniam
462 2511 601 2574 Andium
629 2510 680 2574 vel
710 2510 874 2574 Andorum
904 2533 975 2575 esse
1003 2511 1136 2576 mentio·

180 2618 254 2662 nem
283 2596 413 2674 factam,
448 2617 526 2681 quos
558 2598 642 2659 inter
671 2597 789 2680 primos
818 2595 1072 2681 Vercingetorigi
1100 2616 1137 2662 se

180 2681 365 2748 adiunxisse
393 2681 424 2743 h.
452 2681 472 2743 l.
496 2703 522 2744 e.
549 2682 571 2744 4
597 2681 754 2746 docemur.
799 2680 921 2746 Horum
950 2679 1138 2746 mendorum

179 2776 303 2853 partem
319 2787 482 2830 removere
502 2789 596 2850 posse
611 2766 687 2830 mihi
708 2767 795 2831 visus
819 2789 904 2848 sum,
928 2788 1024 2870 quum
1039 2772 1137 2832 Semo-

179 2859 271 2920 nibus
303 2851 401 2916 altero
436 2852 506 2916 loco
541 2874 582 2917 ex
614 2853 815 2937 corruptione
850 2873 1006 2937 genuinae
1037 2852 1137 2936 serip-

179 2947 271 3002 turee
296 2959 371 3002 sena
400 2944 538 3002 Andibus
564 2937 721 3023 prodiisse
748 2937 896 3003 facerem.
932 2937 1012 3001 Inde
1039 2938 1137 3004 etiam

179 3033 283 3108 patet,
310 3045 367 3086 cur
389 3045 425 3087 co
448 3026 550 3088 iarum
574 3023 727 3089 Raurmis
749 3035 781 3088 et
801 3023 889 3089 Boiis
910 3025 1136 3108 imperatarum

179 3129 328 3172 numerus
358 3046 565 3173 desiieretur.
603 3108 709 3188 Quum
736 3111 821 3172 enim
846 3108 948 3174 verba
969 3131 1044 3173 sena
1066 3117 1136 3178 An·-

179 3200 269 3261 dibus
283 3216 436 3279 perversa
452 3205 557 3258 essent
578 3197 610 3258 in
633 3201 810 3267 Senonibus,
834 3196 904 3258 fieri
925 3195 989 3259 iam
1004 3215 1064 3258 nec
1100 3214 1137 3257 se

178 3288 258 3360 erut,
280 3289 315 3342 ut
328 3282 460 3359 numeri,
476 3281 530 3364 qui
545 3281 723 3344 civitatibus
739 3289 866 3365 propter
880 3301 988 3364 parem
1004 3301 1024 3342 a
1069 3281 1076 3294 ‘
1093 3279 1137 3344 '0-

178 3383 249 3427 rum
276 3366 429 3428 rationem
458 3387 523 3428 urna
548 3367 718 3430 nominatis
745 3366 914 3450 praemissi
940 3374 1062 3445 essent,
1094 3362 1137 3430 ad

181 3447 420 3512 antecedentem
453 3452 594 3534 gentium
626 3473 756 3537 gregem
789 3449 992 3533 referrentur,
1025 3452 1070 3514 ite
1101 3457 1137 3515 ut
