2562 3966
167 199 229 265 106
420 201 483 266 DE
503 201 648 267 BELbO
670 201 864 267 GALLICO

163 373 369 457 interpretem
389 395 481 438 suum
502 373 629 438 Gnenm
649 373 836 459 Pompeium
867 374 910 438 sd
930 397 1003 438 enm
1023 373 1120 437 mittit

163 469 318 542 rogatum,
340 469 376 520 ut
397 457 458 521 sibi
488 458 704 543 militibusque
887 459 948 524 Ille
979 458 1119 544 appelln-

163 543 410 626 tusrespondit:
432 545 460 606 si
479 543 731 610 relitsecumco
755 545 838 630 oqui,
853 544 967 625 licere;
990 565 1118 629 sperare

164 649 185 690 a
204 627 406 691 multitudine
426 629 591 714 impetrari
612 651 722 714 posse,
745 629 831 714 quod
851 630 894 694 sd
913 630 1048 693 militum
1069 651 1118 695 sa-

164 711 262 777 lutem
282 715 460 798 pertinest;
481 714 545 799 ipsi
564 735 642 778 vero
663 713 743 778 nibil
762 717 904 780 nocitum
931 717 990 796 iri,
1021 715 1119 800 inque

164 819 236 863 enm
267 821 336 863 rem
372 820 407 862 se
442 821 532 863 susm
564 799 660 864 fidem
691 802 903 884 interponere.
956 799 1018 864 Ille
1046 821 1120 864 cum
1246 842 1250 853 ·

164 881 259 949 cotta
279 884 387 948 saucio
409 887 629 965 communicat,
652 887 680 948 si
701 885 857 966 rideatur,
878 907 986 971 pugne
1006 894 1043 948 ut
1063 907 1119 948 ex·

163 967 279 1034 cedant
300 978 333 1032 et
353 990 426 1032 cnm
439 969 625 1054 Ambiorige
646 992 712 1040 una
726 970 965 1054 colloquuntur:
989 991 1118 1056 sperare

162 1052 204 1117 ab
230 1075 269 1118 eo
298 1052 339 1117 de
368 1076 427 1118 sus
454 1077 493 1118 sc
526 1055 661 1118 militnm
692 1055 795 1118 salute
827 1056 991 1141 impetrari
1011 1076 1116 1140 posse.

164 1135 259 1204 cous
281 1159 316 1202 se
338 1138 380 1202 ud
401 1151 558 1204 armatum
578 1140 702 1204 bostem
724 1141 840 1204 iturum
860 1151 958 1226 neget
971 1151 1067 1225 utque
1081 1141 1114 1202 in

162 1244 201 1288 ω
221 1235 437 1374 disibodiirbs
460 1331 539 1396 qnos
558 1311 593 1374 in
613 1313 797 1396 praesentis
817 1309 960 1375 tribunos
981 1307 1116 1372 militum

161 1397 281 1458 circum
303 1417 338 1459 se
359 1394 499 1460 habebat
519 1405 551 1460 et
572 1397 746 1481 primorum
781 1395 926 1460 ordinum
962 1395 1116 1460 centurio

160 1500 218 1544 nes
254 1501 290 1543 se
325 1482 416 1566 sequi
447 1480 536 1546 iubet
557 1493 605 1563 et,
628 1504 726 1566 quum
746 1483 876 1566 propius
897 1479 1117 1630 Ambioriffi

161 1566 364 1647 accessisset,
402 1568 507 1630 iussus
529 1589 619 1630 arms
647 1566 786 1631 abiicere
817 1568 1005 1651 imperatum
1093 1565 1101 1579 ⁶

161 1652 227 1715 suis
249 1673 300 1732 ue,
322 1661 358 1716 ut
379 1653 464 1716 idem
485 1653 613 1734 faciant,
635 1652 777 1738 imperet
820 1651 962 1733 Interim,
985 1650 1061 1714 dum
1075 1650 1115 1715 de

162 1756 222 1800 con
246 1736 395 1802 “onibus
431 1739 515 1803 inter
551 1760 586 1801 se
622 1747 720 1821 agunt
751 1737 784 1801 lo
829 1739 937 1823 'orque
973 1735 1117 1802 consulto

160 1819 202 1885 eb
217 1821 402 1908 Ambiorige
415 1824 590 1886 instituitm
611 1843 725 1903 sermo,
747 1846 790 1908 pe
842 1823 900 1886 tim
921 1823 1117 1886 circumven-

160 1915 211 1970 tus
233 1907 430 1972 interficitur.
461 1907 544 1971 Tum
564 1930 641 1974 vero
665 1929 722 1972 suo
744 1931 832 1972 more
853 1909 1019 1972 victoriam
1041 1929 1116 1970 con·

161 1989 301 2056 clement
313 2003 408 2079 etque
422 1992 578 2064 ululatum
599 1992 714 2058 tollunt
733 1997 916 2142 impetuque
937 1994 971 2056 in
992 2003 1116 2057 nostros

160 2075 243 2141 tecto
266 2077 393 2141 ordines
415 2077 610 2163 perturbent.
642 2079 693 2142 Ibi
714 2077 832 2142 Lucius
884 2088 950 2143 otte
970 2099 1116 2163 pugnans

160 2161 346 2226 interficitur
367 2185 439 2226 cum
465 2163 606 2228 maxims
625 2173 716 2248 perte
744 2163 888 2226 militum.
933 2162 1060 2248 Reliqui
1081 2183 1116 2226 se

159 2247 193 2310 in
215 2257 319 2310 castre
339 2250 505 2332 recipiunt,
528 2249 613 2313 unde
635 2257 726 2314 erant
747 2251 877 2334 egressi.
920 2249 975 2310 Ex
1002 2246 1116 2332 quibus

160 2330 277 2396 Lucius
298 2332 492 2398 Petrosidius
515 2333 678 2420 aquilifer,
707 2355 805 2418 quum
833 2356 949 2418 magna
977 2332 1115 2396 multitu·

160 2415 234 2480 dinc
248 2417 386 2482 bostium
400 2431 606 2504 premeretur,
630 2419 769 2505 aquilem
789 2421 874 2484 intra
894 2417 1014 2482 vellum
1043 2439 1115 2504 pro·

159 2503 242 2583 iecit,
265 2504 334 2588 ipse
361 2526 419 2589 pro
442 2507 553 2568 castris
581 2505 748 2569 fortissime
776 2527 922 2590 pugnans
952 2503 1114 2568 occiditur.

160 2585 211 2650 [lli
254 2609 351 2673 segre
387 2589 429 2652 ed
472 2599 598 2654 noctem
630 2593 900 2675 oppugnationem
938 2590 1114 2670 sustinent;

161 2681 256 2737 noctu
279 2673 321 2736 ed
342 2696 441 2738 unum
463 2697 573 2740 omnes
595 2675 764 2760 desperate
796 2674 898 2740 salute
927 2696 962 2738 se
983 2675 1046 2758 ipsi
1066 2673 1113 2736 in-

157 2757 325 2822 terficiunt.
368 2759 468 2824 Pauci
490 2783 531 2825 ex
573 2759 673 2826 roelio
695 2759 778 2846 lepsi
798 2761 926 2826 incertis
948 2756 1115 2822 itineribus

157 2864 215 2928 per
236 2843 335 2908 silvas
358 2843 400 2908 ad
421 2844 528 2910 Titum
549 2783 728 2910 [abienum
748 2844 890 2931 legatum
925 2846 959 2908 in
980 2843 1116 2909 hibeme

156 2932 349 3078 peerveuiunt
384 2939 479 3016 atque
515 2952 588 2994 oum
618 2930 658 2994 de
691 2930 788 2995 rebus
820 2933 919 3018 gestis
948 2930 1113 2994 certiorem

207 3015 282 3080 iunt.

220 3099 271 3164 38.
294 3100 365 3164 Hsc
391 3101 525 3164 victoris
553 3099 694 3164 sublatus
721 3101 890 3165 Ambiorix
917 3101 1023 3163 stetim
1044 3122 1117 3163 cum

157 3186 298 3270 equitatu
319 3187 353 3249 in
367 3184 562 3267 Aduatucos,
585 3187 640 3271 qui
661 3196 752 3250 erant
774 3188 840 3249 eius
862 3208 962 3270 regno
983 3185 1116 3265 finitimi,

156 3271 381 3354 proficiscitur3
410 3293 514 3357 neque
542 3281 669 3336 noctem
696 3293 800 3357 neque
828 3270 914 3334 diem
941 3271 1117 3336 intennittit

157 3355 391 3441 peditatumque
414 3355 564 3441 subsequi
584 3355 682 3420 iubet.
717 3356 765 3420 Re
781 3355 996 3420 demonstrate
1009 3353 1116 3420 Adua-

156 3441 299 3527 tucisque
322 3440 485 3506 concitetis
510 3448 636 3527 postero
667 3441 718 3506 die
747 3443 781 3504 in
807 3441 943 3506 Nervios
971 3441 1118 3528 pervenit
