2562 3966
178 212 220 276 94
433 209 495 274 DB
515 207 658 274 BBLLO
681 205 871 273 GALLIOO

177 384 321 452 maiores
335 381 397 445 iam
412 378 551 466 undique
573 381 606 442 in
621 401 693 444 eum
714 377 818 442 locum
840 378 947 526 copliae
962 376 1127 440 Britanno-

177 489 250 534 rum
283 474 495 532 convenerant
527 486 648 528 summa
678 464 802 549 imperii
829 461 870 526 be
897 464 968 547 'que
997 461 1157 552 arimini--

85 581 87 586 ’
177 552 301 618 strandi
333 550 490 618 communi
523 548 653 615 oonsilio
685 549 840 634 permissa
872 545 1127 626 Cassivellaun03
1155 616 1159 624 ,

178 638 266 704 ciuus
293 637 373 701 lines
402 659 422 702 a
450 636 613 700 maritimis
646 633 823 700 civitatibus
856 633 973 696 flumen
1006 631 1126 712 dividit,

178 722 263 811 quod
284 721 462 808 appellatur
476 721 637 802 Tamesis,
671 719 786 784 amari
808 719 932 782 circiter
950 717 1128 816 milianpas'·

176 829 270 873 suum
292 814 400 873 LXXX.
444 805 529 870 Huic
559 805 720 891 superiore
742 813 883 889 tempore
905 825 977 867 cum
997 800 1127 887 rehquis
1157 801 1160 882 ἶ

176 892 357 958 civitatibus
370 892 564 956 continentia
574 889 660 956 bella
670 890 929 970 intercesserant3
949 887 1007 951 sed
1020 895 1127 952 nostro

176 978 317 1044 adventu
369 977 480 1042 ermoti
501 975 646 1040 Britanni
674 973 759 1038 bunc
787 974 844 1039 toti
871 972 956 1038 bello
984 974 1129 1058 imperio·

176 1086 239 1150 que
260 1000 487 1212 praellieerant.

243 1151 258 1212 l
284 1196 292 1212 .
322 1147 504 1211 Britanniae
525 1167 600 1232 pars
621 1147 751 1212 interior.
763 1143 803 1210 ab
818 1145 858 1208 iis
872 1143 1028 1225 incolitur,
1051 1163 1129 1230 quos

176 1242 267 1298 natos
296 1234 330 1298 in
351 1231 456 1296 insula
477 1233 546 1318 ipsa
567 1233 718 1297 memoria
745 1228 904 1316 proditum
925 1229 1042 1310 dicunt,
1066 1249 1130 1292 ma·

176 1319 282 1384 ritima
306 1339 380 1404 pars
410 1316 450 1382 ab
479 1318 533 1400 iis,
567 1318 620 1418 qui
646 1315 784 1403 praedae
814 1337 862 1379 ac.
879 1313 957 1378 belli
978 1312 1131 1392 inferendi
1161 1314 1164 1318 ’

176 1425 273 1468 causa
295 1426 336 1467 ex
356 1401 468 1488 Belgio
490 1410 680 1466 transrerant
703 1399 770 1488 (qui
792 1421 900 1466 omnes
922 1401 1002 1465 fero
1016 1400 1055 1464 iis
1076 1421 1130 1463 no-

177 1487 314 1552 minibus
345 1488 507 1552 civitatum
534 1485 742 1573 appellantur,
769 1485 884 1571 quibus
911 1487 973 1550 orti
994 1507 1035 1550 ex
1057 1483 1130 1547 civi-

175 1573 293 1638 tatibus
317 1595 354 1638 eo
377 1572 603 1659 pervenerunt)
627 1580 658 1636 et
678 1571 763 1637 bello
785 1569 872 1636 illato
892 1571 938 1636 ibi
952 1589 1130 1656 permanso-

177 1667 251 1723 runt
286 1668 380 1745 atque
414 1679 506 1743 agros
534 1657 638 1722 colere
667 1665 848 1742 coeperunt.
880 1656 1051 1721 Hominum
1084 1663 1132 1718 est
1166 1655 1169 1662 '

175 1742 299 1808 infinita
324 1742 491 1808 multitudo
516 1742 769 1828 creberrimaque
798 1741 943 1806 aedificia
968 1738 1131 1806 16161161-

177 1827 246 1899 licis
269 1827 453 1910 consimilia,
476 1849 625 1914 pecorum
652 1849 784 1912 magnus
806 1849 965 1892 numerus.
994 1826 1133 1892 Utuntur
1166 1829 1170 1905 ζ

179 1923 233 1980 aut
255 1936 328 1980 aere
350 1922 404 1979 aut
425 1913 517 1978 taleis
539 1911 651 1977 ferreis
674 1911 715 1976 ad
737 1921 856 1977 certum
877 1912 1000 1998 pondus
1016 1913 1131 1974 exami-

175 2001 259 2063 natis
281 2020 339 2085 pro
361 2020 499 2063 nummo.
532 1997 679 2062 Nascitur
706 1997 752 2062 ibi
778 1997 942 2082 plumbum
962 1996 1071 2061 album
1098 1998 1132 2060 in
1169 1997 1171 2004 '

177 2084 416 2148 mediterraneis
445 2083 644 2168 regionibus,
674 2085 708 2147 in
736 2083 900 2146 maritimis
926 2083 1052 2164 forrum,
1075 2082 1132 2146 sed

175 2170 245 2233 eius
268 2169 385 2254 exigua
407 2167 455 2232 est
478 2169 582 2255 copia3
605 2190 678 2232 aere
700 2176 829 2236 utuntur
857 2169 1032 2253 importatc.
1065 2167 1131 2231 Ma

174 2255 257 2318 teria
272 2255 423 2340 cuiusque
445 2255 571 2340 generis
593 2263 628 2318 ut
648 2255 682 2316 in
697 2251 802 2318 Gallia
817 2261 865 2318 est
886 2261 1011 2339 praeter
1025 2253 1132 2338 fagum

176 2348 273 2427 atque
309 2337 454 2404 abietem.
498 2339 655 2424 Leporem
686 2347 717 2403 61
744 2337 895 2424 gallinam
924 2349 956 2404 61
987 2359 1132 2418 anserem

173 2433 306 2510 gustare
337 2423 385 2488 sas
418 2447 482 2496 non
510 2431 637 2510 putaut3
670 2423 750 2494 haee
782 2431 887 2488 tamen
919 2422 1007 2488 alunt
1035 2424 1135 2487 animi

177 2509 253 2576 volu
274 2511 411 2596 latisque
433 2531 537 2574 causa.
569 2509 657 2574 Loca
685 2518 758 2573 sunt
783 2509 1005 2595 temperatiora
1037 2530 1131 2593 quam

177 2594 211 2657 in
260 2594 339 2659 allia
359 2594 589 2660 remissioribus
614 2593 793 2679 frigoribus.
837 2674 839 2678 ι

242 2681 292 2744 13.
324 2680 434 2744 Insula
461 2689 575 2744 natura
606 2681 775 2766 triquetra,
810 2680 898 2744 cuius
924 2701 1022 2743 unum
1048 2677 1130 2742 latus

174 2773 226 2829 est
248 2767 365 2832 contra
379 2765 527 2830 Galliam.
560 2763 664 2830 Huius
686 2763 793 2830 latoris
816 2763 896 2828 alter
910 2763 1053 2912 angrrlus,
1077 2765 1132 2850 qui

175 2859 226 2914 est
255 2851 296 2915 ad
325 2850 489 2934 Cantium,
523 2871 585 2936 quo
612 2849 678 2915 fere
708 2871 817 2914 omnes
844 2871 886 2914 ex
907 2849 1012 2915 Galia
1032 2871 1131 2914 naves

173 2935 387 3020 -appelluntur,
411 2935 452 3000 ad
474 2937 626 3000 orientem
641 2933 749 3017 solem,
771 2934 954 3000 inferiorari
968 2933 1133 2998 meridiem

178 3029 307 3106 spectat.
340 3021 412 3085 Hoc
443 3021 578 3106 pertinet
607 3021 731 3084 circiter
752 3019 839 3086 milia
869 3041 1021 3106 passuum
1043 3021 1131 3108 quin-

174 3115 281 3190 genta
314 3106 458 3170 Alterum
478 3107 582 3190 vergit
603 3103 644 3169 ad
664 3104 723 3168 His
747 3105 850 3171 aniam
872 3114 966 3192 atque
987 3105 1131 3170 occiden-

176 3199 241 3254 tem
256 3191 370 3276 solem3
390 3212 452 3277 qua
467 3199 610 3276 exparte
625 3199 674 3256 est
687 3127 753 3254 Hib

177 3283 212 3338 ut
228 3278 420 3358 aestimatur,
443 3295 537 3365 quam
556 3273 730 3355 Britannia,
754 3275 810 3338 sed
825 3277 894 3360 pari
915 3277 1016 3361 spatio
1030 3284 1132 3340 trans·

176 3360 291 3426 missus
321 3372 415 3449 atque
442 3381 484 3424 ex
506 3360 613 3425 Gallia
642 3361 744 3424 estin
772 3359 977 3426 Britanniam.
1011 3360 1049 3424 In
1070 3360 1132 3424 hoc

176 3445 281 3512 medio
304 3467 399 3512 cursu
421 3454 469 3522 est
490 3443 602 3527 insula,
626 3467 706 3532 quae
721 3444 898 3531 appellatur
911 3445 1024 3510 Mona:
1048 3466 1131 3509 com-

755 3191 852 3274 ernia,
873 3188 1002 3256 dimidio
1017 3192 1130 3272 minor,
1163 3261 1166 3266 ,

1265 271 1268 336 1
