2532 3968
218 213 284 281 XX
560 215 816 284 PRAEFATIO.

283 384 320 452 d.
343 387 383 452 35
407 388 534 474 scripsi:
560 395 653 464 Quum
675 401 801 468 uterque
828 395 1028 467 utrimque
1057 402 1168 454 esset

219 480 381 549 euerritur,
406 479 436 536 iu
459 486 621 553 conspeetu
641 481 766 553 fereque
794 496 810 538 e
830 481 956 552 reuioue
979 481 1091 538 caetris
1112 496 1166 539 cu-

218 568 284 622 ινα
311 563 473 638 ponebant
516 557 555 622 Ν.
593 567 708 624 exisset
737 559 842 624 edidit.
871 591 914 608 -—
944 557 983 622 In
1008 559 1055 624 eis
1103 579 1165 624 uuo

217 642 425 728 insequimtur
451 649 577 708 Caesari
602 643 671 730 (N.:
696 642 860 729 Ouerestis),
884 643 998 708 deinde
1013 665 1054 708 ex
1111 665 1165 708 cn·

218 726 294 792 delii
315 729 494 794 coniectum
514 737 630 810 carptis
652 728 703 815 (Ν.
726 737 747 808 'i
770 734 880 808 ceptis)
902 729 1019 813 recepi.

284 811 320 878 C.
343 813 384 876 36
405 812 505 878 verba
527 821 558 878 iu
579 827 676 879 moute
702 814 757 900 (m
791 820 1022 892 Verumqetoriu
1051 820 1165 880 rustris

216 919 316 980 prope
345 905 488 979 oppidum
521 907 552 964 iu
584 912 681 963 necnee
705 907 820 979 positis
850 921 875 963 e.
900 921 927 979 q.
950 898 990 985 r.)
1014 919 1109 984 quum
1129 898 1164 962 in

218 983 343 1069 optimis
365 982 454 1047 libris
477 983 589 1064 desint,
618 983 660 1050 ab
682 983 874 1071 Nipperdeio
903 983 1049 1048 exsulare
1076 984 1164 1046 iussa

218 1077 300 1132 sunt.
322 1067 408 1132 Fieri
430 1070 577 1153 potuisse,
600 1079 634 1133 ut
656 1091 694 1133 eu
709 1091 750 1133 ex
764 1069 955 1156 glossemate
969 1069 1163 1153 irrepserint,

218 1153 365 1238 equidem
393 1177 457 1218 non
488 1156 680 1244 negaverim,
713 1155 770 1220 sed
805 1176 900 1303 quum
929 1153 1049 1218 nullam
1069 1152 1163 1238 plane

218 1239 427 1324 suspicionem
455 1249 626 1320 moverent,
657 1241 719 1303 nisi
746 1241 780 1304 in
822 1239 898 1303 ibris
921 1238 984 1304 illis
1007 1235 1163 1318 deessent,

217 1339 288 1388 uum
301 1322 493 1392 Schneidero
504 1325 564 1388 feci
576 1327 630 1411 qui
642 1347 751 1390 eonon
762 1327 825 1389 nisi
839 1345 915 1388 cusu
921 1323 1076 1388 excidisse
1091 1343 1163 1386 cen·

217 1409 295 1490 suit,
329 1418 423 1495 atque
449 1411 574 1474 retinui.
600 1447 642 1460 -
670 1409 756 1474 Intra
778 1409 906 1494 scripsi:
936 1415 997 1474 Sed
1026 1417 1054 1472 is
1075 1414 1163 1473 loeus

213 1500 375 1575 praesidio
409 1501 446 1560 ub
468 1501 517 1559 Iris
544 1517 604 1560 uem
634 1505 754 1560 miuus
772 1505 860 1574 firmo
883 1501 1059 1568 temeratum
1087 1514 1161 1556 nam

215 1581 261 1644 itu
282 1577 408 1645 demum
429 1587 461 1642 et
481 1581 637 1664 particula
664 1588 727 1655 sed,
779 1603 820 1644 uu
845 1578 945 1644 verbu
971 1577 1162 1643 anteceden-

165 1705 169 1712 -
215 1663 300 1728 tibus
336 1677 541 1748 oponuntur,
574 1679 660 1730 recte
692 1604 833 1731 adnilita
865 1687 935 1730 esse
967 1664 1100 1745 videtur,
1130 1673 1162 1727 et

98 1826 101 1834 Ι
216 1769 297 1836 quae
370 1751 506 1835 'ungitur
531 1750 722 1816 adversandi
742 1749 897 1838 particula
918 1764 1012 1814 tumen
1035 1747 1161 1835 (Tumeu

215 1842 334 1899 stitutio
357 1844 456 1899 uectis
479 1843 593 1900 tuetur
619 1859 657 1902 ex
679 1846 790 1902 cestris
805 1859 957 1916 emersae,
976 1843 1160 1915 priusquam

215 1926 351 1984 subsidio
381 1943 420 1985 eu
444 1921 559 2000 'oppido
588 1929 687 1987 ueniri
710 1934 825 2003 posset,
863 1929 977 1986 deiecto
999 1925 1159 2000 praesidio

212 2013 329 2088 potitus
351 2012 418 2070 loeo
441 2028 466 2070 e.
491 2029 516 2084 q.
547 2007 587 2094 e)
616 2029 704 2071 suam
733 2007 794 2072 sibi
813 2009 879 2072 vim
900 2006 1005 2071 habet.
1042 2005 1161 2069 Contra

213 2091 249 2164 in
270 2099 403 2176 utruque
424 2091 580 2176 particula
608 2093 746 2158 offendet
774 2114 904 2158 neccsse
932 2100 989 2172 est,
1012 2092 1159 2175 quicum

213 2174 404 2260 Nipperdeio
436 2177 631 2261 probaverit:
673 2184 735 2244 Sed
762 2188 789 2242 is
818 2185 903 2244 loeus
927 2184 1087 2258 praesidio
1121 2181 1159 2240 ab

214 2267 264 2326 itis
285 2281 346 2324 mou
369 2265 479 2325 nimis
497 2272 594 2339 firmo.

278 2343 315 2410 O.
337 2345 379 2410 38
402 2347 500 2412 edidit
520 2349 574 2412 N.:
604 2355 820 2414 Producuntur
841 2355 888 2424 Iri,
919 2368 995 2426 quos
1017 2353 1065 2410 ilie
1087 2351 1158 2409 edo-

215 2443 328 2510 euerut,
358 2454 434 2512 quae
456 2441 519 2499 diei
538 2441 631 2512 uellet,
662 2447 752 2512 utque
772 2441 881 2508 eudem,
906 2454 982 2511 quoe
1003 2437 1159 2495 Litauious

208 2525 479 2600 pronuntiaverat,
502 2525 682 2584 multitudini
702 2530 873 2599 exponunt:
902 2525 1052 2596 equites
1067 2521 1158 2579 Hae-

214 2608 375 2669 duorum
407 2609 590 2682 iuterfeetoe,
625 2610 707 2682 quod
737 2611 878 2668 collocuti
908 2625 973 2667 eum
1008 2606 1158 2666 Aruernis

213 2693 403 2770 diceremur3
424 2695 510 2767 ipsos
530 2710 564 2752 se
585 2696 663 2753 iuter
681 2696 891 2754 multitudinem
911 2695 1032 2751 miiitum
1055 2692 1157 2750 occui-

213 2784 296 2840 usse
324 2785 414 2851 utque
442 2795 482 2837 ee
508 2779 605 2839 medio
634 2780 725 2839 euede
748 2781 876 2853 fueisse.
905 2773 949 2836 At
976 2771 1104 2856 plurimi
1126 2782 1158 2836 et

212 2859 323 2944 optimi
355 2855 479 2922 codices
507 2865 641 2923 multoe
674 2867 785 2938 equites
817 2859 948 2938 habent,
982 2856 1155 2923 deteriores

212 2963 343 3009 omues
365 2951 488 3021 equites.
518 2944 589 3010 Hoc
615 2967 715 3010 emeres
737 2968 757 3009 a
777 2946 926 3030 magistro
952 2943 1088 3028 quodum
1109 2942 1156 3005 in·

210 3037 334 3094 trusum
371 3049 456 3112 esse,
488 3051 529 3094 ne
562 3029 726 3095 Gallorum
758 3033 856 3095 cretio
889 3030 1083 3114 discreparet
1114 3026 1156 3092 ab
1239 3047 1240 3052 ’

210 3111 364 3197 Litavici,
387 3116 441 3200 qui
462 3137 586 3182 omnem
608 3119 794 3202 equitatum,
816 3137 940 3180 omnem
960 3113 1156 3177 nobilitatem
1238 3187 1239 3200 χ

210 3198 358 3265 interisse
379 3203 645 3286 pronuntiaverat,
667 3201 858 3286 Nipperdeio
877 3198 969 3264 facile
984 3197 1155 3279 concedes;

211 3285 367 3370 quomodo
399 3285 498 3350 ultera
530 3307 629 3371 eaque
663 3288 849 3371 optimorum
883 3285 1032 3348 librorum
1061 3282 1155 3347 lectio

211 3375 323 3434 multos·
342 3371 504 3453 exstiterit,
537 3391 600 3434 non
628 3371 784 3456 patefecit
819 3371 975 3456 Equidem
1002 3370 1153 3453 suspicor,
1236 3385 1237 3411 ι

210 3470 309 3538 quum
336 3475 447 3541 parum
476 3456 647 3521 verisimile
669 3457 709 3520 sit
743 3456 884 3522 homines
911 3454 982 3519 illos
1005 3453 1045 3518 ub
1067 3453 1153 3526 Lita-
