2532 3968
187 243 281 360 ml
536 289 791 356 PRAEFATIO.

187 461 321 542 liabere3
362 461 457 549 idque
493 483 530 526 eo
563 463 691 525 minime
726 461 852 526 defendi
887 469 1009 548 potest,
1052 451 1139 547 quod

187 545 241 612 liic
260 547 325 611 illic
348 547 485 612 consulis
506 549 632 611 nomine
654 547 822 632 proconsul
844 545 1037 633 appellatum
1060 568 1146 610 nam.

187 635 311 701 etiamsi
332 634 435 696 virum
465 631 661 696 consularem
690 654 730 696 ex
756 655 887 698 munere
916 631 1133 695 administrato

186 739 303 784 vocare
331 717 422 798 licet,
451 740 514 781 non
542 719 617 781 item
644 719 785 802 ipsorum
812 717 979 782 munerum
1006 717 1135 780 nomina

187 802 372 866 commutari
393 812 533 887 possunt.
568 802 635 865 Iam
656 801 830 885 videamus,
859 825 934 866 num
956 811 1040 866 stare
1061 822 1133 885 pos·

187 889 253 951 sint
265 887 367 951 vcrba
388 901 422 950 at
435 934 566 951 ......
589 894 673 951 nulla
695 900 790 951 tamea
811 894 962 952 mendacii
982 893 1133 966 reliaioae

190 979 354 1038 obstrictas
383 981 544 1038 videretur.
583 971 647 1050 Qui
674 974 919 1056 interpretantur
948 972 1041 1054 ,ohne
1063 971 1131 1034 sich

189 1058 278 1121 einer
298 1057 389 1141 Liige
411 1056 555 1142 schuldig
580 1080 620 1120 zu
647 1056 801 1137 machcn‚‘
820 1066 951 1121 vertunt
972 1066 1131 1143 tamquam

185 1142 301 1206 omisso
330 1140 485 1206 vocabulo
507 1150 658 1220 relacione
683 1143 833 1226 scriptum
861 1151 961 1206 esset:
990 1155 1023 1206 at
1047 1147 1130 1205 nulla

187 1238 284 1290 tamea
306 1235 455 1291 mendatio
472 1234 634 1292 obstrictas
648 1235 809 1291 videretur.
834 1226 914 1290 Cum
928 1226 989 1290 hac
1024 1225 1131 1290 uidem

185 1313 407 1376 enuntiationis
423 1312 528 1396 specie
543 1313 742 1376 consentiunt
753 1313 847 1376 otiam
858 1311 921 1376 loci
932 1312 972 1376 ab
1033 1333 1130 1374 anero

185 1394 322 1463 laudati:
344 1396 375 1460 b.
399 1399 458 1460 civ.
480 1396 521 1479 II,
545 1397 604 1460 32:
633 1419 688 1462 aas
715 1404 834 1476 aesario
857 1405 972 1462 scelere
994 1404 1130 1462 obstrin-

183 1502 272 1563 pcre,
304 1492 335 1545 et
367 1480 433 1545 Cic.
462 1505 492 1566 p.
520 1479 610 1545 Sulla
637 1484 671 1563 2,
700 1483 737 1545 6:
762 1504 846 1561 qaam
867 1490 1043 1547 clamatam
1065 1504 1131 1545 esse

179 1574 304 1649 patriae
321 1575 496 1647 parricidio
519 1575 691 1647 auspicem
722 1565 817 1630 alieni
839 1577 944 1632 autem
966 1577 1038 1632 sunt
1060 1589 1130 1630 scn-

183 1651 301 1714 tentiae
312 1659 461 1716 mendacii
474 1659 622 1730 reliyioae
638 1659 795 1730 obatriapi.
810 1653 922 1737 Neque
936 1653 1016 1716 haec
1028 1651 1130 1714 verba

182 1733 346 1799 Kranerus
368 1758 406 1801 eo
428 1739 559 1822 aperuit,
583 1737 667 1823 quod
688 1739 914 1822 interpretatur
928 1736 1040 1820 ‚durch
1053 1737 1129 1800 kein

183 1819 511 1886 Schuldbewusstsein
533 1823 620 1885 einer
641 1822 730 1908 Ltige
753 1822 943 1908 gebunden.‘
971 1823 1052 1884 Nam
1067 1843 1128 1907 quo

182 1905 275 1969 modo
300 1907 383 1969 inter
406 1907 501 1970 rotari
523 1906 616 1969 liceat
637 1915 745 1984 reliar'o
769 1930 826 1993 per
847 1906 1129 1989 ‚Schuldbewusst-

183 1992 278 2072 sein‘,
306 1929 450 2076 equidem
475 2013 538 2054 non
561 1991 673 2073 video;
696 1995 771 2056 item
794 2015 834 2056 ue
857 2016 907 2056 me
929 1993 1025 2078 fugit,
1055 1991 1130 2078 quid

182 2076 232 2157 sit,
255 2075 473 2160 ,gebunden
488 2075 588 2139 durch
604 2079 656 2140 ein
671 2016 1026 2159 Schuldbewusstsein‘3
1049 2075 1128 2140 mul-

181 2167 215 2222 to
236 2163 339 2224 minus
363 2171 466 2224 autern
488 2159 666 2247 intelligere
696 2186 841 2247 possum,
891 2162 1026 2226 uomodo
1047 2161 1127 2226 Kra-

181 2267 277 2308 nerus
314 2247 500 2309 sententiam
539 2246 649 2327 ‚durch
687 2247 763 2312 koin
800 2185 1128 2311 Sohildbewusstsein

181 2334 268 2394 einer
288 2330 378 2415 Lr'ige
400 2329 580 2414 gebunden‘
607 2332 739 2398 eandem
771 2355 841 2396 esse
864 2333 971 2396 dicere
992 2331 1129 2418 potuerit

180 2424 291 2501 atque:
314 2416 382 2498 ,der
404 2415 490 2478 disse
512 2415 631 2480 Schuld
652 2418 828 2482 treffenden
849 2416 951 2480 Strafe
974 2415 1127 2480 verfallen

179 2529 221 2558 =
244 2501 331 2564 einer
345 2499 435 2583 Liige
451 2500 606 2588 schuldig‘
615 2505 621 2565 !
645 2503 688 2566 Ut
704 2510 852 2581 relipr'oae
866 2509 1019 2580 alatrinae·
1032 2523 1126 2648 arfin-

179 2585 254 2650 ficat
298 2585 428 2648 deorum
457 2587 569 2650 timore
590 2591 634 2650 ita
662 2589 778 2668 teneri,
807 2597 842 2650 ut
863 2597 950 2649 certa
972 2609 1053 2671 quae
1095 2608 1125 2648 m

180 2670 297 2754 agendi
318 2671 398 2735 ratio
420 2671 494 2735 inde
518 2683 681 2758 sequatur,
704 2673 748 2735 ita
763 2671 848 2735 haud
863 2671 957 2734 dubie
975 2678 1127 2735 mendacii

178 2763 328 2834 raliaione
351 2762 503 2835 obstr-inat
531 2757 710 2844 significare
731 2779 862 2820 necesse
884 2767 945 2837 est,
975 2778 1126 2820 verecun-

178 2839 232 2904 dia
253 2840 388 2926 quadam
411 2843 527 2923 teneri,
556 2843 721 2928 quominus
743 2841 880 2927 aliquam
902 2841 996 2905 fidem
1020 2841 1125 2905 datam

176 2925 341 2989 violemus.
371 2927 531 2991 Mendaoii
559 2926 712 3009 religione
742 2930 875 3013 quisque
904 2937 970 2991 turn
992 2926 1126 2991 obstrin-

176 3012 278 3096 gitur,
308 3035 403 3098 quum
430 3013 525 3076 fidem
553 3010 614 3075 dat.
643 3011 722 3075 Inde
745 3022 884 3098 apparet,
907 3011 1022 3076 verba:
1046 3025 1077 3076 at
1098 3019 1127 3076 si

170 3111 302 3178 peracta
326 3106 485 3162 consolata
502 3103 645 3161 Caesaris
667 3119 728 3161 aon
748 3105 909 3178 profectas
933 3111 1019 3174 esset,
1043 3103 1126 3162 nulla

177 3194 273 3246 tamea
296 3189 447 3247 mendacii
467 3188 615 3260 reliyiane
631 3189 794 3247 obstrictas
815 3190 978 3260 videretur,
1003 3184 1126 3246 etiamsi

178 3265 383 3330 difficultates
406 3266 489 3346 illae,
513 3268 552 3331 de
575 3268 688 3354 quibus
711 3278 804 3332 antea
826 3267 901 3350 dixi,
924 3291 987 3332 non
1010 3278 1123 3346 essent,

175 3358 282 3414 tamen
304 3352 381 3416 ferri
403 3354 552 3452 nequire3
574 3375 647 3417 nam
669 3363 704 3416 ut
727 3353 830 3418 standi
845 3354 877 3415 in
892 3355 1056 3439 promissis
1071 3375 1124 3415 ne·

176 3435 307 3499 cessitas
337 3458 379 3498 ex
405 3437 558 3522 relrgione
594 3438 750 3502 mendacii
779 3447 871 3502 enata
899 3439 996 3520 adsit,
1036 3436 1125 3501 nulla

178 3515 242 3580 alio
265 3518 444 3584 conditione
465 3524 526 3586 nisi
548 3522 617 3587 sola
638 3523 702 3587 fide
725 3523 798 3588 data
820 3545 898 3610 opus
921 3533 978 3589 est.
1001 3521 1053 3586 Ex
1074 3522 1124 3586 his
