2534 3970
389 183 524 251 OOMM.
545 185 592 250 IV
615 183 707 250 OAP.
730 184 823 250 2-7.
1043 184 1081 250 'li

151 357 223 440 atis,
246 357 429 442 priusquam
451 377 489 418 ea
518 379 593 441 pars
614 355 852 440 Menapiorum,
890 378 972 442 quae
1004 357 1084 420 citra

180 451 279 508 enum
301 450 378 521 erat,
402 441 517 504 certior
530 441 630 522 fieret,
652 439 770 505 flumen
785 441 978 506 uansierunt
990 450 1093 526 atque,

128 527 279 592 omnibus
301 548 409 591 eorum
431 524 584 589 aedificiis
606 526 766 610 occupatis
788 525 1085 612 reliquampartem

128 613 246 677 hiemis
269 635 303 675 se
326 633 433 677 eorum
454 611 552 696 copiis
575 609 728 674 aluenmt.

197 697 227 760 5.
251 697 310 760 His
332 695 372 759 de
400 694 497 759 rebus
531 694 651 763 Caesar
683 697 799 760 certior
823 695 925 760 iactus
947 704 978 760 et
999 694 1084 759 infir-

129 784 275 847 mitatem
302 779 466 846 Gallorum
497 781 634 864 veritus,
664 779 750 866 quod
777 790 851 844 suut
878 782 912 844 in
946 779 1084 844 consiliis

130 891 172 932 ea
193 867 295 931 iendis
310 864 443 930 mobiles
466 874 498 928 et
518 867 609 931 novis
630 864 816 966 plerumque
837 865 932 930 rebus
949 865 1083 947 student,

157 955 165 969 '
191 952 213 1015 ‘l
235 953 284 1016 his
307 951 566 1016 committendum
588 951 789 1015 existimavit.
832 951 892 1013 Est
920 953 1003 1014 enim
1025 951 1086 1015 hoc

132 1037 280 1104 Gallicae
303 1035 548 1119 consuetudinis,
569 1037 615 1099 uti
638 1045 670 1100 et
690 1037 828 1101 viatores
851 1038 946 1099 etiam
967 1036 1083 1099 invitos

133 1125 308 1188 consistere
330 1130 444 1206 cogant
466 1131 513 1203 et,
536 1121 613 1206 quid
629 1121 761 1207 quisque
783 1143 890 1184 eorum
907 1121 946 1184 de
962 1142 1086 1206 quaque

131 1231 168 1273 re
191 1208 327 1272 audierit
348 1217 403 1270 aut
424 1208 620 1290 cognoverit,
643 1215 813 1292 quaerant,
836 1216 868 1269 et
895 1215 1085 1271 mercatores

133 1297 167 1358 in
190 1293 314 1378 oppidis
336 1291 451 1376 vulgus
479 1292 689 1355 circumsistat
710 1290 887 1376 quibusque
919 1314 960 1356 ex
986 1291 1087 1376 regic-

133 1379 228 1443 nibus
250 1379 378 1442 veniant
421 1399 540 1463 uaeque
562 1377 607 1440 ibi
628 1398 680 1440 res
704 1379 928 1461 cognoverint,
950 1398 1087 1463 pronun-

134 1465 214 1529 tiare
237 1471 359 1548 cogant
397 1399 464 1525 ilis
486 1461 581 1526 rebus
604 1472 699 1548 atque
721 1461 932 1526 auditionibus
954 1463 1091 1547 permoti

134 1549 175 1614 de
199 1551 328 1612 summis
350 1569 446 1633 saepe
469 1545 564 1611 rebus
587 1546 720 1612 consilia
741 1548 860 1628 ineunt,
884 1569 1017 1632 quorum
1033 1568 1087 1612 eos

134 1637 169 1698 in
190 1634 324 1718 vestigio
345 1634 509 1718 poenitere
530 1654 662 1696 necesse
686 1641 742 1715 est,
766 1653 863 1718 quum
884 1632 1012 1696 incertis
1034 1655 1086 1698 ru·

135 1718 276 1784 moribus
299 1719 447 1799 serviant,
471 1727 503 1780 et
523 1717 667 1803 plerique
696 1717 736 1781 ad
758 1716 954 1781 voluntatem
977 1739 1086 1781 eorum

136 1805 211 1869 ficta
231 1803 452 1889 respondeant.

159 1924 161 1929 ·
201 1889 231 1953 6.
255 1887 327 1967 Qus
348 1888 573 1953 consuetudine
597 1889 723 1972 cognita
738 1885 866 1968 Caesar,
888 1909 929 1951 ne
949 1888 1087 1971 graviori

135 1974 220 2040 bello
236 1982 426 2054 occurreret,
449 1975 613 2055 maturius,
636 1995 730 2059 quam
745 1981 921 2054 consuerat,
944 1971 985 2036 ad
1000 1994 1088 2036 exer-

137 2062 234 2124 citum
262 2057 479 2144 proficiscitur.
531 2057 579 2123 Eo
613 2081 710 2143 quum
738 2058 891 2138 venisset,
920 2079 972 2139 ea,
1009 2079 1090 2142 quae

136 2145 203 2210 iore
227 2145 403 2230 suspicatus
426 2154 510 2226 erat,
532 2143 616 2210 facta
638 2145 799 2227 cognovit:
827 2144 941 2206 missas
962 2142 1091 2227 legatio·

138 2253 195 2294 nes
218 2229 259 2294 ab
281 2228 440 2294 nonnullis
463 2228 643 2293 civitatibus
667 2228 708 2292 ad
731 2227 906 2292 Germanos
928 2229 1090 2293 invitatos·

139 2337 199 2401 que
223 2336 286 2397 eos,
309 2315 356 2378 uti
378 2313 417 2377 ab
433 2314 543 2378 Rheno
566 2313 786 2394 discederent,
810 2314 986 2399 omniaque,
1007 2335 1091 2462 quae

138 2399 366 2486 postulassent,
389 2399 429 2464 ab
453 2421 487 2464 se
513 2399 581 2464 fore
606 2408 725 2485 parata.
776 2397 848 2476 Qua
874 2421 931 2484 spe
964 2397 1005 2462 ad
1027 2402 1092 2462 uoti

139 2485 294 2552 Germani
321 2484 414 2548 latius
444 2483 644 2570 vagabantur
677 2493 709 2549 et
736 2485 770 2548 in
798 2483 878 2548 fines
906 2482 1092 2548 Eburonum

139 2580 170 2636 et
181 2569 427 2652 Condrusorum,
451 2573 505 2655 qui
527 2579 600 2633 sunt
621 2569 833 2634 Treverorum
857 2567 999 2650 clientes,
1021 2590 1091 2655 per·

139 2663 301 2722 venerant.
345 2655 544 2740 Principibus
572 2653 697 2718 Galliae
732 2655 870 2718 evocatis
893 2651 1012 2718 Caesar
1044 2676 1091 2735 ea,

140 2763 220 2826 quae
243 2752 456 2825 cognoverat,
485 2739 713 2804 dissimulanda
734 2739 796 2803 sibi
819 2740 1013 2803 existimavit
1042 2761 1094 2803 eo-

139 2847 272 2911 rumque
295 2826 406 2888 snimis
428 2824 597 2911 permulsis
620 2833 652 2888 et
673 2823 866 2888 confirmatis
887 2826 1093 2911 equitatuque

139 2913 292 2996 imperato
314 2909 434 2974 bellum
456 2933 527 2974 cum
549 2909 716 2975 Germanis
739 2931 852 2995 gerere
875 2911 1046 2974 constituit.

204 2996 234 3059 l.
256 2996 303 3059 Re
325 2995 529 3058 frumentaria
551 3003 733 3080 comparata
760 3016 777 3057 e
800 2994 917 3059 uitibus
942 3017 981 3058 ue
1006 2993 1095 3061 vdele-

142 3081 198 3143 ctis
215 3082 277 3145 iter
290 3081 324 3143 in
340 3102 378 3144 ea
392 3080 463 3144 loca
476 3080 581 3145 iacere
600 3080 712 3164 coepit,
736 3017 850 3165 quibus
871 3081 904 3142 in
920 3017 1004 3145 iocis
1027 3099 1097 3142 esse

142 3164 316 3229 Germanos
339 3165 496 3229 audiebat.
540 3165 570 3228 A
592 3165 705 3250 quibus
729 3187 825 3250 quum
847 3185 1018 3250 paucorum
1033 3163 1097 3227 die-

141 3273 211 3314 rum
238 3251 300 3314 iter
328 3249 470 3333 abesset,
499 3250 596 3335 legati
625 3250 665 3315 ab
694 3251 733 3313 iis
762 3259 933 3333 venerunt,
965 3271 1099 3336 quorum

142 3334 220 3399 haec
247 3335 306 3399 fuit
339 3336 457 3400 oratio:
494 3334 672 3400 Germanos
687 3354 805 3420 >neque
833 3336 955 3419 priores
981 3332 1101 3420 populo

143 3419 284 3485 Romano
312 3419 432 3485 bellum
466 3421 583 3484 inferre
611 3441 715 3505 neque
742 3428 849 3483 tamen
877 3441 1038 3500 recusare,
1073 3420 1100 3481 si
