2562 3970
203 237 310 305 LXVI
553 235 811 304 PRAEFATIO.

198 419 292 491 peius
309 418 452 490 fliius-
465 417 508 476 od
531 413 654 476 Oricum
679 416 764 474 uenit
790 413 1033 488 submersamque
1058 415 1163 477 nostin

203 503 333 562 remulco
355 502 514 576 multisque
542 501 727 560 contendens
753 499 884 574 funibus
910 499 1041 558 adducit
1068 507 1169 573 utque*

203 587 328 647 aiterum
349 603 466 659 nouem
490 603 566 658 quoe
587 592 655 644 erat
668 587 711 645 nd
724 586 893 644 estodium
905 585 952 644 ot
974 585 1076 644 Acilio
1093 599 1159 659 pob

203 675 276 744 etto,
295 671 440 748 pluribus
461 667 631 744 odoressus
652 671 791 750 nuestus,
815 673 848 730 in
864 671 974 743 quibus
989 671 1031 729 nd
1044 670 1160 730 tibrum

201 758 320 832 [κεναί
333 764 451 827 turres,
470 763 503 814 nt
524 773 562 816 en
576 758 735 830 superiore
750 772 898 830 psonuns
919 755 987 814 loeo
1003 753 1159 828 inteoros'-

203 857 262 916 que
292 857 409 916 semper
441 841 618 916 defetioutis
652 843 835 900 summittens
864 847 893 899 et
922 841 1051 913 reliquis
1074 855 1158 915 par·

204 928 284 987 titus
311 928 401 986 simui
431 941 471 986 es
497 933 580 986 terro
609 929 705 986 sentis
733 933 762 986 et
783 928 883 985 classe
904 929 1023 985 nmenio
1045 925 1159 1001 oppidi

204 1018 364 1088 temptans,
394 1039 438 1056 -
464 1013 569 1072 tutore
597 1018 627 1070 et
653 1013 841 1071 multitudine
870 1013 995 1070 telorum
1028 1017 1158 1070 nostros

203 1100 278 1157 uicit
296 1099 478 1171 deiectisque
493 1098 715 1172 defemoribus,
739 1098 793 1170 qui
813 1111 916 1155 omnes
941 1097 1068 1170 secutis
1090 1110 1154 1154 ex·-

203 1185 284 1258 cepti
311 1181 507 1257 refuoeront,
537 1199 603 1242 enm
632 1199 736 1241 nouem
771 1183 957 1256 enpuonnrit
989 1181 1152 1254 eodemque

205 1276 337 1345 empore
360 1283 399 1328 en
420 1269 517 1327 attero
537 1275 627 1343 porte
640 1267 662 1340 †
676 1270 777 1327 motem
799 1269 893 1326 tenuit
912 1267 1080 1325 naturalem
1095 1265 1153 1324 ott*

90 1351 93 1360 “
204 1357 326 1422 ieotnm,
358 1369 436 1426 quoe
460 1369 562 1427 poene
583 1354 713 1411 insutum
735 1353 880 1427 oppidum
902 1353 1061 1426 effecerat,
1084 1350 1160 1410 IIII

203 1440 330 1500 biremes
351 1439 494 1499 subiectis
526 1439 642 1498 suculis
672 1440 811 1512 inpulsos
826 1437 962 1497 nectibus
977 1438 1009 1494 in
1026 1437 1153 1495 interio—

203 1541 265 1584 rem
278 1530 402 1600 martem
424 1523 573 1583 traduxit.
611 1516 702 1596 Quae
729 1527 771 1580 ut
792 1516 994 1582 emendarem
1023 1516 1154 1601 scripsi:

203 1612 364 1682 eodemque
392 1618 524 1683 tempore
552 1625 591 1667 en
619 1609 718 1666 ottern
738 1616 828 1682 porte
852 1609 955 1666 motem
980 1608 1156 1666 tentarit

203 1703 348 1755 notura
371 1696 520 1767 obiectam,
545 1709 627 1767 quoe
639 1709 742 1768 paene
764 1695 894 1752 insutum
916 1693 1059 1767 oppidum
1080 1693 1152 1767 effe·

204 1786 296 1851 cerat,
321 1787 353 1839 et
373 1779 443 1839 IIII
460 1780 586 1839 eirenes
607 1779 750 1838 subiectis
772 1779 947 1838 scutulis
970 1793 994 1835 e.
1018 1794 1054 1850 q..
1069 1795 1155 1836 e-s

204 1867 331 1927 scutulis
361 1859 445 1944 quod
473 1860 507 1923 in
528 1857 675 1922 omnibus
703 1857 794 1922 tibris
817 1867 879 1939 est,
902 1860 965 1922 ism
986 1855 1153 1922 Krenerns

205 1945 340 2011 restituit
361 1966 418 2030 pro
440 1943 495 2009 ilio
517 1950 646 2026 suculis,
670 1943 753 2030 quod
774 1942 984 2029 Nipperdeius
1004 1963 1045 2006 ex
1060 1941 1152 2007 Oiecss

204 2031 287 2096 conii
309 2032 490 2094 coniectura
514 2030 627 2114 posuit.

267 2114 373 2179 Medio
407 2135 434 2177 c.
462 2114 505 2176 44
533 2113 742 2199 Nipperdeius
766 2137 806 2177 ex
836 2114 924 2177 libris
946 2113 1026 2178 haec
1053 2112 1154 2178 verbu

204 2200 319 2266 excudi
339 2200 444 2264 iussit:
475 2208 571 2278 Atque
600 2213 632 2264 nt
660 2208 760 2265 nostri
784 2213 952 2280 perpetuus
973 2206 1154 2264 munitiones

204 2293 225 2365 †
248 2291 390 2351 uidebant
409 2291 578 2364 perductos
600 2307 640 2350 ex
661 2293 792 2351 castellis
813 2292 845 2348 in
859 2292 1001 2364 proximu
1017 2290 1152 2361 castello,

204 2393 242 2437 ne
269 2391 327 2449 qno
349 2376 416 2434 ioco
439 2383 628 2449 erumperent
660 2376 840 2451 Pompeiani
867 2391 906 2434 ue
939 2384 1063 2435 nostros
1079 2384 1155 2450 post

205 2472 321 2535 ternum
350 2461 545 2519 adorirentur
567 2459 743 2537 [timebunt]²
766 2463 809 2519 ito
823 2461 871 2519 itti
883 2462 1029 2519 interiore
1051 2462 1153 2534 spatio

117 2597 118 2602 ,
200 2553 367 2624 perpetuos
388 2548 569 2605 munitiones
584 2547 764 2622 efficiebant,
787 2561 826 2604 ne
842 2561 927 2618 quem
941 2546 1038 2604 iocum
1052 2549 1156 2606 nostri

205 2635 322 2691 intrare
349 2638 437 2704 atque
470 2633 555 2706 ipsos
588 2649 607 2690 n
640 2638 726 2704 teron
763 2633 983 2690 circumuenire
1010 2640 1149 2704 possent.

205 2710 311 2798 Vulgo
335 2718 388 2790 qui
414 2720 486 2776 ante
505 2725 671 2793 perpetuos
693 2719 846 2784 inserunt,
877 2719 908 2773 et
936 2715 1087 2774 nabebunt
1112 2731 1155 2775 ex

204 2796 374 2862 Hotomani
404 2796 487 2861 libro
516 2819 574 2883 pro
602 2803 744 2860 videbunt
765 2795 915 2860 scribunt.
945 2829 987 2842 -
1014 2794 1153 2861 Vindob.

206 2881 288 2946 liber
318 2903 389 2945 cum
410 2883 459 2964 iis,
483 2903 563 2967 quae
589 2881 628 2944 N.
652 2880 758 2955 edidit,
782 2881 953 2961 consentit,
975 2881 1038 2942 nisi
1091 2879 1154 2947 uod

205 2959 332 3032 videdat*
359 2966 539 3052 (uidebatur)
582 2967 616 3028 in
652 2988 689 3029 eo
725 2975 889 3029 exaratum
925 2978 982 3029 est.
1011 2903 1153 3031 Vedium

207 3059 346 3117 timebunt
375 3051 458 3138 qnod
492 3051 530 3114 N.
566 3073 636 3114 cum
665 3051 789 3115 Faerno
823 3050 991 3115 delendum
1021 3052 1153 3132 censuit,

205 3139 239 3202 in
273 3137 416 3202 omnibus
448 3135 609 3200 codicibus
644 3146 755 3200 exstet
795 3134 900 3214 Quum
929 3137 1024 3221 igitur
1056 3134 1154 3200 verba

100 3250 101 3256 ¹
207 3222 428 3287 emendatione
456 3230 585 3307 egeant,
618 3223 748 3308 scripsi:
782 3230 878 3301 Atque
905 3234 938 3286 nt
963 3228 1063 3286 nostri
1078 3243 1154 3303 per·

205 3322 321 3388 petuas
356 3315 535 3372 munitiones
568 3315 786 3372 reddebant
819 3314 988 3387 perductos
1023 3328 1063 3371 en
1102 3328 1153 3370 ras

206 3399 304 3456 stellis
326 3399 356 3456 in
375 3399 522 3472 proximo
544 3400 682 3470 castello,
708 3399 862 3472 quodne
885 3413 944 3471 quo
965 3398 1033 3456 loeo
1056 3413 1154 3456 ernms

206 3489 313 3555 perent
353 3482 533 3559 Pompeiani
572 3501 611 3544 uc
642 3490 767 3544 nostros
794 3491 868 3560 post
903 3489 1017 3556 ternum
1048 3482 1154 3542 odori-
