2562 3966
392 231 526 296 OOMM.
550 232 580 295 V
603 233 695 298 OAP.
719 235 856 298 55-58.
1042 238 1102 301 117

141 404 291 468 civitates
307 424 324 466 e
348 404 492 488 uitasque
507 404 646 491 undique
662 416 789 470 evocat:
812 407 862 470 his
878 417 1001 471 certum
1019 408 1103 472 diem

141 489 322 553 convenien
346 487 454 552 'dicit
487 489 619 553 Interim
640 514 739 576 prope
762 492 901 578 quotidie
924 514 995 557 eum
1018 495 1104 558 omni

140 575 287 660 equitatu
312 573 547 639 Indutiomarus
583 575 641 639 sub
670 579 783 640 castris
813 579 881 640 eius
915 578 1101 663 vagabatur,

142 658 224 724 alias
259 668 295 723 ut
328 661 422 723 situm
454 669 627 724 castronim
654 672 873 748 cognosceret,
908 663 985 726 alias
1008 663 1104 727 collo-

142 744 264 832 quendi
304 755 358 809 aut
395 747 560 810 territandi
598 769 716 812 causa:
760 751 880 834 equites
916 748 1104 835 plerumque

139 852 255 895 omnes
277 829 342 894 tela
362 832 445 895 intra
466 831 585 894 vallum
609 832 827 897 coniiciebant.
851 833 1011 898 Labienus
1028 855 1102 899 suos

141 918 228 981 intra
253 917 460 981 munitionem
489 918 669 982 continebat
697 920 882 1006 timorisque
910 920 1102 1004 opinionem,

142 1001 396 1088 quibuscumque
418 1011 542 1087 poterat
562 1002 667 1086 rebus,
692 1004 838 1089 augebat.

208 1085 260 1150 58.
291 1085 397 1164 Quum
419 1090 539 1152 maiore
561 1091 594 1152 in
620 1089 687 1152 dies
710 1090 942 1174 contemptione
964 1089 1104 1154 Indutio-

142 1193 251 1236 marus
285 1172 326 1236 ad
353 1182 458 1236 castra
490 1174 655 1238 accederet
662 1223 670 1258 ,
703 1183 797 1238 nocte
823 1198 887 1238 una
913 1177 1103 1242 intromissis

143 1256 305 1344 equitibus
329 1281 468 1323 ommum
482 1259 687 1322 finitimarum
702 1261 874 1344 civitatum,
899 1283 977 1346 quos
1000 1283 1104 1324 arces·

145 1343 261 1406 sendos
285 1353 461 1426 curaverat,
484 1354 574 1407 tanta
588 1344 750 1428 diligentia
772 1368 881 1409 omnes
905 1369 978 1412 suos
1001 1355 1104 1410 custo-

143 1428 206 1492 diis
228 1429 311 1491 intra
332 1441 436 1492 castra
458 1431 625 1512 continuit,
659 1439 694 1493 ut
721 1429 811 1494 nulla
832 1433 955 1497 ratione
986 1453 1025 1495 ea
1050 1453 1104 1495 res

144 1515 304 1576 enuntiari
333 1523 387 1577 aut
409 1514 449 1577 ad
472 1515 629 1580 Treveros
652 1516 787 1600 perferri
815 1526 932 1602 posset.
972 1515 1104 1580 Interim

144 1621 189 1662 ex
210 1599 437 1663 consuetudine
464 1601 645 1686 quotidiana
665 1600 899 1666 Indutiomarus
929 1601 970 1664 ad
999 1610 1106 1665 castra

143 1683 268 1748 accedit
301 1694 395 1769 atque
427 1685 472 1748 ibi
499 1708 649 1772 magnam
674 1695 799 1771 partem
832 1687 896 1750 diei
930 1687 1103 1768 consumit3

144 1771 269 1855 equites
303 1769 368 1835 tela
401 1772 572 1834 coniiciunt
599 1782 630 1835 et
662 1794 780 1856 magna
813 1794 886 1835 cum
914 1771 1105 1835 contumelia

144 1854 316 1919 verborum
348 1865 473 1920 nostros
508 1856 548 1918 ad
603 1879 720 1943 ugnam
753 1867 894 1922 evocant.
939 1856 1034 1920 Nullo
1062 1856 1103 1920 ab

144 1942 262 2004 nostris
286 1940 359 2004 dato
381 1964 543 2027 responso,
566 1881 621 2005 uhi
646 1945 749 2006 visum
773 1951 828 2024 est,
854 1942 912 2008 sub
935 1963 1105 2028 vesperum

146 2025 281 2111 dispersi
303 2049 340 2090 ac
359 2026 502 2111 dissipati
517 2026 692 2091 discedunt.
727 2027 837 2092 Subito
853 2028 1013 2092 Labienus
1030 2027 1104 2091 dua-

145 2110 206 2175 bus
229 2114 328 2197 portis
353 2135 478 2176 omnem
494 2115 668 2198 equitatum
691 2115 815 2196 emittit,
839 2111 1105 2200 praecipitatque

144 2197 319 2279 interdicit,
352 2199 529 2282 proterritis
556 2198 699 2263 hostibus
727 2210 820 2284 atque
842 2201 876 2262 in
902 2200 1009 2284 fingam
1032 2221 1105 2264 con-

144 2283 235 2350 iectis
253 2282 352 2368 (quod
367 2283 444 2366 fore,
469 2285 549 2349 sicut
564 2285 687 2366 accidit,
710 2283 853 2372 videbat)
876 2308 974 2348 unum
995 2305 1105 2348 omnes

145 2377 292 2452 peterent
313 2369 578 2451 Indutiomarum,
611 2392 675 2433 neu
709 2373 777 2454 quis
807 2393 901 2456 quem
928 2373 1015 2455 prius
1037 2368 1105 2434 vul-

144 2462 250 2535 neret,
286 2477 381 2539 quam
409 2453 499 2518 illum
521 2455 719 2519 interfectum
746 2455 875 2538 viderit,
910 2455 995 2541 quod
1016 2475 1106 2518 mora

145 2537 342 2624 reliquorum
365 2541 501 2624 spatium
522 2549 650 2603 nactum
671 2540 762 2604 illum
792 2543 931 2626 effugere
960 2540 1105 2622 nolebat3

146 2646 264 2708 magna
284 2626 431 2709 proponit
456 2626 511 2706 iis,
543 2627 597 2710 qui
619 2626 808 2707 occiderint,
841 2627 997 2712 praemia;
1032 2624 1105 2689 sub·

146 2711 241 2773 mittit
264 2710 409 2774 cohortes
433 2711 590 2796 equitibus
614 2709 765 2776 subsidio.
800 2710 992 2796 Comprobat
1006 2710 1105 2776 homi-

145 2793 197 2858 nis'
213 2794 380 2859 consilium
395 2795 529 2878 fortuna,
554 2806 585 2860 et
601 2819 697 2882 quum
712 2819 810 2861 unum
826 2819 935 2862 omnes
951 2806 1104 2882 peterent,

145 2881 180 2942 in
194 2881 265 2968 ipso
279 2879 417 2944 fluminis
432 2881 514 2945 vado
530 2881 746 2966 deprehensus
761 2883 994 2947 Indutiomarus
1010 2883 1106 2946 inter·

146 2966 260 3048 ficitur,
284 2976 440 3052 caputque
463 2967 530 3030 eius
558 2967 694 3031 refertur
722 2970 756 3030 in
785 2979 906 3032 castra:
936 2967 1106 3032 redeuntes

148 3073 165 3114 e
188 3053 279 3133 uitet,
304 3074 381 3137 quos
403 3061 551 3136 possunt,
585 3061 809 3118 consectantur
830 3063 925 3140 atque
947 3052 1105 3116 occidunt.

147 3075 218 3200 liae
233 3159 268 3200 re
284 3138 410 3222 cognita
426 3159 534 3201 omnes
550 3137 737 3202 Eburonum
758 3148 789 3202 et
803 3139 1001 3218 Nerviorum,
1025 3157 1107 3223 quae

149 3232 372 3302 convenerant,
397 3225 507 3307 copiae
530 3222 706 3305 discedunt,
730 3224 888 3310 pauloque
904 3222 1014 3286 habuit
1034 3230 1109 3307 post

148 3307 181 3370 id
202 3308 323 3372 factum
346 3305 466 3372 Caesar
490 3309 675 3392 quietiorem
697 3308 845 3374 Galliam.

526 3461 713 3471 ...Νὴ-.-
