2562 3970
192 205 235 270 50
477 203 539 268 DE
560 201 703 269 BELLO
727 201 859 268 OIVlLI

191 374 333 440 Siciliae
348 375 547 461 imprudente
581 385 674 462 atque
702 376 885 460 inopinante
913 372 1050 438 Curione
1079 395 1149 459 per-

192 461 318 526 vehitur
344 461 548 546 appulsisque
579 460 760 524 Messanam
785 459 919 524 navibus
949 468 1042 546 atque
1074 459 1149 523 inde

214 556 321 632 ropter
346 547 546 632 repentinum
572 554 724 612 terrorem
752 547 928 632 principum
956 567 993 608 ac
1022 554 1149 608 senatus

191 568 268 716 diga
288 632 372 696 facta
393 653 499 695 navem
527 653 569 695 ex
596 629 762 696 navalibus
790 652 898 696 eorum
919 629 1055 694 deducit.
1077 629 1151 694 Hac

193 717 342 782 adiuncta
364 716 404 780 ad
425 716 564 803 reliquas
584 739 684 780 navas
701 737 826 780 cursum
840 713 1014 779 Massiliam
1034 737 1149 780 versus

192 801 315 887 perficit
336 803 572 887 praemissaque
594 800 676 866 clam
703 800 850 866 navicula
870 799 1044 865 Domitium
1064 800 1149 864 Mas·

193 887 401 974 siliensesque
430 887 470 950 de
493 909 549 952 suo
579 886 717 954 adventu
746 886 895 951 certiores
923 886 1000 950 facit
1032 907 1151 972 eosque

192 995 384 1059 magnopere
415 973 566 1054 hortatur,
599 982 634 1036 ut
669 993 779 1036 rursus
816 993 888 1036 cum
918 971 1010 1048 Bruti
1045 971 1151 1036 classe

191 1059 306 1122 additis
329 1059 393 1120 suis
416 1057 540 1122 auxiliis
562 1057 764 1143 confligant·

236 1145 240 1164 '
255 1143 286 1206 4.
308 1143 523 1207 Massilienses
537 1152 609 1228 post
620 1145 763 1229 superius
778 1143 1010 1206 incommodum
1023 1151 1150 1208 veteres

192 1228 233 1292 ad
255 1228 390 1293 eundem
411 1249 578 1292 numerum
600 1239 642 1292 ex
670 1227 838 1293 navalibus
860 1229 1028 1312 productas
1049 1249 1150 1294 naves

190 1313 366 1378 refecerant
388 1335 572 1399 summaque
587 1313 742 1378 industria
755 1323 955 1378 armaverant
970 1313 1149 1399 (remigum,

190 1398 436 1484 gubernatorum
464 1421 580 1484 magna
606 1400 698 1484 eopia
724 1398 923 1486 suppetebat)
950 1393 1151 1484 piscatorias·

191 1506 252 1569 que
275 1485 456 1550 adiecerant
477 1493 572 1571 atque
599 1493 815 1566 contexerant,
837 1493 872 1548 ut
894 1493 1001 1548 essent
1022 1483 1062 1548 ab
1085 1487 1152 1549 ictu

189 1571 326 1635 telorum
357 1573 495 1657 remiges
527 1572 602 1634 tuti:
631 1571 688 1634 has
722 1570 890 1654 sagittariis
921 1571 1152 1656 tormentisque

191 1655 439 1740 compleverrmt.
469 1655 541 1719 Tali
570 1655 663 1730 modo
692 1657 847 1718 instructa
876 1654 978 1719 classe
1011 1657 1151 1720 omnium

190 1742 359 1824 seniorum,
392 1750 529 1806 manum
560 1740 707 1824 familiae,
743 1741 903 1825 virginum
938 1742 1085 1827 precibus
1119 1752 1152 1806 et

188 1827 266 1890 fletu
288 1827 426 1910 excitati,
456 1835 597 1892 extremo
625 1835 770 1912 tempore
791 1826 913 1890 civitati
934 1825 1150 1910 subvenirent,

188 1933 253 1976 non
279 1914 401 1978 minore
429 1914 534 1977 animo
560 1933 598 1976 ac
618 1911 742 1995 fiducia,
766 1933 860 1998 quam
887 1921 960 1978 ante
983 1912 1151 1978 dimicave-

188 2007 269 2080 rant,
285 2019 384 2061 naves
401 1998 624 2063 conscendunt.
648 1997 815 2062 Communi
835 1997 919 2062 enim
940 1997 976 2060 fit
996 1999 1073 2062 vitio
1095 2019 1151 2063 na-

189 2092 289 2165 turae,
311 2090 348 2147 ut
375 2085 487 2148 invisis
513 2093 607 2169 atque
635 2083 803 2168 incognitis
830 2082 926 2146 rebus
954 2084 1055 2170 magis
1078 2105 1152 2149 con·

190 2167 325 2232 fidamus
346 2169 564 2233 vehementius
587 2191 627 2233 ue
642 2171 873 2251 exterreamur3
895 2176 931 2231 ut
943 2177 1010 2232 tum
1025 2167 1150 2234 accidit.

103 2261 106 2274 ¹
190 2252 357 2318 Adventus
380 2255 465 2318 enim
485 2253 524 2318 L.
583 2254 676 2319 asidii
703 2275 827 2318 summa
857 2275 914 2339 spe
935 2262 967 2317 et
987 2252 1152 2319 voluntate

188 2339 349 2402 civitatem
381 2339 605 2424 compleverat.
641 2339 734 2404 Nacti
765 2339 915 2404 idoneum
945 2348 1076 2404 ventum
1108 2361 1152 2404 ex

211 2432 280 2489 ortu
317 2435 434 2489 exeunt
470 2435 502 2490 et
533 2425 724 2508 Tauroenta,
772 2424 857 2510 quod
889 2433 938 2489 est
984 2424 1151 2489 castellum

223 2508 442 2594 assiliensium,
465 2511 507 2574 ad
528 2510 692 2576 Nasidium
712 2511 902 2596 perveniunt
922 2509 1030 2595 ibique
1051 2531 1150 2596 navas

188 2593 361 2680 expediunt
381 2617 554 2682 rursusque
577 2619 612 2660 se
634 2595 676 2660 ad
695 2595 930 2681 confligendum
951 2597 1054 2661 animo
1077 2617 1150 2660 con-

187 2680 314 2744 firmant
343 2690 375 2745 et
397 2680 528 2747 consilia
557 2683 799 2746 communicant.
821 2681 946 2745 Dextra
967 2703 1041 2766 pars
1064 2681 1147 2744 attri-
1258 2765 1259 2768 Ἴ

187 2765 295 2830 buitur
315 2764 577 2850 Massiliensibus,
601 2767 730 2831 sinistra
751 2767 892 2830 Nasidio.

250 2851 280 2915 5.
302 2850 427 2916 Eodem
439 2851 557 2916 Brutus
572 2853 733 2917 contendit
752 2861 846 2917 aucto
860 2852 989 2916 navium
1003 2872 1148 2918 numero.

186 2937 268 3000 Nam
290 2936 331 3000 ad
346 2958 410 3018 eas,
427 2960 511 3024 quae
525 2939 627 3002 factae
641 2947 732 3003 erant
745 2937 875 3003 Arelate
888 2959 947 3024 per
967 2935 1149 3019 Caesarem,

187 3023 332 3170 captivae
354 3021 599 3087 Massiliensium
626 3032 826 3088 accesserant
847 3045 915 3087 sex.
938 3023 1005 3086 Has
1028 3023 1148 3109 superi-

187 3109 233 3172 ori
256 3129 294 3171 us
317 3106 428 3172 dicbus
450 3108 605 3174 refecerat
625 3117 721 3194 atque
748 3108 893 3172 omnibus
914 3109 1010 3173 rebus
1033 3109 1149 3172 instru-

178 3191 287 3257 ‘xerat
309 3192 420 3279 Itaque
443 3215 516 3258 suos
538 3193 728 3276 cohortatus,
756 3215 835 3282 quos
856 3195 995 3280 integros
1018 3215 1149 3279 supera-

185 3280 308 3342 vissent
336 3286 371 3343 ut
397 3279 500 3343 victos
529 3287 774 3362 contemnerent,
802 3278 915 3364 plenus
944 3279 1012 3364 spei
1044 3278 1150 3344 bonae

70 3419 74 3430 .
186 3371 281 3449 atque
310 3364 406 3427 animi
434 3364 587 3429 adversus
615 3386 670 3430 eos
696 3363 914 3450 proficiscitur.
947 3362 1057 3428 Facile
1080 3373 1151 3430 erat

188 3469 228 3509 ex
257 3451 368 3512 castris
397 3447 434 3514 Ο.
465 3449 605 3516 Treboni
631 3460 727 3537 atque
757 3451 902 3514 omnibus
932 3450 1150 3536 superioribus
