2490 3974
121 291 187 356 262ι
239 329 241 334 -
376 292 504 360 BELLI
524 282 818 360 HISPANIENSIS

122 476 214 528 tenus
238 486 336 528 -more
372 463 511 548 militari,
549 487 644 552 quum
680 489 699 529 a
736 464 880 532 Caesaris
913 466 1070 552 praesidio

101 550 231 614 ‘fuisset
263 559 458 635 conspectus,
487 549 632 616 celeriter
661 552 801 638 equitatu
829 550 1071 638 cohortibusque

122 634 386 716 circumcluditur.
408 635 487 699 Erat
508 658 653 700 accessus
675 636 736 702 loci
751 637 928 718 difficultas.
951 637 969 674 ’¹‘
989 637 1070 700 Nam

121 720 238 786 idcirco
260 730 387 807 propter
402 743 465 784 suo
509 721 645 786 raesidio
674 722 783 800 fuisset
814 732 997 809 conspectus
1021 744 1070 786 ce

121 805 227 871 loriter
248 805 289 869 ad
309 808 464 871 munitum
485 745 588 870 lbeum
609 817 722 870 natura
748 819 875 894 ceperat
897 808 957 872 sibi
979 809 1070 874 Pom-

121 893 224 978 peius„
239 893 382 977 quamvis
411 913 526 978 magna
553 892 751 957 multitudine
781 894 907 958 deducti
928 894 1071 959 homines

123 998 164 1040 ex
184 978 347 1063 superiore
368 977 439 1042 loco
460 978 628 1042 defendere
656 990 785 1064 possent
806 979 942 1043 subeunt
963 982 997 1042 in
1019 980 1071 1042 ad·

120 1071 217 1126 ventu
243 1085 300 1126 nos
333 1063 494 1148 depellunt
526 1065 580 1149 qui
615 1063 696 1128 telis.
731 1063 853 1144 Quibus
887 1065 1072 1130 cedentibus

66 1150 72 1159 “
121 1169 160 1221 cu
183 1147 264 1213 idius
285 1146 532 1235 insequebantur
560 1149 734 1214 adversarii
761 1159 792 1214 et
819 1151 982 1215 confestim
1008 1159 1071 1214 tar-

121 1169 239 1297 dabant
260 1232 300 1298 ab
323 1255 461 1297 accessu
490 1235 561 1300 Hcc
587 1238 712 1320 saepius
740 1236 821 1300 facto
844 1237 1072 1300 animadverte-

119 1317 214 1382 batur
234 1329 341 1385 nostro
362 1341 476 1404 magno
498 1321 530 1383 id
550 1320 620 1384 fieri
648 1321 797 1406 periculo.
822 1322 927 1407 Opere
942 1323 1072 1385 circum-

121 1406 242 1478 munire
263 1405 444 1488 instituunt3
466 1407 535 1490 pari
564 1414 668 1469 autem
698 1415 730 1470 et
758 1406 854 1471 celeri
874 1407 1073 1470 festinatione

121 1490 240 1554 circum
260 1492 448 1555 munitiones
469 1493 543 1576 iugo
566 1492 712 1576 dirigunt,
734 1503 768 1555 ut
783 1514 883 1578 aequo
905 1492 986 1578 pede
1001 1514 1074 1555 cum

121 1573 307 1640 adversariis
323 1577 473 1662 congredi
487 1587 622 1662 possent.
646 1577 676 1640 A
692 1576 804 1664 q'uibus
825 1601 921 1664 quum
936 1578 1074 1642 animad-

90 1680 96 1692 ²
120 1664 250 1724 versum
272 1671 363 1744 esset,
387 1663 462 1748 fuga
484 1662 544 1726 sibi
565 1662 755 1748 praesidium
778 1665 914 1748 capiunt.
1024 1663 1027 1666 ’

185 1745 235 1810 39.
258 1747 336 1812 Pom
360 1750 437 1831 eius,
458 1758 493 1812 ut
515 1769 610 1833 supra
633 1748 925 1830 demonstravimus,
948 1751 1072 1813 saucius

121 1841 152 1895 et
172 1833 287 1897 intorto
309 1771 372 1898 talo
384 1831 504 1897 idcirco
519 1834 702 1897 tardabatur
716 1835 757 1897 ad
771 1834 962 1920 fugiendum,
984 1835 1072 1897 item-

121 1939 182 2002 que
204 1928 332 2004 propter
354 1918 414 1983 loci
435 1913 652 1983 difficultatem
673 1941 777 2005 neque
800 1933 879 2006 equo
902 1942 942 1983 ne
965 1943 1004 1984 ue
1019 1944 1072 1984 ve-

120 2002 223 2068 hiculo
247 2003 340 2068 saluti
362 2026 437 2068 suae
458 2005 649 2090 praesidium
669 2015 925 2154 pararepoterat.
978 2005 1073 2069 aedes

120 2111 140 2150 a
160 2091 274 2176 nestris
297 2090 436 2174 undique
463 2090 748 2154 administrabatur.
805 2091 942 2156 'onclusa
974 2095 1072 2156 muni-

120 2175 205 2238 tione
222 2175 422 2260 ‘amissisque
455 2175 579 2239 auxiliis
602 2176 643 2239 ad
671 2176 847 2242 convallem
881 2199 1073 2262 exesumque

121 2258 225 2324 locum
245 2263 279 2327 in
301 2261 480 2347 speluncam
503 2261 671 2346 Pompeius
702 2284 736 2325 se
770 2261 926 2326 occultare
960 2264 1071 2348 coepit,

120 2353 154 2412 ut
167 2367 196 2408 a
217 2348 333 2410 nostris
356 2370 419 2410 non
440 2346 532 2410 facile
566 2349 760 2411 inveniretur
791 2349 853 2411 nisi
876 2349 1072 2433 captivorum

120 2429 244 2494 indicio.
267 2431 317 2494 Ita
337 2431 382 2495 ibi
410 2433 602 2496 interficitur.
640 2431 746 2510 Quum
779 2431 897 2497 Caesar
931 2431 1073 2498 Gadibus

120 2513 239 2595 fuisset,
261 2515 419 2602 Hispalim
440 2527 464 2579 u
485 2517 532 2581 Id.
555 2517 657 2603 April.
681 2527 775 2603 caput
807 2517 937 2582 allatum
966 2529 998 2582 et
1019 2541 1073 2604 po-

125 2599 199 2686 pulo
221 2596 327 2664 datum
350 2604 451 2666 estin
474 2619 683 2689 conspectum.
948 2671 950 2688 ,

183 2687 234 2750 40.
257 2687 423 2752 Interfecto
452 2686 510 2752 On.
534 2688 682 2774 Pompeio
717 2688 915 2766 adolescente
948 2688 1073 2772 Didius,

122 2794 215 2857 quern
248 2793 342 2858 supra
375 2773 667 2856 demonstravimus
705 2774 760 2838 illa
793 2775 922 2838 affectis
954 2773 1074 2839 laetitia

120 2859 264 2942 proximo
287 2881 320 2922 se
343 2881 415 2922 rece
437 2861 462 2923 it
484 2859 612 2924 castello
649 2859 880 2947 nonnullasque
911 2881 1010 2924 naves
1034 2859 1075 2924 ad

119 2943 323 3008 reficiendum
346 2881 495 3030 subdirxit
517 2953 556 3027 et,
591 2943 756 3031 quamvis.
774 2993 805 3008 ..
823 2993 830 3008 .
854 2955 969 3027 essent,
1003 2946 1074 3010 bra-

106 3027 225 3099 ,cbium
241 3077 248 3092 .
265 3077 272 3092 .
289 3075 321 3092 ..
345 3030 497 3112 Lusitani,
521 3034 573 3115 qui
596 3053 636 3094 ex
658 3053 765 3116 pugna
780 3031 1009 3116 superfuerunt,
1033 3031 1074 3095 ad

69 3187 73 3192 .
123 3115 248 3198 signum
270 3137 304 3178 se
325 3125 511 3201 receperunt
533 3125 564 3180 et
586 3116 667 3180 bene
689 3139 804 3202 magna
832 3139 928 3180 manu
950 3139 1073 3202 compa

120 3208 189 3264 rata
209 3200 252 3264 'ad
272 3181 403 3265 Didium
425 3224 459 3266 se
480 3210 651 3286 reportant.
685 3203 769 3266 Huic
791 3205 851 3267 etsi
871 3225 934 3266 non
964 3202 1073 3266 aberat

121 3283 284 3370 diligentia
306 3279 347 3350 ad
370 3285 469 3350 naves
490 3287 636 3371 tuendas,
660 3297 765 3352 tamen
780 3310 1017 3374 nonnumquam
1032 3311 1073 3352 ex

121 3369 249 3436 castello
270 3381 399 3457 propter
421 3395 530 3458 eorum
555 3372 684 3451 crebras
701 3375 904 3438 excursiones
928 3371 1073 3438 elicieba-

121 3461 171 3514 tur
192 3463 223 3517 et
243 3478 341 3541 prope
364 3458 551 3541 quotidianis
574 3461 688 3543 pugnis
711 3506 840 3523 ......
868 3458 997 3522 insidias
1019 3481 1074 3544 po·

121 3545 198 3601 nunt
227 3551 263 3604 et
283 3543 436 3626 tripartito
470 3545 560 3629 signa
593 3541 795 3610 distribuunt
828 3543 937 3609 Erant·
961 3546 1074 3631 parati,
