2538 3978
383 237 517 304 OOMM.
540 237 590 302 III
612 237 706 303 CAP.
728 237 864 303 40-42.
1062 235 1103 301 99

141 408 327 494 Pompeium
354 412 500 496 pervenit
527 411 679 496 iuxtaque
709 432 781 474 eum
811 420 916 473 castra
944 410 1050 494 posuit
1071 419 1104 473 et

135 494 292 579 postridie
316 495 437 560 eductis
467 496 612 561 omnibus
641 497 739 581 copiis
773 497 841 558 acie
873 497 1028 558 instructa
1050 495 1102 558 de-

142 580 293 644 cernendi
322 591 510 666 potestatem
538 582 689 667 Pompeio
716 581 799 644 fecit.
832 581 896 645 Ubi
925 580 1014 644 illum
1038 581 1102 643 suis

141 665 219 730 locis
242 688 276 729 se
298 677 407 732 tenere
431 669 661 748 animadvertit,
677 667 807 731 reducto
829 669 862 730 in
885 677 990 730 castra
1012 687 1102 730 exer-

141 752 206 814 citu
222 751 309 816 aliud
321 753 380 816 sibi
393 754 559 818 consilium
572 753 759 838 capiendum
772 753 974 816 existimavit.
991 752 1102 837 Itaque

141 847 268 921 postero
297 838 349 901 die
379 839 525 903 omnibus
554 841 651 924 copiis
681 860 796 924 magno
826 839 958 902 circuitu
981 836 1102 901 difficili

138 933 339 1008 angustoque
353 926 466 989 itinere
481 925 513 987 D
537 926 719 989 rrhachium
733 923 893 1009 profectus
906 934 954 987 est
970 945 1101 1008 sperans

138 1007 325 1093 Pompeium
347 1021 401 1074 aut
421 948 659 1096 Dyrrhachium
688 1008 835 1094 compelli
857 1008 974 1073 autah
997 1032 1034 1073 eo
1055 1011 1101 1072 in·

138 1094 276 1176 tercludi
298 1117 409 1181 posse,
434 1097 518 1182 quod
548 1119 673 1162 omnem
703 1107 912 1160 commeatum
942 1096 1100 1180 totiusque

139 1178 216 1243 belli
238 1192 424 1266 apparatum
447 1205 494 1247 eo·
507 1182 706 1264 eontulissct3
728 1192 763 1246 ut
785 1181 907 1245 accidit.
931 1180 1100 1264 Pompeius

138 1266 224 1328 enim
251 1268 353 1352 primo
380 1270 531 1353 ignorans
562 1271 630 1332 eius
660 1266 834 1346 consilium,
866 1266 950 1352 quod
973 1266 1099 1330 diverso

86 1415 90 1420 ,
137 1349 180 1414 ab
210 1373 249 1415 ea
274 1355 406 1438 regione
431 1355 544 1418 itinere
572 1354 748 1503 profectum
776 1352 914 1430 videbat,
946 1353 1099 1437 angustiis

138 1437 186 1500 rei
207 1437 433 1503 frumentariae
456 1463 569 1525 eompu
584 1463 653 1504 sum
675 1439 859 1503 discessisse
882 1437 1099 1518 existimabat3

138 1531 251 1605 postea
278 1547 336 1608 per
364 1525 579 1610 exploratores
613 1525 727 1590 certior
755 1524 856 1588 factus
890 1533 1014 1608 postero
1048 1523 1099 1586 die

138 1617 244 1672 castra
265 1612 364 1673 movit
384 1611 531 1676 breviore
558 1614 671 1676 itinere
701 1633 735 1676 se
763 1631 927 1674 occurrere
955 1611 984 1672 ei
1005 1631 1099 1694 posse

138 1714 280 1776 sperans.
326 1694 420 1774 Quod
452 1698 519 1762 fore
555 1700 732 1783 suspicatus
769 1695 889 1760 Caesar
921 1696 1099 1780 militesque

138 1776 331 1862 adhortatae,
361 1793 397 1845 ut
418 1804 519 1868 aequo
549 1785 654 1847 animo
683 1782 824 1846 laborem
850 1781 977 1860 ferrent,
1000 1801 1101 1865 parva

137 1873 228 1948 parte
256 1868 358 1930 noctis
387 1869 498 1932 itinere
531 1870 709 1932 intermisso
738 1871 830 1930 maine
863 1866 1099 1952 Dyrrhachium
1137 1941 1140 1950 Ι

137 1951 234 2033 venit,
258 1973 355 2037 quum
406 1956 519 2016 rimum
548 1976 661 2039 agmen
690 1953 822 2038 Pompei
854 1952 966 2038 procul
989 1973 1097 2016 eerne-

140 2045 237 2116 retur,
262 2047 356 2121 atque
378 1976 423 2101 ihi
446 2050 551 2103 castra
573 2042 686 2188 posuit.

201 2121 253 2185 42.
275 2123 445 2208 Pompeius
471 2126 572 2189 intere
585 2147 661 2189 usus
692 2123 910 2210 Dyrrhachio,
944 2123 998 2188 uhi
1028 2145 1097 2208 pro·

137 2208 276 2291 positum
303 2219 414 2273 tenere
442 2232 505 2274 non
556 2213 649 2291 otuit,
684 2211 823 2275 secundo
853 2233 929 2274 usus
966 2209 1097 2274 consilio

137 2293 221 2356 edito
251 2292 338 2376 loco,
370 2297 424 2381 qui
454 2233 631 2381 appeilatur
659 2297 755 2359 Petra
788 2297 970 2380 aditumque
1003 2294 1100 2358 habet

136 2378 272 2442 navibus
295 2380 487 2445 mediocrem
510 2394 604 2467 atque
633 2404 687 2444 eas
710 2405 729 2444 a
751 2382 939 2467 quibusdam
961 2382 1100 2466 protegit

136 2466 249 2548 ventis,
273 2476 378 2530 castra
407 2471 585 2531 communit.
616 2467 664 2531 Eo
686 2478 808 2552 partem
837 2469 966 2530 navium
989 2466 1097 2552 longa-

60 2620 63 2626 ,
136 2572 207 2615 rum
236 2553 414 2635 convenire,
444 2553 637 2617 frumentum
665 2564 935 2638 commeatumque
958 2553 998 2616 ab
1020 2553 1099 2616 Asia

137 2645 232 2722 atquo
254 2638 398 2701 omnibus
420 2639 618 2724 regionibus,
638 2661 727 2723 squas
749 2639 885 2720 tenebat,
910 2638 1098 2723 comportari

137 2721 280 2806 imperat.
322 2722 442 2787 Caesar
471 2725 596 2810 longius
623 2724 742 2788 bellum
770 2725 898 2788 ductum
926 2726 965 2786 iri
992 2725 1097 2788 existi-

137 2829 226 2871 mans
256 2818 289 2872 et
318 2807 358 2872 de
386 2810 505 2874 Italicis
536 2811 763 2874 commeatibus
793 2811 981 2894 desperans,
1034 2809 1098 2873 uod

137 2902 225 2956 tanta
248 2892 413 2978 diligentia
435 2898 540 2960 omnia
561 2896 656 2960 litora
678 2919 697 2959 a
722 2896 925 2980 Pompeianis
947 2833 1096 2959 tanehen-

136 2987 197 3060 tur,
221 2978 404 3065 classesque
426 2982 534 3067 ipsius,
558 3005 636 3067 quas
658 2982 762 3045 hieme
783 2984 816 3044 in
839 2981 956 3060 Sicilia,
981 2979 1096 3062 Gallia,

135 3063 227 3127 ltalia
262 3065 392 3148 fecerat,
415 3068 638 3149 morabantur,
661 3069 695 3129 in
724 3068 857 3152 Epirum
885 3069 933 3129 rei
960 3065 1096 3129 frumen·

136 3151 236 3214 tariae
259 3173 355 3215 eausa
386 3150 424 3231 Q.
442 3153 577 3216 *Tillium
608 3163 640 3216 et
668 3152 705 3216 L.
737 3153 924 3217 Canuleium
958 3151 1096 3234 legatum

137 3236 230 3318 misit,
255 3237 400 3322 quodque
428 3239 488 3302 hae
517 3240 664 3324 regiones
693 3239 826 3303 aberant
856 3237 989 3322 longius,
1015 3236 1096 3302 locis

137 3322 228 3384 certis
251 3321 365 3386 horrea
380 3324 539 3387 constituit
553 3334 768 3409 vecturasque
785 3325 934 3388 frumenti
955 3324 1096 3386 finitimi-s

137 3406 316 3472 civitatibus
350 3408 524 3494 descripsit.
569 3411 650 3474 Item
683 3411 778 3475 Lisso
813 3408 1033 3493 Parthinisque
1067 3425 1097 3472 ct

135 3492 280 3556 omnibus
303 3493 440 3558 castellis
464 3496 549 3576 quod
571 3506 655 3560 esset
674 3495 822 3596 frumenti
837 3489 1095 3644 cppquiri-iussit.
