2562 3970
190 221 329 288 Lxxiv
535 219 787 285 PRAEFATIO.

181 393 296 478 ¹palari
316 391 440 456 videtur
461 391 541 456 liber
562 391 707 474 Vindob,
730 393 784 478 qui
806 389 901 456 habet
921 399 1049 456 animum
1071 398 1138 456 ani

194 485 431 544 madueriissenl.

142 587 145 598 ¹
237 562 273 628 C.
298 564 355 626 101
380 562 453 625 libri
474 561 612 626 melioris
634 572 727 626 notae
742 563 822 625 haec
836 562 901 626 lere
916 561 1050 626 habent:
1067 569 1139 627 cas-

191 657 318 726 siusque
346 655 388 712 ad
414 652 617 727 Sulpicianam
646 655 716 712 inde
745 656 871 712 classem
902 654 1063 728 profectus
1095 662 1141 712 est

200 739 337 798 Vibonem
348 740 568 813 applicatisque
580 742 694 797 nostris
706 739 1002 798 adterramnaoihns
1008 745 1140 814 propter

192 825 318 884 mandem
347 827 475 883 timorem
504 826 579 899 pari
611 832 698 897 atque
726 832 814 883 antea
849 827 968 883 ratione
1003 831 1139 898 eaerum,

192 911 318 967 Cassius
339 910 501 967 secundum
522 917 629 968 nactus
650 917 765 968 ueniam
786 913 946 968 onerarias
967 925 1063 968 naues
1077 911 1140 968 oir-

192 997 270 1052 ciier
291 993 344 1051 XL
369 1003 572 1066 praepararas
601 997 642 1053 ad
669 997 839 1054 incendium
868 996 994 1052 immisit.
1031 989 1079 1052 Ita
1105 991 1140 1052 in

191 1073 291 1137 Paris.
320 1094 382 1136 sec.
413 1084 443 1137 et
470 1073 605 1138 Vindob.
636 1077 786 1160 seriptum
809 1083 872 1155 est3
902 1073 1026 1138 codices
1049 1073 1139 1137 Leiu.

191 1179 239 1242 pr.
271 1157 354 1221 Soal.
384 1158 491 1222 Petav.
520 1181 556 1223 eo
586 1159 764 1242 discedunt,
799 1159 882 1244 quod
913 1165 1036 1228 Cassius
1065 1169 1138 1244 post

192 1257 321 1319 eaerunt
344 1241 390 1328 (in
419 1244 512 1308 Vind.
542 1244 659 1331 eger.)
689 1247 841 1308 omittunt.
881 1243 918 1307 ln
954 1245 1003 1307 his
1032 1243 1140 1308 verbis

193 1349 291 1411 quum
314 1339 345 1390 et
367 1329 539 1414 displiceat,
556 1331 640 1415 quod
656 1332 839 1393 Caesariani
853 1332 921 1414 pari
935 1340 1029 1414 atque
1047 1339 1142 1394 antea

193 1413 318 1477 ratione
347 1435 365 1476 e
390 1417 450 1477 'sse
480 1416 641 1496 dieantur,
671 1417 725 1500 qui
754 1417 845 1478 etiam
868 1416 1025 1478 contrario
1047 1414 1141 1479 modo

192 1506 287 1581 alque
310 1498 350 1561 ad
405 1521 547 1562 essanam
571 1512 711 1584 egerunt,
735 1512 766 1564 et
787 1503 868 1562 iusto
883 1500 1142 1563 maiorvideatur

191 1585 318 1646 navium
340 1607 494 1648 numerus.
520 1608 597 1669 quas
620 1586 749 1650 Cassius
774 1586 814 1648 ad
843 1584 1023 1648 incendium
1050 1607 1142 1670 prae-

192 1679 322 1752 paratas
344 1670 515 1751 immiserit,
538 1671 747 1756 Nipperdeius
770 1672 870 1735 eiecto
894 1677 994 1734 Cassii
1014 1671 1142 1734 nomine

191 1768 320 1831 eaerum
341 1757 429 1818 uncis
445 1756 579 1836 inclusit,
602 1757 701 1822 verba
716 1768 819 1821 autem
837 1765 961 1821 circiter
976 1761 1030 1819 XL
1046 1769 1142 1840 supra

190 1848 264 1923 post
285 1847 412 1904 rraoious
435 1841 609 1904 collocavit.
646 1843 689 1905 At
711 1844 770 1908 hoe
799 1842 867 1906 loco
895 1863 1043 1905 numerus
1065 1841 1142 1904 ferri

191 1945 234 1988 no
256 1924 310 2006 uit,
334 1947 428 2010 quum
444 1925 488 1989 ibi
503 1949 565 1989 non
580 1930 641 1990 nisi
655 1930 778 1992 intersit
795 1928 936 2006 indicari,
954 1949 1032 2012 quae
1047 1927 1141 1990 fuerit

189 2007 216 2074 S
250 2010 394 2093 picianae
409 2010 519 2074 classis
544 2013 697 2093 conditio,
721 2037 816 2100 quum
832 2013 985 2076 Cassiana
1007 2011 1142 2075 advehe·

191 2103 289 2157 retur.
332 2095 448 2160 Addito
482 2119 612 2162 numero
645 2101 738 2162 etiam
776 2099 911 2182 suspicio
951 2107 1141 2176 moveretm,

191 2200 258 2242 uon
287 2201 395 2244 omnes
422 2204 519 2246 naves
553 2184 610 2248 sed
638 2185 698 2246 XL
719 2195 840 2248 tantum
862 2183 901 2246 ab
931 2181 1070 2266 Sulpicio
1100 2182 1142 2244 ad

192 2273 310 2326 terram
333 2286 403 2329 esse
426 2267 607 2351 applicatas.
642 2270 746 2348 Quum
768 2272 813 2332 ita
827 2268 926 2332 verba
950 2278 1072 2330 caeder
1086 2272 1140 2330 XL

191 2347 262 2414 loco
284 2371 413 2414 movere
435 2353 517 2432 nolo,
539 2364 645 2418 tamen
666 2359 698 2418 in
721 2357 789 2439 ipso
812 2374 942 2416 numero
959 2351 1078 2438 aliquid
1093 2373 1142 2414 er·

188 2443 297 2496 ratum
319 2455 389 2499 esse
411 2438 558 2504 concedo.
591 2441 694 2502 Etiam
718 2443 750 2502 in
772 2463 809 2503 eo
824 2437 1014 2523 Nipperdeio
1036 2459 1142 2500 assen-

187 2520 262 2600 tior,
286 2520 370 2604 quod
392 2538 519 2600 coenant
538 2525 577 2588 ab
599 2527 751 2609 magistro
771 2525 891 2586 illatum
913 2545 982 2586 esse
1008 2524 1141 2604 censuit,

143 2676 149 2685 .
191 2602 250 2666 sed
273 2605 365 2668 simul
387 2611 591 2694 exstirpanda
619 2621 709 2674 erant
735 2609 835 2672 verba
862 2622 987 2684 pronior
1017 2614 1142 2670 eundem

191 2697 333 2776 timorem,
358 2715 438 2778 quae
462 2693 605 2758 Caesaris
635 2718 704 2759 esse
731 2703 905 2779 nequeunt,
933 2691 1017 2778 quod
1038 2713 1143 2777 neque

192 2783 288 2839 antea
308 2791 467 2842 narratum
489 2790 537 2842 est
561 2780 792 2864 Pomponianas
820 2800 918 2842 naves
947 2786 1076 2862 propter
1104 2779 1142 2840 ti-

193 2880 315 2925 morem
337 2862 377 2926 ad
404 2874 517 2928 terram
547 2864 643 2928 fuisse
671 2865 852 2950 applicatas,
882 2884 986 2935 neone
1008 2885 1143 2948 usquam

191 2943 380 3028 indicatum,
413 2949 559 3014 incensae
591 2950 823 3036 Pomponianae
856 2949 966 3014 elassis
999 2949 1142 3011 nuntium

192 3041 268 3096 ante
291 3033 393 3098 Cassii
415 3034 583 3098 adventum
606 3036 761 3100 Vibonem
796 3057 866 3100 esse
903 3033 1074 3120 perlatum,
1106 3043 1143 3096 ut

189 3132 319 3196 propter
347 3127 468 3184 eundem
500 3129 631 3186 timorem
661 3124 754 3184 etiam
785 3122 944 3208 Sulpicius
972 3141 1071 3183 naves
1101 3117 1142 3182 ad

191 3211 312 3268 terram
333 3205 517 3291 applicaret.
551 3207 729 3272 Verborum
760 3229 884 3293 quoque
903 3204 1142 3270 collocationem

192 3289 271 3352 satis
294 3291 431 3376 ineptam
454 3313 532 3374 esse,
556 3315 617 3357 non
642 3293 796 3393 estquod
825 3293 1046 3356 demonstrem.
1079 3287 1142 3352 Ita-

194 3394 257 3457 que
280 3376 424 3441 Caesaris
454 3377 553 3442 verba
581 3380 661 3442 haec
690 3378 786 3443 fmsse
808 3378 929 3442 iudico:
958 3382 1143 3453 Cassiusque

193 3465 238 3524 ad
258 3465 466 3538 Sulpicianam
495 3471 563 3528 inde
589 3471 715 3528 classem
735 3471 894 3544 profectus
923 3475 969 3526 esi
1003 3467 1144 3526 Vibonem
