2532 3968
180 193 325 261 XXXIV
531 200 788 267 PRAEFATIO.

246 368 282 434 O.
312 370 354 434 52
383 394 480 458 quum
508 372 543 436 in
575 371 664 436 libris
697 372 841 459 legatur:
879 381 953 440 Nom
980 384 1010 442 C.
1042 383 1138 445 Curio

181 462 321 520 tribunus
338 464 455 538 pletis,
480 481 568 536 quum
591 466 731 522 Caesaris
758 481 881 526 causum
903 469 1137 543 dipnitolemoue

181 547 398 622 defendendum
425 552 625 624 suscepisset,
664 567 757 625 saepe
784 559 851 610 erui
875 556 995 612 seuolui
1011 556 1137 630 pollici-

181 641 245 704 tus,
280 638 309 692 si
323 651 423 706 -quem
452 637 539 692 timor
571 650 724 694 armorum
752 637 894 696 Caesaris
927 640 1073 713 laederet,
1100 646 1140 698 et

183 720 326 792 quonium
347 719 472 794 Pompei
501 722 662 780 dominatio
685 729 773 794 oipue
795 738 880 782 ormo
902 739 962 783 uon
985 727 1138 784 minimum

181 812 327 864 terrorem
353 806 426 878 soro
450 805 611 878 inferrent,
643 809 812 866 discederet
836 815 959 882 uterque
981 813 1018 869 ob
1042 812 1137 868 armis

182 892 393 963 exercitusque
415 893 585 967 eliminaret,
616 888 684 950 iure
707 886 917 972 Nipperdeius
941 910 1011 953 oum
1032 889 1137 954 Whit-

182 970 226 1034 tio
263 983 295 1034 el
325 970 399 1033 ferri
435 973 566 1056 nequire
600 971 844 1054 contenderunt3
883 984 1020 1039 attamen
1048 995 1138 1039 mero

182 1077 258 1120 casu
290 1055 475 1140 particulam
512 1057 572 1120 huc
607 1057 727 1121 illatam
757 1080 827 1121 esse
852 1059 908 1122 vix
937 1060 1136 1140 crediderim,

181 1141 244 1204 imo
267 1163 309 1204 ex
330 1153 370 1204 ul
389 1163 571 1226 perversam
594 1166 663 1206 esse
684 1143 790 1208 iudico
811 1144 906 1228 idque
929 1145 1022 1209 edidi.

245 1225 398 1290 Eiusdem
428 1229 538 1312 capitis
567 1229 663 1292 finem
697 1229 822 1294 codices
853 1229 937 1293 hunc
965 1231 1136 1316 praebent:

182 1317 284 1390 Neque
306 1319 364 1376 lloc
379 1325 489 1376 loulum
507 1322 663 1392 pollicitus
679 1328 731 1388 est,
755 1322 919 1379 sedetiam
936 1340 997 1396 per
1018 1339 1051 1381 se
1074 1323 1138 1380 dis·

183 1405 348 1462 cessionem
378 1404 485 1476 fucere
518 1409 637 1480 coepil;
675 1407 758 1479 quod
788 1423 825 1464 ne
855 1409 957 1483 fierel,
996 1408 1139 1467 consules

183 1491 329 1561 amicique
353 1489 476 1564 Pompei
497 1492 667 1562 iusserunt,
695 1498 783 1564 cique
805 1494 847 1550 ila
869 1509 931 1550 rem
952 1494 1137 1552 moderando

184 1574 400 1633 discesserunt.
444 1570 535 1633 Haec
563 1571 715 1635 mendosa
742 1593 826 1647 esse,
856 1573 1015 1636 nerninem
1040 1572 1138 1654 fallit3

184 1655 294 1739 eapitis
325 1655 408 1717 enirn
438 1657 597 1740 sequentis
626 1658 716 1720 initio
738 1657 939 1720 manifestum
963 1667 1019 1738 est,
1043 1658 1139 1744 signi-

183 1740 341 1803 ficandum
363 1739 474 1819 fuisse,
498 1751 641 1805 senatum
668 1765 724 1827 per
746 1743 972 1807 discessionem
991 1743 1139 1806 Curionis

185 1827 372 1888 sententiam
400 1825 563 1910 probasse.
601 1827 703 1906 Quem
731 1851 858 1891 sensum
887 1851 982 1914 quum
1003 1827 1139 1914 Nipper-

183 1909 273 1972 deius
295 1933 359 1973 non
381 1913 421 1974 sit
443 1923 604 1975 assecutus
628 1914 795 1978 scribendo
817 1929 905 1993 alque
926 1923 967 1978 ilo
994 1937 1055 1978 rem
1076 1935 1138 1977 mo-

185 2001 320 2060 derando
344 2003 632 2072 discusserunt,
650 2021 721 2062 cum
737 2021 773 2062 eo
788 1999 893 2064 faeere
908 1998 1011 2082 nolui3
1033 2020 1138 2085 neque

183 2079 321 2144 Kraneri
344 2083 520 2147 emendatio
543 2084 671 2169 plaeere
699 2095 817 2170 potest:
848 2099 880 2149 ol
907 2092 1020 2164 reliqui
1042 2098 1138 2148 tomen

186 2187 287 2231 omues
318 2188 351 2232 eo
384 2175 604 2246 discesserunt,
644 2195 739 2258 quum
768 2170 883 2252 verba,
915 2168 1038 2234 etiarnsi
1066 2191 1139 2233 cum

186 2274 296 2331 sensu,
326 2275 417 2338 quem
446 2254 527 2334 dixi,
558 2269 747 2342 congruant,
777 2265 883 2321 tamen
908 2279 948 2319 ne
970 2255 1139 2340 vestigium

185 2337 251 2400 fere
281 2360 388 2400 eorum
417 2351 559 2423 teneant,
591 2365 671 2426 quae
698 2344 731 2405 in
753 2341 843 2404 libris
865 2341 980 2404 insunt.
1027 2341 1139 2424 Itaque

186 2423 260 2486 dum
282 2424 503 2488 verisimiliora
530 2427 736 2511 proferantur,
774 2429 807 2488 in
843 2425 993 2488 librornm
1030 2425 1139 2490 verbis

187 2519 271 2571 stare
295 2510 391 2572 satius
414 2510 500 2574 duxi.
