2562 3966
396 237 531 302 COMM.
555 239 584 302 V
608 237 701 303 OAP.
725 239 862 304 48-52.
1048 241 1109 305 113

145 408 289 473 hostibus
319 410 436 473 veniat.
493 408 624 482 Interim
655 409 905 495 speculatoribus
934 412 968 474 in
999 434 1110 477 omnes
1186 404 1189 410 ’

144 504 249 580 partes
272 494 410 558 dimissis
434 494 595 579 explorat,
624 518 685 580 quo
721 496 974 560 commodissime
995 499 1110 563 itincre

144 580 260 643 vallem
283 582 416 644 transire
438 581 546 664 possit.
1061 643 1065 659 ι

208 666 259 728 50.
282 665 331 728 Εο
355 665 406 728 die
420 665 560 750 parvulis
577 668 776 752 equestribus
791 667 920 753 proeliis
936 668 978 732 ad
993 690 1109 754 aquam

144 752 234 814 factis
257 753 383 837 utrique
414 773 483 815 sese
513 773 568 816 suo
598 751 669 816 loco
701 755 879 818 continent:
903 752 998 835 Galli,
1023 754 1109 839 quod

145 835 315 921 ampliores
339 837 454 921 copias,
478 859 559 921 quae
580 838 721 902 nondum
748 847 972 922 convenerant,
996 862 1108 924 exspe-

146 922 289 1001 ctabant3
322 921 450 1004 Caesar,
482 923 508 984 si
530 922 610 985 forte
632 925 752 988 timoris
776 924 974 1007 simulatione
1000 924 1108 990 hostes

143 1008 178 1071 in
201 1029 291 1070 suum
313 1006 417 1072 locum
448 1005 564 1070 elicere
592 1019 709 1093 posset,
740 1018 775 1073 ut
805 1012 884 1073 citra
909 1009 1027 1074 vallem
1048 1033 1107 1095 pro

144 1094 256 1156 castris
278 1092 397 1177 proelio
420 1092 635 1174 contenderet,
659 1097 686 1158 si
709 1095 742 1157 id
764 1094 889 1159 efficere
910 1118 974 1159 non
989 1105 1107 1180 posset,

143 1187 179 1242 ut
201 1177 372 1262 exploratis
398 1177 565 1242 itineribus
587 1181 709 1244 minore
732 1202 804 1244 cum
826 1181 967 1265 periculo
989 1179 1107 1245 vallem

142 1266 309 1348 rivumque
339 1265 497 1326 transiret.
547 1263 654 1328 Prima
684 1265 756 1329 luce
782 1266 920 1329 hostium
949 1269 1107 1352 equitatus

144 1349 186 1413 ad
209 1358 311 1411 castra
334 1348 456 1412 accedit
470 1348 691 1436 proeliumque
714 1373 786 1415 cum
808 1353 925 1414 nostris
948 1352 1107 1438 equitibus

145 1435 319 1499 committit.
365 1434 484 1498 Caesar
507 1434 650 1498 consulto
674 1439 796 1521 equites
819 1436 932 1516 cedere
954 1459 1052 1522 seque
1074 1438 1107 1500 in

145 1530 249 1584 castra
276 1521 419 1604 recipere
449 1519 551 1601 iubet3
583 1520 676 1584 simul
711 1544 752 1586 ex
787 1522 933 1585 omnibus
962 1521 1107 1607 partibus

143 1615 248 1670 castra
270 1604 379 1670 altiore
408 1604 492 1670 vallo
519 1607 636 1669 muniri
662 1615 834 1692 portasque
862 1607 983 1673 obstrui
1012 1615 1107 1693 atque

142 1693 176 1754 in
197 1691 247 1754 his
270 1690 526 1754 administrandis
541 1691 637 1754 rebus
661 1714 755 1777 quam
769 1693 907 1756 maxime
924 1695 1107 1758 concursari

143 1787 269 1840 etcum
292 1775 490 1841 simulatione
513 1777 565 1862 agi
586 1778 707 1841 timoris
730 1777 826 1840 iubet.

207 1863 259 1926 51.
291 1860 415 1940 Quibus
438 1862 585 1926 omnibus
607 1862 703 1925 rebus
726 1863 834 1926 hostes
858 1864 983 1927 invitati
998 1864 1105 1947 copias

143 1947 312 2011 traducunt
335 1949 498 2033 aciemque
520 1949 629 2033 iniquo
651 1947 721 2012 loco
750 1949 958 2030 constituunt,
989 1950 1106 2013 nostris

142 2055 221 2098 vero
245 2035 339 2096 etiarn
365 2033 405 2096 de
437 2031 521 2096 vallo
550 2032 694 2096 deductis
722 2035 852 2120 propius
886 2033 1041 2097 accedunt
1074 2043 1106 2097 et

141 2118 208 2184 tela
229 2119 313 2182 intra
327 2119 533 2181 munitionem
549 2139 591 2182 ex
613 2118 758 2182 omnibus
772 2119 915 2204 partibus
934 2121 1107 2183 coniiciunt

141 2204 414 2291 praeconibusque
437 2204 662 2266 circummissis
678 2206 882 2351 pronuntiari
904 2205 1023 2286 iubent,
1048 2228 1105 2270 seu

143 2293 214 2377 quis
240 2289 352 2354 Gallus
375 2311 432 2353 seu
453 2289 614 2353 Romanus
636 2312 677 2355 ve
691 2293 715 2352 it
743 2298 816 2353 ante
845 2289 957 2357 horam
978 2293 1105 2354 tertiam

142 2376 184 2440 ad
208 2397 242 2440 se
264 2376 408 2455 transire,
433 2376 501 2438 sine
522 2375 665 2459 periculo
688 2374 801 2456 licere,
831 2385 904 2460 post
925 2377 959 2440 id
980 2385 1104 2461 tempus

141 2483 208 2524 non
229 2461 295 2524 fore
317 2460 521 2546 potestatem:
556 2482 593 2524 ac
616 2462 662 2523 sic
684 2472 809 2525 nostros
838 2469 1104 2546 contempserunt,

142 2557 179 2611 ut
206 2546 374 2611 obstructis
407 2549 441 2609 in
471 2547 610 2630 speciem
639 2547 737 2630 portis
772 2545 905 2632 singulis
940 2545 1105 2611 ordinibus

143 2633 309 2718 cespitum,
354 2631 418 2695 uod
441 2654 478 2695 ea
500 2654 564 2695 non
585 2653 681 2716 posse
699 2632 931 2718 introrumpere
952 2632 1104 2695 videban-

142 2727 205 2799 tur,
228 2717 284 2780 alii
304 2656 424 2780 vdllum
444 2739 542 2780 manu
565 2716 719 2794 scindere,
744 2716 797 2780 alii
819 2718 920 2780 fossas
944 2716 1105 2802 complere

141 2804 329 2888 inciperent.
373 2802 455 2866 Tum
485 2800 605 2865 Caesar
632 2800 777 2866 omnibus
811 2805 910 2887 portis
940 2805 1105 2888 eruptione

141 2888 228 2953 facta
250 2890 454 2974 equitatuque
484 2890 598 2952 emisso
627 2886 773 2952 celeriter
801 2889 909 2952 hostes
937 2889 971 2950 in
999 2888 1106 2972 fugam

143 2975 215 3057 dat,
240 2975 285 3037 sic
307 2975 354 3036 uti
376 2973 502 3037 omnino
523 2973 689 3058 pugnandi
711 2995 808 3036 causa
822 2975 984 3036 resisteret
1001 2995 1105 3054 nemo,

140 3081 358 3145 magnumque
391 3080 433 3122 ex
462 3060 508 3121 eis
534 3080 702 3122 numerum
721 3059 846 3124 'occidit
873 3067 967 3143 atque
996 3080 1105 3122 omnes

142 3147 239 3210 aruris
263 3146 360 3208 exuit.
927 3203 931 3206 ,

208 3231 259 3293 52.
283 3230 425 3314 Longius
470 3230 598 3315 rosequi
620 3229 756 3310 veritus,
787 3228 872 3314 quod
895 3227 994 3292 silvae
1014 3226 1105 3313 palu-

142 3316 264 3402 desque
286 3253 526 3380 intercedebant
540 3336 643 3400 neque
659 3316 755 3380 etiam
770 3313 903 3398 parvulo
919 3314 1106 3379 detrimento

140 3401 271 3465 illorum
293 3401 397 3464 locum
419 3401 556 3487 relinqui
577 3398 721 3481 videbat,
750 3399 895 3462 omnibus
926 3400 991 3463 suis
1020 3400 1105 3462 inco-

142 3483 284 3552 lumibus
308 3487 407 3571 copiis
438 3486 549 3550 eodem
579 3485 631 3549 die
658 3484 700 3548 ad
730 3483 917 3631 Ciceronqqn
949 3485 1104 3570 pervenit.

193 3589 271 3628 Caesar
408 3587 410 3595 ’
