2538 3978
207 239 268 304 154
464 238 596 303 BELLI
615 235 919 301 ALEXANDRlNI

205 410 326 474 Caesar
346 403 415 496 ips'c
437 421 610 475 commotus
627 407 780 488 celeriter,
804 409 832 470 si
853 407 909 470 illa
931 409 1072 490 sentiret,
1095 408 1170 474 fore

204 517 277 560 eum
299 519 407 560 secum
429 497 591 559 affirmans
614 494 656 557 ad
675 516 751 558 suos
767 493 894 556 dimisit.
916 492 976 556 Ille
991 503 1027 556 ut
1040 516 1081 557 ex
1095 517 1168 558 oar-

138 621 142 626 ·
204 581 328 645 ceribus
349 583 383 645 in
405 581 539 645 liberum
563 601 688 644 cursum
707 580 844 642 emissus
867 579 946 642 adeo
962 576 1169 644 contraCae·

203 689 307 730 sarem
329 669 444 731 acriter
466 665 586 730 bellum
600 685 712 750 gerere
728 665 841 748 coepit,
863 674 899 728 ut
912 663 1066 746 lacrimas,
1083 688 1168 751 quas

203 754 236 816 in
260 751 417 838 colloquio
439 753 627 836 proiecerat,
657 749 772 834 gaudio
793 749 954 812 videretur
972 749 1166 834 profudisse.

201 837 366 901 Aecidisse
388 838 448 901 hoc
471 835 647 921 complures
671 834 819 898 Caesaris
835 833 940 920 legati,
964 836 1066 918 amici,
1090 859 1166 900 oen-

204 924 346 986 turiones
369 922 547 1007 militesque
570 920 781 1001 laetabantur,
812 919 897 1003 quod
917 922 1015 984 nimia
1036 920 1166 985 bonitas

202 1010 270 1072 eius
292 1007 425 1072 fallaciis
446 1009 538 1092 pueri
560 1007 649 1070 elusa
672 1015 765 1070 esset.
789 1005 890 1085 Quasi
903 1023 980 1069 vero
995 1005 1028 1069 id
1043 1005 1168 1070 Caesar

201 1093 340 1157 bonitate
362 1101 483 1156 tantum
506 1091 660 1155 adductus
683 1113 721 1154 ac
742 1112 807 1154 non
825 1090 1072 1175 prudentissimo
1088 1114 1164 1156 con-

202 1178 271 1242 silio
294 1179 431 1241 fecisset.

265 1264 316 1326 25.
341 1263 446 1342 Quum
479 1263 559 1326 duce
588 1285 696 1325 assum
719 1271 751 1324 to
773 1260 984 1325 Alexandrini
1005 1261 1102 1326 nihilo
1128 1286 1166 1328 se

201 1350 356 1412 firmiores
378 1349 477 1413 factos
501 1357 555 1418 aut
584 1284 798 1432 languidiores
830 1347 990 1410 Romanos
1023 1348 1164 1412 animad-

200 1442 362 1497 verterent
384 1433 648 1518 eludentibusque
670 1432 823 1495 militibus
852 1433 937 1515 regis
960 1442 1095 1496 aetatem
1117 1444 1160 1497 at·

201 1541 262 1605 que
283 1519 495 1582 infirmitatem
518 1541 667 1602 magnum
691 1517 834 1581 dolorem
856 1519 1037 1603 acciperent
1056 1541 1166 1604 neque

201 1625 236 1667 se
259 1607 427 1690 quicquam
449 1605 603 1690 proficere
625 1603 781 1682 viderent,
805 1625 1013 1687 rumoresque
1028 1605 1163 1668 exsiste-

199 1699 279 1771 rent,
303 1711 418 1774 magna
441 1691 572 1754 Caesari
587 1689 748 1774 praesidia
763 1690 906 1753 terrestri
921 1689 1042 1770 itinere,
1066 1689 1164 1774 Syria

201 1774 388 1860 Ciliciaque,
412 1775 533 1856 adduci,
572 1774 656 1861 quod
689 1773 829 1838 nondum
863 1773 1006 1837 auditum
1029 1774 1163 1840 Caesari

198 1870 277 1941 erat,
301 1871 518 1940 commeatum,
554 1862 609 1946 qui
641 1861 723 1922 mari
755 1859 873 1922 nostris
907 1861 1162 1944 supportabatur,

198 1948 386 2030 intercipere
410 1954 595 2008 statuerunt.
616 1945 730 2030 Itaque
752 1945 908 2029 expeditis
930 1948 1065 2030 navigiis
1081 1946 1163 2012 locis

200 2031 321 2094 idoneis
344 2033 384 2095 ad
407 2030 571 2114 Canopum
599 2034 631 2111 in
665 2032 800 2094 statione
833 2030 992 2115 dispositis
1022 2032 1163 2108 navibus

198 2115 430 2180 insidiabantur
451 2117 570 2180 nostris
593 2119 850 2193 commeatuique.
886 2115 980 2194 Quod
1000 2117 1057 2180 ubi
1080 2117 1160 2182 Cae·

202 2203 265 2264 sari
285 2203 463 2265 nuntiatum
487 2211 543 2282 est,
568 2223 658 2265 suam
681 2199 817 2264 classem
838 2200 927 2264 iubet
946 2203 1093 2288 expediri
1115 2214 1162 2268 at-

220 2309 260 2350 ue
281 2289 405 2350 instrui.
427 2286 574 2350 Praeficit
595 2287 670 2351 huio
693 2286 855 2350 Tiberium
876 2287 1047 2351 Neronem.
1084 2289 1162 2354 Pro·

197 2309 381 2435 ficiscuntur
402 2375 436 2434 in
459 2395 497 2435 ea
519 2372 621 2436 classe
643 2371 786 2436 Rhodiae
808 2393 908 2436 naves
938 2383 1032 2457 atque
1054 2375 1088 2436 in
1111 2374 1162 2440 bis

195 2456 398 2540 Euphranor,
433 2459 501 2520 sine
535 2481 597 2544 quo
629 2455 718 2524 nulla
740 2480 890 2542 umquam
912 2457 1072 2523 dimicatio
1095 2483 1163 2523 ma-

198 2543 313 2622 ritima,
336 2541 424 2606 nulla
446 2544 541 2606 etiam
563 2565 676 2628 parum
691 2542 825 2606 feliciter
848 2543 993 2608 confecta
1015 2554 1094 2608 erat.
1118 2545 1163 2608 At

198 2627 333 2709 fortuna,
368 2651 450 2712 quae
472 2628 660 2714 plerumque
684 2650 748 2709 eos,
773 2650 851 2712 quos
873 2628 1018 2713 plurimis
1041 2630 1162 2694 benefi-

197 2714 255 2776 ciis
278 2716 411 2795 ornavit,
434 2713 476 2776 ad
498 2713 658 2778 duriorem
693 2735 800 2777 casum
833 2726 986 2795 reservat,
1020 2717 1163 2801 superio-

197 2821 266 2861 rum
289 2807 466 2883 temporum
489 2799 652 2864 dissimilis
672 2799 914 2884 Euphranorem
946 2799 1163 2886 prosequeba-

196 2892 256 2946 tur.
279 2884 361 2946 Nam
384 2905 480 2969 quum
502 2885 543 2948 ad
566 2884 733 2970 Canopum
754 2895 886 2948 ventum
918 2895 1011 2967 esset,
1043 2888 1162 2948 instru-

197 2978 309 3054 ctaque
331 2971 489 3054 utrimque
512 2969 623 3034 classis
646 2969 853 3050 conflixisset,
888 2979 919 3033 et
941 2992 999 3033 sua
1028 2991 1162 3035 consue-

195 3054 304 3118 tudine
332 3054 521 3138 Euphranor
554 3057 674 3141 primus
706 3055 863 3141 proelium
895 3056 1106 3119 commisisset
1130 3065 1164 3119 et

169 3140 356 3230 ‘triremem
378 3139 515 3204 bostium
536 3141 729 3226 perforasset
751 3163 789 3204 ac
811 3141 1023 3222 demersisset,
1052 3144 1163 3226 proxi-

195 3245 280 3288 mam
301 3224 426 3308 longius
448 3228 607 3290 insecutus
629 3249 740 3311 parum
758 3226 906 3290 celeriter.
918 3225 1162 3311 insequentibus

194 3309 326 3394 reliquis
349 3311 582 3374 circumventus
605 3312 645 3374 ab
667 3311 896 3377 Alexandrinis
920 3320 977 3375 est.
1002 3310 1063 3374 Cui
1085 3309 1163 3375 sub·

195 3397 310 3467 sidium
332 3417 425 3460 nemo
447 3395 526 3476 tulit,
558 3398 626 3460 sive
648 3396 732 3484 quod
753 3399 786 3460 in
808 3399 878 3482 ipso
901 3398 978 3460 satis
1006 3396 1163 3480 praesidii

194 3502 253 3564 pro
274 3481 391 3544 virtute
424 3504 461 3544 ae
491 3481 641 3547 felicitate
679 3485 745 3546 eius
781 3493 937 3567 putarent,
968 3503 1050 3563 esse,
1088 3483 1162 3548 sive
