2562 3970
192 244 364 312 LXXVIII
542 247 799 314 PRAEFATIO.

193 426 269 482 aunt
290 419 323 481 in
346 419 415 482 aod.
438 417 526 483 Laid.
550 440 607 504 pr,
631 441 727 503 quum
749 418 865 484 habeat
891 425 1030 488 adrosis
1051 429 1148 484 muni-

194 508 327 568 tionibus
336 526 343 582 ,
353 504 391 566 'in
406 502 542 568 Vindob.
555 527 603 589 pr.
621 514 652 568 et
663 502 937 590 Oudendorpianis
953 503 1041 568 libris
1057 527 1148 589 prae·

193 589 309 674 positio
337 599 450 653 exstat.
473 627 512 636 —
538 587 657 653 Contra
684 591 805 654 removi
831 589 1019 677 particulam
1051 604 1149 654 tmnen

195 691 290 760 quam
322 673 535 760 Nipperdeius
558 696 598 738 ex
620 674 720 740 Paris.
745 697 807 739 seo.
831 685 862 738 et
882 674 971 738 Leid.
996 697 1042 759 pr.
1065 676 1149 740 inse·

194 760 258 822 ruit
278 758 404 822 verbis:
428 765 494 826 Hos
503 767 674 840 praecipue
690 768 720 824 in
736 769 867 826 uictoria
880 767 1043 824 insolentes
1052 779 1147 838 prae-

195 865 347 910 cursuros
369 857 397 909 et
418 853 486 910 toea
508 853 680 910 excelsiora
703 859 791 924 atque
813 853 953 922 aedificia
980 858 1145 922 occupam-

195 951 250 994 ros
258 955 270 1004 ;
293 937 336 992 ita
351 942 474 994 tamen
488 937 566 1009 supa
581 939 768 1009 nauibusque
783 945 908 996 nostros
921 937 1148 1008 prohibituros.

196 1011 269 1092 Qua
290 1015 323 1076 vi
345 1015 397 1078 hio
418 1018 521 1100 posita
545 1017 585 1080 sit
607 1015 795 1080 adversandi
810 1015 974 1100 particula,
997 1016 1147 1100 equidem

195 1121 260 1164 non
293 1099 395 1164 video.
421 1101 501 1164 Orba
522 1110 570 1164 est
591 1100 734 1182 fortasse,
758 1124 854 1186 quum
877 1122 985 1166 errore
1015 1101 1150 1185 repetita

196 1192 282 1274 esset
303 1184 408 1248 finalis
432 1185 553 1272 syllaba
576 1185 790 1250 antecedentis
819 1185 967 1250 vocabuli
976 1193 1045 1266 i·ta3
1059 1186 1151 1248 abest

194 1269 305 1418 phaed.
330 1270 425 1334 Vind.
449 1281 480 1335 et
494 1270 625 1356 reliquis
647 1283 773 1356 praeter
795 1294 858 1346 eos,
884 1293 961 1359 quos
976 1271 1147 1350 nominavi,

209 1376 305 1418 tros.

261 1439 297 1504 O.
313 1441 352 1503 13
371 1444 494 1504 removi
504 1463 612 1522 aneos,
630 1440 745 1526 quibus
759 1441 797 1504 N.
813 1462 925 1504 vocem
941 1449 1038 1523 litore,
1055 1463 1149 1527 quarn

113 1552 118 1567 ,
197 1547 306 1590 omnes
322 1525 396 1589 libri
409 1549 483 1590 mss.
500 1527 626 1607 habent,
648 1526 776 1590 inclusit
796 1533 924 1600 (Caesar
946 1548 1039 1592 nuoes
1061 1532 1153 1590 VIIII

196 1617 326 1676 babebat
353 1649 394 1660 -
424 1635 493 1676 nam
522 1619 621 1676 decem
649 1621 750 1676 missis
772 1635 833 1676 rena
856 1620 887 1675 in
917 1633 1010 1676 eursu
1033 1621 1150 1677 litore

201 1702 351 1776 Auppptio
378 1704 621 1776 defecerat—);
651 1719 707 1760 eur
737 1699 821 1760 enim
847 1696 949 1762 verba
977 1698 1020 1778 ,in
1045 1700 1151 1760 oursu‘

198 1791 231 1856 et
251 1781 353 1864 ,litore
374 1783 553 1930 Aegyptia,
577 1784 658 1845 inter
674 1805 708 1845 se
730 1783 887 1845 bonnaria
908 1783 979 1864 sint,
1004 1781 1152 1868 equidem

197 1889 262 1930 non
282 1867 385 1931 video.
448 1889 507 1930 ane
537 1889 647 1930 cursus
670 1870 702 1930 in
732 1867 822 1931 litore
856 1868 1019 1953 Aegyptio·
1044 1867 1150 1932 finitus
1222 1919 1225 1923 .

198 1962 276 2038 erat,
300 1961 331 2015 at
352 1975 415 2016 non
437 1954 470 2014 in
486 1954 596 2038 quovis
612 1952 711 2016 litoris
727 1952 796 2016 loco
813 1953 972 2016 confectus
988 1964 1064 2032 erat,
1087 1955 1150 2018 imo

197 2037 369 2102 verisimile
391 2045 448 2118 est,
471 2059 571 2101 naves
594 2037 703 2102 Rhodo
719 2038 871 2102 advectae
892 2049 1058 2123 antequam
1074 2037 1150 2100 Ale·

197 2122 365 2186 xandriam
387 2125 600 2208 pervenirent,
625 2123 797 2188 seeundum
818 2123 958 2207 Aegypti
986 2123 1059 2185 litus
1082 2145 1152 2185 our·

198 2228 268 2271 siun
295 2207 417 2272 fecisse.
461 2207 618 2291 Displicet
645 2211 740 2274 etiarn
769 2210 802 2270 in
827 2207 1011 2292 Nipperdeii
1032 2208 1150 2286 verbiS,

220 2292 284 2356 uod
306 2293 396 2356 deest
416 2291 478 2356 loci
501 2295 696 2378 significatio,
718 2293 772 2356 ubi
795 2297 885 2355 navis
906 2292 1064 2356 defecerit.
1086 2292 1152 2355 De·

197 2315 310 2442 iecisse
332 2379 366 2440 in
389 2400 482 2442 eursu
507 2379 664 2465 Aegyptio
687 2381 779 2442 etism
804 2378 842 2440 de
871 2380 945 2440 nari
974 2377 1154 2462 praedicari

197 2472 320 2548 posset,
355 2485 435 2548 quae
465 2487 560 2550 quum
593 2486 634 2527 ex
662 2464 770 2528 Rhodi
789 2473 881 2547 portu
909 2463 965 2524 vix
994 2461 1151 2542 solvisset,

198 2549 233 2612 in
254 2549 325 2656 ipsa
345 2548 468 2613 insulse
489 2551 606 2612 vicinia
627 2549 825 2632 naufragium
851 2547 933 2611 feeit.

212 2693 213 2698 ,
266 2633 332 2698 sub
355 2635 450 2698 finem
473 2636 557 2699 alb
572 2634 610 2700 N.
627 2634 706 2698 haeo
722 2633 834 2698 edidit:
857 2640 963 2712 Itaque
978 2640 1036 2699 boc
1052 2642 1155 2702 animo

200 2731 247 2784 est
268 2727 459 2796 decertatum,
483 2735 515 2784 ut
529 2742 624 2800 neque
646 2729 802 2784 maritimis
824 2728 1014 2799 nauticispae
1028 2727 1155 2787 solertia

201 2817 292 2885 utque
314 2829 369 2870 ars
386 2813 577 2886 praesidium
597 2812 707 2883 ferret,
743 2827 838 2884 neque
873 2827 996 2870 numero
1030 2815 1154 2872 nautum

199 2897 430 2972 praestantibus
462 2897 618 2956 multitudo
641 2897 828 2970 prodesset,
863 2913 959 2970 neque
986 2899 1091 2972 flexi
1113 2901 1157 2958 ad

200 2985 337 3042 uirtutem
365 2999 381 3042 a
417 2987 500 3040 tanta
533 2983 720 3040 multitudine
751 2984 813 3040 uiri
843 2984 949 3040 uirtuti
979 2990 1154 3044 nostrorum

197 3077 326 3142 possent
347 3069 530 3148 adaequare.
567 3061 657 3126 Libri
679 3061 797 3125 habent
815 3070 913 3140 tinctu
933 3071 1011 3140 nent
1031 3066 1154 3149 primus

199 3145 376 3213 Beroaldus
400 3145 507 3210 edidit
540 3148 584 3211 At
605 3148 660 3212 vix
682 3157 767 3211 reate
790 3149 934 3212 dicuntur
946 3156 1022 3226 flexi
1036 3156 1077 3214 ud
1089 3159 1154 3213 uir·

200 3245 288 3300 tutem
310 3235 375 3318 ,qui
403 3233 518 3296 omissa
540 3243 607 3297 arte
634 3243 664 3296 et
691 3233 835 3315 solertia,
866 3256 927 3320 qua
954 3233 1033 3297 nihil
1059 3234 1154 3319 proti·

200 3317 343 3400 aiebant,
377 3317 418 3382 ad
444 3341 556 3382 manus
586 3330 618 3382 et
644 3321 783 3403 corpons
812 3319 898 3383 vires
930 3319 1156 3402 vertebantur,

201 3405 288 3478 reete
311 3405 356 3467 sic
379 3403 558 3467 dicerentur
579 3426 643 3468 non
665 3404 727 3467 nisi
748 3405 784 3484 ii,
816 3406 869 3489 qui
891 3417 1058 3490 antequam
1075 3403 1155 3471 *tiee-

1266 3231 1268 3278 l

201 3493 351 3569 tarentin,
365 3491 408 3551 se
418 3485 547 3554 aversos
563 3511 582 3553 a
596 3491 712 3552 virtrrte
728 3498 759 3552 et
773 3491 906 3574 ignavos
921 3491 1154 3574 praestiterant.
1267 3507 1268 3536 i
