2490 3974
375 277 521 344 CAPUT
542 277 678 342 58-60.
947 276 1009 341 217

43 471 175 538 quoquc
198 471 271 514 enm
293 471 391 514 causa
411 448 558 530 tardarit,
581 449 667 535 quod
689 459 758 512 erat
779 447 866 512 locus
883 447 1011 535 quidam

42 535 277 623 perimpeditns
300 545 373 600 ante
395 536 495 598 aciem
518 531 685 620 Scipionis,
710 557 803 620 quem
825 535 890 598 suis
912 535 1011 618 impe-

44 623 189 690 dimento
212 621 253 686 ad
274 619 358 684 ultra
380 619 609 684 occurrendum
632 620 699 684 fore
723 619 933 683 existimabat.

112 706 165 770 59.
189 706 260 770 Non
282 704 420 770 arbitror
434 727 505 768 esse
525 705 847 790 praetermittendum,
864 704 1012 790 quemad-

44 791 178 858 modum
200 795 358 856 exercitus
379 792 542 875 utriusque
557 791 674 854 fuerint
689 793 722 853 in
734 793 833 854 aciem
856 791 1012 852 instructi.

45 878 158 962 Scipio
180 878 239 942 hoc
260 877 354 956 modo
378 876 479 939 aciem
498 875 622 938 direxit.
647 875 833 940 Collocabat
855 877 888 937 in
909 876 1013 938 fronte

44 985 122 1028 suas
145 971 177 1026 et
197 961 296 1026 Iubae
318 961 468 1045 legiones,
499 970 571 1046 post
598 983 652 1024 eas
680 971 784 1026 autern
806 961 958 1024 Numidas
980 961 1012 1022 in

46 1047 240 1111 subsidiaria
268 1048 335 1110 acie
363 1048 409 1109 ita
438 1056 624 1110 extenuatos
657 1058 689 1110 et
716 1049 749 1110 in
783 1045 1012 1132 longitudinem

46 1133 198 1214 directos,
221 1141 256 1196 ut
276 1129 387 1217 procul
410 1131 547 1216 simplex
570 1154 640 1196 esse
671 1134 755 1195 acies
777 1132 883 1194 media
906 1130 946 1194 ab
970 1130 1013 1194 le-

46 1219 200 1302 gionariis
223 1216 375 1280 militibus
397 1217 558 1280 videretur
582 1219 625 1296 [in
655 1217 805 1282 cornibus
828 1227 933 1280 autem
957 1216 1012 1278 du-

46 1303 126 1388 plex
149 1324 220 1368 esse
241 1301 504 1388 existimabaturl.
527 1301 722 1387 Elephantos
745 1302 857 1366 dextro
873 1303 1012 1365 sinistro-

48 1410 112 1473 que
139 1411 238 1453 cornu
268 1387 481 1452 collocaverat
509 1387 694 1472 aequalibus
724 1393 806 1451 inter
835 1409 889 1452 eos
917 1389 1013 1450 inter·

47 1473 142 1536 vallis
172 1473 355 1554 interiectis,
384 1482 457 1557 post
479 1481 582 1536 sutem
617 1473 802 1558 elephantos
836 1483 1013 1537 annaturas

48 1558 139 1622 leves
161 1557 376 1644 Numidasque
396 1557 568 1622 auxiliares
591 1558 807 1622 substitueres
829 1559 1015 1644 Equitatnm

47 1644 207 1708 frenatum
223 1645 405 1706 universum
420 1645 453 1707 in
468 1665 525 1707 suo
540 1643 652 1708 dextro
677 1665 775 1708 cornu
797 1644 1011 1729 disposuerat:

49 1729 213 1793 sinistrum
246 1729 331 1792 enim
367 1750 466 1791 cornu
502 1729 618 1813 oppido
654 1729 762 1794 Uzitta
796 1728 1012 1810 claudebatur,

49 1836 154 1899 neque
177 1823 246 1878 erat
268 1815 404 1899 spatium
426 1814 584 1899 equitatus
607 1814 798 1900 explicandi.
843 1814 1014 1878 Praeterea

48 1898 203 1963 Numidas
226 1899 370 1985 levisque
393 1907 571 1963 armaturae
601 1900 756 1964 infinitam
778 1899 1014 1963 multitudinem

50 1983 92 2047 ad
114 1983 258 2048 dextram
279 1993 407 2068 partem-
426 2005 503 2048 suae
526 1987 605 2050 aciei
635 1995 825 2072 opposuerat
845 1985 913 2048 sere
936 1985 1014 2046 inte-

49 2070 149 2134 riecto
170 2092 235 2134 non
256 2071 360 2132 minus
386 2069 473 2133 mille
500 2094 652 2220 passuum
682 2073 784 2156 spatio
807 2079 839 2134 et
860 2069 901 2133 ad
923 2068 1013 2133 collis

49 2155 174 2218 radices
196 2157 299 2238 magis
320 2153 486 2239 appulerat

52 2241 179 2326 suisque
202 2241 300 2325 copiis
320 2242 535 2323 promovebat,
556 2243 589 2306 id
611 2243 672 2306 hoc
687 2241 827 2324 consilio,
851 2249 894 2322 ut,
918 2261 1013 2326 quum

51 2328 135 2390 acies
158 2326 240 2389 duae
262 2329 345 2390 inter
368 2346 403 2388 se
425 2330 709 2408 concucurrissent,
725 2328 813 2392 initio
834 2327 1013 2392 certaminis

50 2410 144 2496 paulo
166 2409 290 2494 longius
313 2411 381 2473 eins
404 2413 560 2496 equitatus
581 2415 811 2477 circumvectus
834 2435 875 2476 ex
897 2414 1011 2496 impro

51 2499 119 2560 viso
142 2494 304 2561 clauderet
335 2495 536 2561 multitudine
570 2521 628 2562 sua
661 2500 834 2562 exercitum
864 2496 1013 2561 Caesaris

513 2159 688 2243 onginsque
704 2156 744 2220 ab
761 2157 1015 2222 adversariorum

52 2593 145 2667 atque
166 2582 384 2667 perturbatum
406 2583 517 2647 iaculis
540 2585 721 2670 configeret.
745 2583 835 2647 Haec
856 2583 914 2646 fuit
933 2584 1014 2647 ratio

52 2667 205 2752 Scipionis
229 2690 266 2732 eo
288 2668 339 2731 die
360 2667 547 2751 proeliandi.
664 2702 669 2714 ·
931 2681 934 2694 ³

115 2753 163 2816 60.
189 2752 336 2818 Caesaris
359 2763 463 2816 autem
480 2756 564 2818 acics
580 2755 640 2819 hoc
661 2755 754 2820 modo
769 2756 828 2819 t'uit
849 2753 1013 2834 collocata,

53 2846 87 2902 ut
108 2838 148 2901 ab
171 2840 297 2904 sinistro
321 2839 388 2902 cius
412 2859 511 2903 cornu
527 2840 634 2904 ordiar
656 2850 688 2904 et
710 2839 751 2904 ad
773 2841 920 2906 dextrum
942 2860 1013 2924 pcr-

53 2925 185 2987 veniam.
210 2924 330 2990 Habuit
351 2923 508 3008 legionem
538 2933 574 3007 X,
598 2934 669 2987 Vllll
684 2993 686 2997 ,
700 2928 733 3002 in
751 2928 882 2989 sinistro
905 2945 1013 3004 cornu,

53 3017 138 3091 xxv,
161 3015 286 3093 xxvnl,
310 3017 739 3094 xnr,xnn,xxvnn,xxv1
760 3013 792 3075 in
815 3010 920 3074 media
934 3011 1014 3073 acie.

53 3096 90 3159 In
111 3117 166 3161 suo
189 3107 295 3160 autern
325 3099 438 3161 dextro
469 3117 568 3160 comu
590 3121 607 3162 e
631 3097 771 3162 secunda
799 3097 868 3160 acie
890 3105 1014 3159 vetera·

55 3203 161 3246 narum
178 3181 339 3268 legionum
354 3193 477 3268 partem
493 3183 669 3246 cohortium
685 3181 906 3262 collocaverat,
922 3201 1014 3265 prae·

55 3279 138 3331 tersa
159 3289 200 3332 ex
226 3270 364 3334 tironum
394 3289 514 3354 paucas
546 3268 713 3332 adiecerat.
745 3260 885 3332 Tertiam
907 3273 1013 3329 autem

56 3353 154 3416 aciem¹
171 3355 205 3417 in
227 3356 388 3419 sinistrum
412 3375 503 3417 snum
534 3375 632 3418 cornu
654 3352 832 3417 contulerat
859 3359 891 3414 et
911 3371 1013 3437 usqne

58 3436 94 3499 ad
123 3440 200 3502 aciei
231 3461 308 3504 suae
337 3439 474 3504 mediam
508 3439 665 3525 legionem
691 3444 883 3523 porrexerat
912 3445 944 3499 et
970 3437 1015 3499 ita

58 3521 269 3607 collocaverat,
292 3529 339 3591 nti
361 3527 523 3590 sinistrum
545 3545 637 3588 suum
660 3545 759 3587 cornu
781 3520 898 3606 triplex
920 3529 1013 3585 esset.
