2534 3970
362 231 497 297 comt.
519 231 536 294 Ι
558 230 651 296 ΟΑΡ.
673 229 810 295 48-51.
1020 225 1062 292 33

105 406 176 468 nire
199 405 300 468 iussit.
344 401 518 469 Hioloous
541 401 580 467 ab
602 403 693 466 hoste
715 401 840 465 oiroiter
860 422 974 486 passus
994 421 1064 464 sex·

107 499 227 571 eentos,
251 491 297 552 uti
319 489 436 553 dictum
458 498 515 572 est,
540 487 659 554 aberat.
686 487 736 550 Eo
759 488 883 551 circiter
903 486 1065 550 hominum

29 585 41 602 ’
107 596 241 638 numero
264 573 403 639 sedecim
423 574 511 640 milia
532 573 682 660 expedita
707 594 779 636 cum
808 573 893 637 omni
925 572 1066 656 equitatu

107 661 290 724 Ariovistus
316 661 417 742 misit,
447 682 529 747 quae
556 661 666 745 copiae
699 668 823 722 nostros
856 663 1067 743 perterrerent

110 756 141 810 et
161 747 335 811 munitione
356 745 568 831 prohiberent.
611 743 718 808 Nihilo
745 745 847 808 secius
871 741 1003 824 Caesar,
1032 748 1068 804 ut

112 840 184 894 ante
208 833 422 912 constituerat,
445 830 524 894 duas
546 831 630 896 acies
653 830 776 894 hostem
789 827 984 915 propulsare,
1006 836 1068 892 ter·

112 917 187 979 tiam
210 937 289 1002 opus
333 917 463 980 erficere
484 917 583 980 iussit.
627 915 756 979 Munitis
785 915 895 978 castris
923 913 1002 977 duas
1023 911 1069 974 ibi

113 1000 254 1086 legiones
274 939 403 1088 reliquit
426 1011 457 1065 et
470 1011 592 1087 partem
606 1001 811 1082 auxiliorum,
835 1008 980 1086 quattuor
997 996 1069 1063 reli·

113 1109 190 1172 quas
213 1089 247 1150 in
269 1096 371 1151 eastra
392 1088 511 1151 maiora
531 1086 666 1152 reduxit.

198 1171 251 1235 50.
273 1172 423 1236 Proximo
445 1171 497 1236 die
526 1174 666 1242 instituto
689 1194 746 1238 suo
769 1170 888 1236 Caesar
911 1193 928 1235 e
960 1172 1070 1234 castris

112 1259 256 1342 utrisque
279 1259 387 1343 copias
416 1280 490 1322 suas
513 1258 622 1322 eduxit
643 1258 836 1345 paulumque
859 1279 878 1320 a
898 1254 1071 1320 maioribus

114 1343 226 1406 eastris
248 1365 435 1428 progressus
457 1345 563 1410 aciem
579 1346 737 1425 instruxit,
753 1342 896 1408 hostibus
910 1341 1072 1428 pugnandi

112 1436 303 1513 potestatem
334 1429 416 1493 fecit.
459 1429 525 1493 Ubi
550 1453 591 1494 ne
617 1439 683 1494 tum
710 1429 838 1516 quidem
865 1451 918 1494 eos
945 1427 1073 1514 prodire

112 1512 285 1596 intellexit,
309 1515 434 1579 circiter
459 1515 623 1579 meridiem
645 1517 821 1581 exercitum
842 1517 877 1578 in
899 1523 1004 1578 eastra
1024 1535 1073 1578 re-

114 1596 214 1662 duxit.
244 1598 327 1663 Tum
349 1600 474 1664 demum
495 1600 675 1666 Ariovistus
696 1610 818 1687 partem
841 1621 969 1665 suarum
991 1599 1074 1684 eopi-

115 1705 220 1766 arum,
244 1707 325 1771 quae
348 1695 453 1750 castra
469 1687 591 1752 minora
605 1696 810 1773 oppugnaret,
832 1687 926 1750 misit
949 1684 1075 1748 Acriter

114 1770 274 1856 utrimque
299 1793 401 1857 usque
427 1771 468 1836 ad
492 1795 661 1858 vesperum
686 1795 729 1858 pu
775 1781 860 1836 atum
895 1781 953 1836 est.
991 1769 1074 1834 Solis

116 1876 232 1920 occasu
254 1878 328 1920 suas
355 1859 463 1943 copias
482 1857 661 1922 Ariovistus
683 1882 714 1921 m
750 1860 790 1922 tis
807 1867 838 1922 et
858 1856 955 1922 illatis
971 1865 1003 1920 et
1025 1877 1075 1920 ae-

118 1942 217 2027 oeptis
233 1941 419 2006 vulneribus
434 1945 468 2007 in
483 1953 588 2009 eastra
606 1945 741 2008 reduxit.
766 1942 872 2023 Quum
887 1965 927 2007 ex
943 1941 1076 2028 captivis

117 2038 285 2112 quaereret
335 2027 472 2112 Caesar,
502 2029 711 2115 quamobrem
742 2030 923 2093 Ariovistus
948 2026 1076 2178 proelio

117 2134 181 2177 non
205 2113 394 2196 decertaret,
417 2114 499 2178 hanc
521 2114 701 2202 reperiebat
722 2137 861 2197 eausam,
904 2138 946 2180 uo

119 2195 298 2264 Germanos
306 2222 344 2264 ea
355 2201 547 2265 consuetudo
557 2212 650 2283 esset,
661 2200 840 2266 utmatresf
890 2201 1077 2264 ’'aeeorum

120 2283 257 2349 sortibus
280 2294 311 2348 et
331 2287 607 2352 vaticinationibus
630 2286 841 2370 declararent,
867 2295 972 2350 utrum
986 2306 1077 2371 proe-

120 2368 197 2434 lium
221 2372 372 2435 committi
394 2393 435 2435 ex
457 2395 518 2437 usu
550 2383 643 2456 esset,
666 2394 783 2456 neone,
806 2393 861 2435 eas
882 2373 927 2436 ita
956 2370 1077 2435 dicere:

119 2478 184 2519 non
215 2477 285 2519 esse
314 2457 362 2520 fas
396 2456 571 2522 Germanos
602 2481 771 2545 superare,
806 2458 833 2521 si
862 2467 936 2521 ante
962 2478 1079 2522 novam

121 2539 228 2604 lunam
243 2542 363 2626 proeho
379 2543 622 2608 contendissent.

184 2626 238 2689 51.
260 2626 416 2693 Postridie
432 2629 499 2693 eius
515 2629 579 2694 diei
595 2628 715 2694 Caesar
729 2628 925 2715 praesidium
939 2629 1079 2713 utrisque

124 2712 251 2794 castris,
275 2713 360 2798 quod
387 2716 462 2779 satis
489 2737 559 2779 esse
587 2718 692 2779 visum
718 2724 775 2800 est,
805 2713 942 2799 reliquit,
970 2733 1080 2778 omnes

124 2796 240 2861 alarios
267 2799 301 2861 in
330 2809 502 2885 conspectu
529 2801 666 2867 hostium
710 2823 745 2866 ro
772 2801 884 2863 castris
905 2797 1080 2863 minoribus

124 2883 294 2964 constituit,
322 2885 406 2970 quod
427 2887 530 2974 minus
552 2887 676 2951 multitu
701 2889 707 2902 '
733 2908 751 2949 e
780 2885 913 2950 militum
942 2883 1080 2969 legione

124 2970 242 3033 riorum
264 2991 322 3053 pro
343 2971 480 3034 hostium
506 2994 638 3036 numero
660 2971 797 3053 valebat,
823 2978 858 3032 ut
880 2969 921 3033 ad
943 2970 1082 3056 speeiem

127 3053 231 3117 alariis
254 3064 409 3138 uteretur3
432 3057 500 3141 ipse
521 3060 561 3121 tri
584 3057 637 3122 lici
658 3059 814 3122 instructa
835 3056 903 3118 acie
925 3053 1082 3140 usquead

127 3149 230 3202 eastra
244 3139 382 3204 hostium
396 3147 539 3207 accessit
561 3081 644 3208 l'um
659 3143 785 3207 demum
802 3141 982 3204 necessario
1002 3138 1081 3205 Ger·

128 3225 210 3288 mani
245 3248 318 3289 suas
352 3229 459 3313 copias
492 3230 604 3293 castris
637 3230 816 3294 eduxerunt
844 3225 1082 3310 generatimque

130 3312 356 3376 constituerunt
385 3312 515 3398 paribus
546 3314 731 3394 intervallis,
764 3310 928 3392 Harudes,
961 3309 1083 3374 Mareo-

130 3418 252 3480 manos,
288 3397 455 3482 Triboees,
488 3399 688 3486 Vangiones,
720 3398 886 3478 Nemetes,
921 3392 1082 3495 Sedusios,

132 3479 266 3566 Suebos,
294 3505 483 3572 omnemque
504 3489 605 3551 aciem
630 3509 720 3552 suam
741 3482 827 3548 redis
850 3489 882 3628 e3t
903 3501 1001 3544 carrus
1023 3481 1083 3544 cir·

185 3597 251 3628 „m
429 3595 433 3606 .

992 2112 1077 2198 apud
