2532 3968
450 269 706 337 PRAEFATIO.
943 272 1055 340 XXIII

104 441 238 508 formam
262 442 387 525 abiisse,
411 463 506 526 quum
521 443 697 508 sexcenties
719 443 752 506 in
773 442 863 506 libris
885 443 960 508 Mss.
983 465 1055 530 pec·

102 537 211 591 catum
243 531 284 592 sit
311 527 524 613 permutandis
553 527 673 591 voculis
708 535 780 593 hiric
808 535 891 594 hunc
913 536 973 594 huc
994 537 1054 607 hic,

105 614 200 677 etiam
228 623 330 698 patet,
359 613 514 699 quomodo
543 613 606 676 iam
633 612 774 699 reliquae
803 612 915 678 turbae
935 619 1056 680 moveri

103 699 271 783 potuerint.
312 698 375 777 Qui
396 701 479 763 enim
505 699 693 764 antecedens
722 697 910 763 vocabulum
933 707 1056 765 dorsum

102 804 147 845 ex
168 784 242 846 trita
261 785 383 847 ratione
405 795 515 848 neutro
530 805 646 866 genere
662 783 844 868 accipiebat,
867 786 930 848 iam
951 785 1054 850 facere

102 870 309 953 non'potuit,
340 871 418 955 quin·
441 877 522 936 hunc
550 870 591 933 ad
620 868 732 933 collem
755 879 847 936 antea
869 891 1054 936 commemm

102 962 219 1015 ratum
235 955 376 1018 referret
412 954 456 1018 At
483 956 597 1021 collem
612 976 761 1040 ‚aequum
791 955 853 1016 dici
874 957 1054 1020 necessario

102 1036 307 1120 displicebat,
340 1050 448 1103 contra
481 1041 676 1126 aptissimum
704 1039 871 1104 videbatur
900 1041 1055 1105 eiusmodi

103 1122 264 1207 epitheton
286 1123 324 1187 de
347 1125 441 1188 dorso
463 1126 529 1210 iugi
551 1125 678 1189 dictum.
710 1123 788 1188 Inde
809 1125 997 1206 factumest,
1020 1135 1055 1190 ut

104 1208 251 1291 epithetis
281 1211 476 1274 commutatis
503 1234 628 1290 aequum
655 1211 782 1274 dorsum
808 1209 1053 1294 praedicaretur,

101 1299 252 1355 silvestris
275 1305 377 1358 autem
401 1306 431 1358 et
453 1309 600 1373 cnpcsttts
615 1295 713 1359 collis.
752 1295 953 1360 Recentiores
969 1296 1054 1360 deni-

104 1398 165 1462 que
189 1379 297 1459 critici,
329 1402 422 1464 quum
446 1381 545 1444 verba
566 1381 672 1467 qualia
694 1383 757 1444 iam
779 1380 932 1444 adornata
954 1391 1053 1464 erant,

102 1468 185 1526 hunc
211 1471 375 1528 silvestrem
405 1480 432 1528 et
461 1480 620 1544 encastum
649 1466 689 1529 ad
715 1467 912 1529 remotiorem
942 1487 1055 1532 vocem

101 1554 206 1611 collem
238 1550 350 1612 referri
383 1573 446 1614 non
479 1574 573 1636 posse
603 1551 838 1634 intellegerent,
868 1550 1054 1634 posthabitis

100 1634 217 1696 ceteris
256 1634 489 1701 difficultatibus
532 1645 643 1702 dorsus
678 1637 739 1702 hoc
773 1636 842 1700 loco
879 1633 1053 1698 masculino

126 1734 219 1781 encre
242 1743 260 1781 a
282 1719 419 1784 Caesare
434 1733 618 1806 usurpatum
641 1739 727 1801 esse,
750 1721 999 1804 pronuntiarunt.
1012 1756 1053 1766 -—

101 1739 197 1880 δηθὰ
219 1805 259 1866 ad
281 1806 538 1888 significationem
560 1806 703 1870 adverbii
725 1814 796 1870 hinc
822 1807 946 1885 attinet,
977 1805 1052 1872 satis

100 1887 227 1952 videtur
248 1893 420 1971 monuisse,
442 1891 534 1976 plane
558 1893 669 1957 eadem
690 1893 723 1954 vi
743 1891 795 1954 hic
816 1892 949 1975 positum
973 1911 1052 1971 esse,

58 2031 63 2036 .
101 1995 165 2059 qua
188 1995 282 2058 supra
304 1975 358 2039 lib.
380 1975 429 2058 II,
458 1999 484 2040 c.
509 1978 548 2040 18
571 1978 688 2041 dictum
711 1986 773 2042 est:
797 1983 883 2040 cottis
907 2021 1052 2042 ......

96 2080 215 2140 passus
239 2068 362 2124 circiter
384 2070 529 2126 ducentos
552 2071 670 2139 infimus
700 2074 850 2139 opertus,
869 2067 913 2125 cb
943 2081 1038 2140 supr

100 2151 215 2208 riore
239 2160 357 2224 parte
383 2155 541 2210 silvestris.

165 2228 290 2293 Initium
314 2254 340 2294 c.
363 2232 404 2294 46
426 2234 458 2295 in
481 2231 570 2296 libris
586 2232 804 2317 manuscriptis
826 2241 858 2296 et
878 2231 963 2317 typis
977 2251 1052 2294 exa·
1077 2288 1080 2294 .

100 2315 179 2377 ratis
208 2316 253 2377 sic
281 2317 346 2379 fere
369 2318 496 2402 legitur:
533 2323 646 2398 Oppidi
673 2341 776 2381 murus
798 2323 835 2380 ab
853 2323 984 2397 plcnt'tt'c
1006 2328 1065 2379 et·v
1129 2392 1132 2397 Ι

101 2420 159 2478 que
182 2408 266 2464 initio
289 2423 434 2466 oscenses
456 2416 539 2467 recto
562 2411 697 2480 rectene.
720 2411 750 2466 st'
769 2409 869 2466 nultus
891 2408 1053 2481 anfractus

99 2491 308 2560 intercederet,
333 2493 413 2552 MCC
427 2510 543 2568 possus
565 2495 686 2553 oberat:
715 2495 858 2566 quicquid
878 2494 967 2552 huic
990 2494 1052 2550 etr--

100 2577 201 2634 cattas
231 2579 272 2636 sd
299 2579 484 2637 molliendum
507 2581 612 2637 clivum
639 2585 825 2655 accesserat,
863 2581 896 2638 t'd
922 2579 1052 2652 spatium

99 2662 220 2720 itineris
247 2664 382 2738 supetat.
420 2657 645 2742 Nipperdeius,
677 2659 726 2728 cui
756 2666 827 2723 huic
847 2681 910 2722 non
932 2656 1052 2722 habere

97 2740 277 2822 videbatur,
301 2764 361 2827 quo
383 2743 561 2824 referretur,
585 2767 680 2830 quum
701 2766 805 2829 neque
820 2743 861 2808 ad
876 2763 1051 2821 ascensum,

98 2847 203 2911 neque
233 2827 273 2889 ad
299 2828 427 2908 collem,
450 2829 656 2914 necdenique
679 2829 860 2892 adseclam
889 2828 1052 2912 regionem

98 2912 231 2975 circuitu
249 2912 419 2998 quidquam
434 2913 509 2976 addi
522 2925 638 2999 posset,
661 2923 720 2978 truc
741 2913 941 2978 scribendum
956 2911 1051 2994 idque

98 2996 148 3058 sd
172 3019 360 3081 passuum
380 3021 581 3062 numerum
604 2999 804 3064 referendum
820 3014 889 3063 esse
906 2997 1049 3060 coniecit.

98 3080 143 3145 At
164 3081 317 3147 insulsum
337 3094 368 3146 et
389 3086 528 3170 ineptum
545 3086 728 3169 scriptorem
745 3084 914 3148 Caesarem
930 3080 1052 3144 hebere

98 3186 230 3231 necesse
252 3178 309 3251 est,
332 3170 359 3232 si
382 3191 454 3234 eum
479 3171 560 3234 serio
585 3193 653 3234 rem
675 3170 744 3233 luce
767 3168 931 3233 clariorem
954 3185 1050 3310 expo-

99 3252 201 3316 suisse
227 3252 375 3334 facirnus,
406 3277 442 3320 eo
465 3255 549 3340 quod
571 3256 718 3319 circuitus
740 3254 782 3317 ad
803 3255 938 3339 spatium
958 3249 993 3312 M
1024 3246 1050 3311 O

97 3356 248 3420 passuum
275 3339 456 3422 accederet,
495 3341 628 3425 spatium
660 3363 730 3403 esse
757 3349 892 3403 auctum.
930 3335 1053 3407 Contra

98 3422 217 3506 optimo
247 3443 282 3486 se
307 3422 424 3490 hebere
453 3425 577 3490 videtur
603 3424 756 3490 librorum¹
777 3425 932 3508 scriptura
962 3429 1050 3497 huic,
1129 3431 1131 3436 ’

96 3525 195 3592 quum
218 3507 267 3588 id,
296 3508 379 3593 quod
400 3510 609 3596 Nipperdeius
637 3509 767 3592 obiecit,
791 3509 956 3593 quominus
980 3512 1054 3574 aaa
