2532 3968
200 167 265 261 are
459 193 520 258 on
542 191 685 258 amno
708 192 898 258 caturco

202 367 377 486 quaestoris
400 369 457 450 sui,
481 364 757 432 commendaverat
778 366 945 432 sacerdotii
965 367 1159 454 petitionem.

203 453 422 519 Contendebat
451 456 535 517 enim
556 454 658 540 gratia
680 476 777 538 quum
797 451 932 518 libenter
952 474 1010 540 pro
1032 452 1159 517 bomine

202 540 264 604 sibi
286 541 550 620 coniunctissimo,
574 561 667 625 quem
689 538 784 624 paulo
804 550 876 604 ante
891 539 1098 626 praemiserat
1120 538 1160 602 ad

201 626 393 712 petitionem,
416 635 482 689 tum
498 626 612 689 acriter
627 634 738 688 contra
751 627 919 690 factionem
934 635 965 690 et
985 625 1159 711 potentiam
1248 703 1249 714 ἵ

201 734 382 798 paucorum,
406 713 459 798 qui
479 711 522 774 M.
545 711 675 774 Antonii
695 710 823 797 repulsa
837 711 985 776 Caesaris
1008 709 1161 793 deceden-

201 801 241 862 tis
257 799 392 884 gratiam
407 796 584 862 convellere
600 796 776 883 cupiebant.
811 797 906 862 Hunc
928 800 987 861 etsi
1009 818 1161 882 augurem

202 886 290 969 prius
324 885 456 966 factum,
481 906 576 970 quam
603 883 743 946 Italiam·
761 885 945 970 attingeret,
979 885 1013 946 in
1048 883 1160 947 itinere

203 969 356 1051 audierat,
378 978 485 1033 tamen
507 991 570 1033 non
592 970 696 1032 minus
724 969 839 1033 iustam
862 969 922 1034 sibi
944 991 1072 1034 causam
1093 990 1160 1032 mu-

202 1057 319 1140 nicipia
340 1067 371 1120 et
394 1055 532 1121 colonias
555 1052 692 1118 adeundi
714 1056 915 1137 existimavit,
934 1065 969 1119 ut
982 1056 1020 1118 iis
1042 1057 1161 1139 gratias

202 1150 318 1226 ageret,
336 1141 419 1226 quod
433 1141 641 1226 frequentiam
656 1151 749 1228 atque
765 1141 900 1207 officium
917 1163 1009 1205 suum
1022 1141 1161 1204 Antonio

201 1229 441 1313 praestitissent,
466 1225 620 1313 simulque
643 1249 676 1292 se
699 1237 731 1292 et
748 1227 900 1294 bonorem
915 1249 1007 1292 suum
1029 1247 1161 1312 sequen-

202 1315 242 1377 tis
275 1315 350 1376 anni
386 1312 633 1395 commendaret,
672 1322 840 1398 propterca
873 1313 957 1399 quod
988 1311 1162 1377 insolenter

202 1399 376 1463 adversarii
398 1401 446 1464 sui
475 1398 687 1484 gloriarentur
714 1398 751 1462 L.
774 1397 944 1464 Lentulum
966 1407 998 1466 et
1020 1397 1056 1463 0.
1077 1397 1161 1462 Mar-

203 1483 317 1549 cellum
329 1483 474 1549 consules
490 1495 620 1566 creatos,
645 1487 699 1571 qui
714 1508 839 1550 ornnem
853 1485 1007 1551 honorem
1019 1494 1050 1550 et
1061 1484 1161 1570 digni-

201 1580 299 1634 tatem
337 1570 483 1636 Caesaris
524 1569 717 1657 spoliarent,
757 1581 899 1658 ereptum
934 1571 1004 1636 Ser.
1039 1569 1162 1638 Galbae

202 1656 407 1739 consulatum,
432 1681 528 1745 quum
556 1659 584 1722 is
605 1656 703 1721 multo
725 1656 796 1743 plus
819 1659 921 1744 gratia
943 1657 1162 1742 suffragiisque

201 1743 366 1827 valuisset,
404 1743 489 1831 quod
525 1742 585 1808 sibi
613 1745 797 1808 coniunctus
826 1754 857 1810 et
884 1743 1095 1809 familiaritate
1131 1753 1163 1806 et

202 1829 428 1895 consuetudine
450 1829 616 1916 legationis
640 1837 734 1894 esset.

264 1916 316 1979 51.
337 1915 499 2002 Exceptus
528 1925 575 1980 est
597 1913 743 1979 Caesaris
774 1915 928 1981 adventus
951 1916 991 1981 ab
1015 1915 1161 1981 omnibus

202 2003 379 2088 municipiis
402 2015 433 2066 et
456 2002 587 2068 coloniis
603 2000 783 2065 incredibili
797 2002 916 2066 bonore
932 2011 1028 2088 atque
1043 2024 1161 2069 amore.

201 2087 282 2152 Tum
303 2091 439 2174 primum
462 2091 546 2154 enim
567 2086 716 2152 veniebat
730 2085 837 2152 abillo
851 2089 1020 2153 universae
1036 2086 1161 2153 Galbae

201 2172 294 2239 bello.
326 2173 414 2238 Nihil
425 2172 669 2261 relinquebatur,
687 2171 771 2256 quod
782 2171 823 2235 ad
834 2181 977 2236 ornatum
987 2183 1161 2258 portarum,

200 2261 363 2344 itinerum,
386 2260 528 2327 locorum
551 2259 703 2340 omnium,
734 2279 796 2342 qua
818 2256 938 2322 Caesar
959 2258 1060 2321 iturus
1083 2268 1161 2343 erat,

203 2348 380 2432 excogitari
413 2355 546 2431 poterat.
597 2342 679 2407 Cum
712 2342 819 2408 liberis
855 2345 956 2408 omnis
993 2343 1161 2410 multitudo
1248 2335 1249 2348 ¹

204 2431 332 2497 obviam
358 2428 566 2517 procedebat,
597 2430 716 2494 hestiae
746 2429 891 2494 omnibus
918 2429 996 2492 locis
1018 2427 1160 2493 immola·

202 2517 328 2602 bantur,
352 2516 496 2580 tricliniis
512 2517 618 2580 stratis
633 2515 703 2578 fora
718 2515 897 2602 templaque
913 2514 1160 2601 occupabantur,

200 2615 235 2668 ut
256 2603 309 2668 vel
332 2603 553 2688 spectatissimi
568 2601 720 2686 triumphi
743 2600 861 2666 laetitia
877 2602 1018 2688 praecipi
1040 2613 1158 2688 posset.

201 2690 304 2754 Tanta
319 2697 386 2754 erat
400 2687 636 2774 magnificentia
652 2687 738 2773 apud
752 2687 979 2774 opulentiores,
1004 2687 1160 2774 cupiditas
1248 2755 1249 2758 ,

200 2775 285 2862 apud
305 2774 496 2839 humiliores.
1248 2779 1249 2782 ’

143 2886 146 2894 “
262 2861 314 2925 52.
339 2860 444 2940 Quum
459 2883 567 2928 omnes
589 2862 735 2948 regiones
752 2860 876 2926 Calliae
898 2870 1023 2948 togatae
1043 2859 1162 2926 Caesar

200 2948 457 3034 percucurrisset,
481 2970 605 3012 summa
620 2947 780 3014 celeritate
796 2947 837 3012 ad
853 2950 1026 3012 exercitum
1046 2947 1160 3012 Nemo

200 3043 367 3100 tocennam
394 3033 488 3100 rediit
516 3033 757 3120 legionibusque
786 3055 828 3097 ex
850 3032 997 3098 omnibus
1018 3032 1161 3098 hibernis
1248 3043 1249 3100 ἶ

200 3121 241 3184 ad
261 3120 342 3185 fines
364 3119 577 3184 Treverorum
592 3121 731 3184 evocatis
754 3141 791 3185 eo
807 3119 967 3204 profectus
984 3129 1031 3183 est
1052 3119 1160 3205 ibique

201 3207 376 3272 exercitum
404 3204 560 3270 lustravit.
606 3206 643 3270 Τ.
670 3203 849 3270 Labienum
879 3203 1003 3271 Galliae
1034 3215 1160 3290 togatae

200 3292 367 3377 praefecit,
396 3314 458 3378 quo
486 3293 606 3358 maiore
634 3291 907 3357 commendatione
937 3291 1161 3356 conciliaretur

200 3376 242 3439 ad
264 3377 445 3442 consulatus
467 3380 661 3463 petitionem.
705 3375 780 3462 Ipse
802 3387 924 3441 tantum
945 3379 1092 3442 itinerum
1115 3378 1159 3441 ia

203 3460 324 3545 ciebat,
353 3472 505 3548 quantum
528 3466 603 3530 satis
634 3485 705 3530 esse
724 3461 766 3527 ad
787 3466 991 3529 mutationem
1021 3463 1161 3530 locorum
