2562 3966
178 200 240 265 118
435 201 497 266 DE
518 201 663 266 BELLO
687 197 879 265 GALLICO

457 455 493 522 O.
517 458 625 523 IULII
648 454 858 523 CAESARIS

211 593 317 707 us
366 593 655 707 curuo
710 551 1105 706 csr‘uroo

365 785 734 852 commaneremus
757 783 951 849 SEXTUS.

450 1038 862 1091 ARGUMENTUM.

177 1124 218 1192 [A.
241 1125 274 1176 U.
299 1125 328 1176 O.
353 1123 420 1192 701.]
456 1125 584 1176 Maiorem
607 1125 709 1176 Galliae
735 1131 832 1174 motum
859 1132 1012 1190 exspectans
1040 1125 1137 1176 Caesar

212 1195 301 1260 copias
319 1199 398 1260 auget
415 1209 436 1243 c.
457 1196 480 1242 1.
516 1194 628 1244 Nervios
652 1209 684 1242 ex
701 1195 843 1259 improviso
862 1209 1003 1259 aggressus
1026 1195 1137 1259 subigit;

212 1261 359 1313 Senonibus
371 1269 448 1326 atque
461 1261 617 1312 Carnutibus
635 1261 731 1312 bellum
750 1263 948 1326 deprecantibus
967 1262 1072 1312 obsides
1089 1264 1136 1311 im-

210 1336 296 1396 perat3
314 1331 452 1396 Menapios
470 1332 541 1396 agris
558 1331 666 1380 vastatis
684 1331 711 1379 in
729 1331 885 1380 deditionem
903 1331 997 1395 accipit
1019 1347 1040 1380 c.
1059 1331 1136 1380 2-6.

211 1400 319 1449 Treveri
337 1415 353 1448 a
369 1399 489 1452 Labieno
505 1399 627 1448 debellati
645 1404 705 1450 sunt
723 1414 744 1448 c.
764 1399 837 1448 7-8.
864 1399 915 1458 Qui
934 1415 1011 1463 quum
1030 1399 1137 1449 Germa-

209 1483 302 1517 norum
325 1467 427 1517 auxiliis
450 1465 532 1516 adiuti
554 1472 653 1528 essent,
682 1467 778 1517 Caesar
799 1467 892 1516 iterum
913 1467 1032 1516 Rhenum
1053 1473 1136 1516 trans-

212 1536 327 1602 greditur
339 1551 361 1586 c.
374 1537 397 1584 9.
417 1535 497 1585 Suebi
507 1537 610 1601 penitus
623 1537 657 1585 ad
669 1541 796 1585 extremos
808 1535 873 1585 fines
886 1551 914 1586 se
923 1538 1050 1600 recipiunt
1062 1551 1083 1584 c.
1096 1537 1136 1585 10.

210 1605 268 1654 Hac
286 1604 347 1654 data
364 1604 501 1654 occasione
514 1603 647 1654 Gallorum
665 1610 690 1654 et
705 1603 890 1654 Germanorum
906 1605 1021 1655 moribus
1040 1605 1139 1654 descri-·

209 1673 302 1723 bendis
321 1673 417 1723 Caesar
434 1677 601 1737 utrorumque
619 1673 835 1738 comparationem
852 1673 963 1723 instituit
986 1688 1008 1722 c.
1028 1675 1136 1722 11-24.

210 1742 313 1792 Deinde
330 1742 489 1810 Hercyniam
512 1740 606 1791 silvam
628 1746 654 1790 et
676 1741 800 1802 ferarum,
825 1757 891 1806 quae
914 1742 950 1790 ibi
973 1743 1139 1807 proveniant,

211 1809 310 1875 aliquot
334 1825 430 1874 genera
454 1809 575 1858 describit
599 1825 620 1858 c.
644 1811 753 1860 25-28.
796 1809 889 1860 Suebis
912 1810 1008 1860 frustra
1031 1811 1137 1860 tentatis

211 1893 288 1943 quum
314 1879 342 1926 in
369 1877 481 1928 Galliam
506 1893 642 1942 regressus
670 1883 750 1939 esset,
784 1879 923 1928 exercitum
949 1881 977 1927 in
999 1879 1137 1928 Eburones

211 1947 282 1996 ducit
299 1962 320 1996 c.
340 1947 449 2007 29-33,
468 1961 608 2010 omnesque
627 1945 717 1998 Gallos
736 1948 770 1996 ad
786 1946 847 1996 illos
866 1947 1024 2014 diripiendos
1044 1953 1139 1997 evocat

210 2031 231 2065 c.
251 2017 292 2064 34.
324 2014 429 2064 interim
448 2014 585 2079 Sugambri
603 2015 736 2066 Ciceronis
754 2021 839 2066 castra
856 2015 1022 2075 adoriuntur3
1043 2017 1136 2064 irrumu

209 2098 272 2148 pere
289 2083 376 2132 consti
397 2082 556 2147 repelluntur
574 2084 689 2148 quidem,
713 2089 740 2133 at
764 2089 864 2148 partem
882 2084 1058 2132 Romanorum
1083 2083 1136 2131 fru-

209 2151 340 2200 mentandi
358 2166 438 2200 causa
456 2153 596 2202 excestria
615 2167 779 2218 egressorum
799 2152 959 2211 interimunt;
979 2150 1072 2200 deinde
1091 2149 1135 2198 de-

210 2225 314 2284 sperata
331 2224 474 2269 castrorum
486 2221 677 2285 expugnatione
695 2221 798 2269 domum
810 2224 972 2268 revertuntur
990 2233 1011 2266 c.
1024 2219 1134 2266 35-42.

211 2287 307 2336 Caesar
318 2287 471 2338 Eburonum
488 2289 558 2352 egris
576 2290 685 2337 vastatis
698 2287 858 2352 concilioque
871 2293 975 2351 peraeto
994 2287 1021 2334 in
1033 2285 1135 2334 ltaliam

209 2356 243 2404 ud
261 2362 404 2406 conventus
423 2357 538 2421 agendos
556 2355 728 2418 proficiscitur
746 2371 766 2404 c.
786 2359 827 2416 43,
845 2357 886 2404 44.

240 2594 268 2657 1.
290 2593 398 2657 Multis
421 2593 461 2656 de
484 2594 588 2656 causis
608 2591 728 2656 Caesar
749 2595 901 2657 maiorem
923 2591 1048 2658 Galliae
1069 2613 1135 2656 mo·

173 2687 248 2742 tum
270 2688 457 2762 exspectans
484 2701 542 2763 per
570 2678 714 2741 Marcum
742 2677 895 2761 Silanum,
925 2678 1040 2743 Gaium
1069 2677 1135 2740 An·

172 2766 292 2828 tistium
320 2763 492 2848 Reginum,
522 2763 629 2828 Titum
656 2764 799 2828 Sextium
827 2763 950 2850 legatos
976 2763 1136 2828 delectum

172 2847 291 2914 babere
313 2850 462 2931 instituit3
487 2849 579 2914 simul
599 2849 639 2912 ab
659 2848 750 2914 Gneo
771 2850 923 2936 Pompeio
945 2847 1135 2935 proconsule

196 2936 266 3016 etit,
297 2936 445 3020 quoniam
472 2936 541 3020 ipse
569 2935 610 2998 ad
635 2934 747 2998 urbem
776 2957 848 3000 cum
873 2935 1007 3020 imperio
1028 2936 1077 2999 rei
1100 2957 1134 2998 u·

172 2957 277 3084 blicae
305 3041 403 3084 causa
430 3032 622 3102 remaneret,
652 3043 730 3106 quos
764 3043 806 3084 ex
836 3019 1000 3106 Cisalpine
1029 2957 1135 3088 Gallia

173 3105 311 3169 consulis
339 3115 537 3170 sacramento
565 3108 754 3190 rogavisset,
783 3106 824 3170 ad
850 3108 942 3191 signa
963 3107 1134 3171 convenire

173 3199 205 3254 et
227 3191 268 3254 od
291 3213 325 3255 se
347 3190 504 3275 proficisci
525 3191 658 3272 iuberet,
681 3193 788 3276 magni
809 3192 964 3256 interesse
984 3193 1078 3255 etiam
1099 3191 1134 3254 in

170 3275 329 3360 reliquum
359 3286 482 3360 tempus
519 3277 559 3340 ad
587 3279 767 3362 opinionem
794 3275 918 3342 Galliae
949 3278 1133 3341 existimans

171 3369 275 3423 tantas
303 3359 404 3422 videri
432 3360 543 3423 ltaliae
572 3361 745 3444 facultates,
773 3373 816 3443 ut,
845 3364 872 3426 si
916 3363 972 3426 uid
994 3370 1078 3426 esset
1099 3361 1133 3424 in

170 3441 256 3507 bello
280 3444 458 3508 detrimenti
483 3459 656 3531 acceptum,
686 3471 750 3512 non
772 3449 864 3514 modo
887 3386 921 3512 il
942 3448 1032 3513 brevi
1053 3457 1132 3511 tem-
