2562 3966
391 199 527 266 OOMM.
549 201 580 264 V
602 200 696 268 Otr.
719 203 855 268 27-31.
1042 203 1100 268 103

145 371 221 438 liam
236 380 282 438 tot
296 371 494 437 contumeliis
509 379 646 458 acceptis
662 374 721 438 sub
736 373 843 474 popuii
860 373 994 438 Romani
1007 376 1103 460 impe·

146 461 228 523 rium
249 457 411 522 redactam
426 459 587 542 superiore
603 458 704 544 gloria
718 461 765 524 rei
780 458 921 523 militaris
937 461 1103 528 exstincta.

65 547 71 556 '
145 544 312 609 Postremo
341 544 411 628 quis
436 543 498 608 hoe
528 543 589 608 sibi
639 545 831 627 ersuaderet,
862 545 931 608 sine
957 555 1104 610 certare

145 629 363 714 Ambiorigem
404 628 445 692 ad
479 628 600 694 eiusmo
626 629 633 644 ⁶
676 629 840 695 consilium
879 629 1104 702 descendisse?

147 713 244 780 Suam
259 715 462 788 >senteutiam
490 715 524 780 in
551 725 865 802 utramquepartem
894 737 965 782 esse
991 726 1103 797 totam:

148 802 175 864 si
195 798 274 864 nihil
289 809 374 865 esset
388 799 507 882 durius,
529 799 616 865 nullo
632 823 704 864 cum
718 801 857 886 periculo
873 801 915 864 ad
928 803 1104 887 proximam

148 885 303 970 legionem
325 894 550 970 perventuros3
573 887 600 949 si
630 885 736 950 Gallia
758 888 859 952 omnis
881 908 954 950 oum
976 885 1105 952 Germa

147 972 196 1034 nis
219 972 418 1053 consentiret,
441 993 538 1034 unam
560 992 630 1034 esse
644 972 677 1036 in
692 972 852 1038 celeritate
866 974 1003 1056 positam
1025 971 1104 1036 salu-

148 1066 222 1122 tem.
267 1055 380 1134 Cottae
402 1055 530 1142 quidem
552 1065 645 1140 atque
668 1079 786 1138 eorum,
816 1059 871 1143 qui
893 1057 1105 1138 dissentirent,

149 1141 315 1208 eonsilium
337 1162 430 1228 quem
445 1141 578 1206 haberet
593 1142 735 1208 exitum?
756 1145 789 1207 in
813 1164 874 1229 quo
897 1144 925 1206 si
938 1165 1004 1210 non.
1007 1165 1105 1291 1prae-

149 1250 222 1292 sens
244 1226 430 1312 periculum,
453 1235 486 1290 at
515 1235 600 1292 certe
627 1226 802 1315 longinqua
821 1227 985 1293 obsidione
1020 1251 1106 1293 ames

149 1322 234 1378 esset
253 1312 401 1378 timenda.

212 1399 264 1465 30.
286 1397 355 1462 Hac
377 1399 411 1463 in
426 1406 737 1484 utramquepartem
760 1399 970 1484 disputatione
991 1398 1107 1482 habita,

150 1506 246 1569 quum
268 1506 287 1546 a
310 1482 403 1548 Cotta
423 1484 597 1569 primisque
627 1483 789 1549 ordinibus
812 1487 925 1549 acriter
947 1487 1108 1549 resistere·

149 1579 217 1633 tur:
250 1569 393 1654 Vincite,
427 1570 546 1654 inquit,
577 1570 604 1632 si
636 1570 681 1632 ita
702 1569 813 1651 vultis,
848 1568 1000 1653 Sabinus,
1023 1579 1056 1634 et
1076 1568 1109 1633 id

151 1654 284 1720 clariore
299 1653 446 1736 vocent
470 1677 586 1738 magna
609 1677 683 1755 pers
699 1655 833 1718 militum
854 1656 1033 1737 exaudiret,
1055 1675 1109 1720 ue·

151 1763 213 1826 que
244 1741 272 1804 is
306 1763 385 1822 sum,
419 1740 530 1826 inquit,
565 1762 619 1824 qur
640 1742 827 1825 gravissime
850 1763 889 1804 ex
912 1739 1004 1806 vobis
1026 1763 1109 1805 mor-

150 1827 191 1890 tis
212 1825 352 1910 periculo
375 1835 511 1890 terrear:
532 1825 567 1890 hi
584 1828 720 1912 sapient,
744 1827 772 1890 si
793 1827 924 1912 gravius
934 1825 1015 1911 ‹quid
1030 1827 1111 1892 eooi-

150 1911 242 1993 derit,
266 1911 323 1975 abs
344 1920 376 1974 te
398 1913 560 2000 rationem¹
574 1922 754 1996 reposeent3
778 1913 832 1997 qui
847 1913 946 1997 siper
960 1921 991 1975 te
1006 1910 1111 1992 liceat,

151 1996 325 2083 perendino
348 1995 399 2060 die
422 2014 494 2060 cum
515 1997 668 2080 proximis
690 1997 831 2062 hibernis
847 1997 1006 2062 coniuncti
1028 2011 1111 2062 oom-

150 2103 280 2146 muncm
308 2103 380 2146 oum
408 2080 468 2146 reli
490 2083 538 2144 uis
573 2081 652 2146 belli
685 2104 794 2148 casum
828 2085 1019 2165 sustineant,
1047 2104 1110 2148 nou

149 2169 260 2234 reiecti
282 2176 314 2230 et
334 2103 575 2250 relegatidonge
591 2167 631 2230 ab
652 2169 765 2232 ceteris
781 2178 835 2232 aut
848 2168 938 2234 ferro
954 2177 1008 2232 aut
1028 2167 1111 2232 ieme

149 2254 316 2318 intereant.

215 2339 267 2402 31.
284 2337 492 2424 Consurgitur
504 2360 546 2402 ex
557 2337 703 2420 consilio,
715 2337 985 2422 comprehendunt
995 2347 1112 2408 utrum·

154 2446 215 2510 que
238 2432 270 2488 et
293 2432 392 2505 orant,
414 2445 456 2486 ne
479 2446 538 2487 sua
565 2423 761 2488 dissensione
784 2433 816 2487 et
844 2425 1017 2509 pertinacia
1044 2445 1113 2486 rem

151 2510 185 2572 in
208 2531 364 2574 summum
391 2508 567 2594 periculum
597 2508 768 2572 deducant:
797 2509 922 2574 facilem
944 2531 1014 2574 esse
1036 2530 1113 2590 rem,

153 2616 211 2658 seu
226 2603 384 2678 maneant,
401 2615 457 2661 seu
472 2593 721 2679 proficiscantur,
740 2594 875 2660 simodo
890 2617 988 2659 uuum
1004 2615 1114 2660 omues

152 2680 291 2744 sentiant
319 2701 357 2744 ao
385 2679 536 2764 probent,
566 2689 676 2744 contra
702 2679 735 2742 in
769 2679 965 2744 dissensione
994 2678 1115 2742 nuliam

153 2787 188 2830 se
211 2763 344 2830 salutem
366 2767 557 2850 perspicere.
600 2764 664 2828 Res
687 2765 900 2850 disputatione
922 2765 963 2830 ad
977 2765 1115 2829 mediam

152 2860 278 2915 noctem
313 2851 505 2936 perducitur.
560 2849 705 2914 Tandem
739 2851 794 2917 dat
828 2851 922 2918 Cotta
953 2859 1115 2936 permotus

153 2957 284 3000 manus:
301 2945 430 3022 superat
444 2937 602 3002 sententia
617 2935 736 3000 Sabini.
773 2935 1000 3000 Pronuntiatur
1013 2936 1117 3021 prima

153 3019 226 3085 luce
247 3021 355 3086 ituros.
401 3020 606 3086 Consumitur
626 3020 745 3105 vigiliis
761 3020 885 3108 reliqua
906 3043 980 3106 pars
1002 3020 1115 3100 noctis,

154 3128 252 3193 quum
273 3128 331 3170 sue
353 3108 486 3192 quisque
509 3106 601 3170 miles
622 3106 888 3190 circumspiceret,
911 3105 991 3192 quid
1009 3125 1117 3168 seeum

177 3199 282 3258 ortere
303 3202 422 3276 pesset,
444 3191 521 3279 quid
547 3213 588 3254 ex
608 3191 816 3256 instrumento
839 3191 1045 3256 hibernorum
1067 3210 1116 3253 re-

150 3213 298 3361 diuquere
320 3287 494 3362 cogeretur.
545 3275 661 3343 Omnia
683 3277 913 3360 excogitantur,
937 3297 1035 3362 quere
1056 3296 1119 3340 neo

155 3363 225 3426 sine
246 3363 387 3446 periculo
409 3371 585 3444 maneatur,
608 3371 641 3424 et
662 3361 814 3446 languore
827 3361 963 3426 militum
985 3369 1018 3424 et
1038 3360 1118 3444 sigi·

154 3445 205 3510 liis
226 3446 401 3532 periculum
435 3455 596 3532 augeatur.
649 3446 759 3513 Prima
780 3445 851 3510 luoe
874 3447 920 3510 sie
942 3468 984 3512 ex
1006 3445 1119 3516 eoetris

888 3713 893 3723 ¹
952 3711 969 3754 Q
