<?xml version="1.0" encoding="UTF-8"?>
<!DOCTYPE html PUBLIC "-//W3C//DTD XHTML 1.0 Transitional//EN"
    "http://www.w3.org/TR/xhtml1/DTD/xhtml1-transitional.dtd">
<html xmlns="http://www.w3.org/1999/xhtml" xml:lang="en" lang="en">
 <head>
  <title>
</title>
<meta http-equiv="Content-Type" content="text/html;charset=utf-8" />
  <meta name='ocr-system' content='tesseract 3.04.00' />
  <meta name='ocr-capabilities' content='ocr_page ocr_carea ocr_par ocr_line ocrx_word'/>
</head>
<body>
  <div class='ocr_page' id='page_1' title='image "./ciuliicaesarisc01hirtgoog_0099.png"; bbox 0 0 2534 3970; ppageno 0'>
   <div class='ocr_carea' id='block_1_1' title="bbox 156 215 864 286">
    <p class='ocr_par' dir='ltr' id='par_1_1' title="bbox 156 215 864 286">
     <span class='ocr_line' id='line_1_1' title="bbox 156 215 864 286; baseline 0.003 -2"><span class='ocrx_word' id='word_1_1' title='bbox 156 215 200 284; x_wconf 77' lang='lat'><strong>92</strong></span> <span class='ocrx_word' id='word_1_2' title='bbox 425 219 486 284; x_wconf 76' lang='lat' dir='ltr'><strong>Da</strong></span> <span class='ocrx_word' id='word_1_3' title='bbox 507 217 650 284; x_wconf 79' lang='lat' dir='ltr'>BELLO</span> <span class='ocrx_word' id='word_1_4' title='bbox 673 216 864 286; x_wconf 70' lang='lat' dir='ltr'><strong>cantico</strong></span> 
     </span>
    </p>
   </div>
   <div class='ocr_carea' id='block_1_2' title="bbox 59 387 1131 3544">
    <p class='ocr_par' dir='ltr' id='par_1_2' title="bbox 137 387 1131 2266">
     <span class='ocr_line' id='line_1_2' title="bbox 158 387 1113 476; baseline -0.002 -20"><span class='ocrx_word' id='word_1_5' title='bbox 158 396 193 456; x_wconf 90' lang='lat' dir='ltr'><strong>ut</strong></span> <span class='ocrx_word' id='word_1_6' title='bbox 220 400 328 476; x_wconf 89' lang='lat' dir='ltr'><strong>portus</strong></span> <span class='ocrx_word' id='word_1_7' title='bbox 355 399 496 459; x_wconf 84' lang='lat' dir='ltr'><strong>tueretur</strong></span> <span class='ocrx_word' id='word_1_8' title='bbox 517 399 549 456; x_wconf 91' lang='lat' dir='ltr'><strong>et</strong></span> <span class='ocrx_word' id='word_1_9' title='bbox 569 412 638 456; x_wconf 87' lang='lat' dir='ltr'><strong>rem</strong></span> <span class='ocrx_word' id='word_1_10' title='bbox 665 387 901 472; x_wconf 61' lang='lat' dir='ltr'><strong>marimum</strong></span> <span class='ocrx_word' id='word_1_11' title='bbox 930 389 1113 475; x_wconf 71' lang='lat' dir='ltr'><strong>provideret</strong></span> 
     </span>
     <span class='ocr_line' id='line_1_3' title="bbox 157 473 1112 562; baseline -0.002 -20"><span class='ocrx_word' id='word_1_12' title='bbox 157 495 303 562; x_wconf 87' lang='lat' dir='ltr'><strong>quaeque</strong></span> <span class='ocrx_word' id='word_1_13' title='bbox 324 476 357 540; x_wconf 89' lang='lat' dir='ltr'><strong>in</strong></span> <span class='ocrx_word' id='word_1_14' title='bbox 373 475 478 542; x_wconf 79' lang='lat' dir='ltr'><strong>Gallia</strong></span> <span class='ocrx_word' id='word_1_15' title='bbox 499 483 685 562; x_wconf 72' lang='lat' dir='ltr'>gererentur</span> <span class='ocrx_word' id='word_1_16' title='bbox 706 483 912 562; x_wconf 85' lang='lat' dir='ltr'><strong>cognosceret</strong></span> <span class='ocrx_word' id='word_1_17' title='bbox 933 473 1112 540; x_wconf 87' lang='lat' dir='ltr'><strong>consilium·</strong></span> 
     </span>
     <span class='ocr_line' id='line_1_4' title="bbox 137 561 1124 648; baseline 0.002 -22"><span class='ocrx_word' id='word_1_18' title='bbox 137 563 139 568; x_wconf 84' lang='grc'><strong>’</strong></span> <span class='ocrx_word' id='word_1_19' title='bbox 157 581 220 648; x_wconf 89' lang='lat' dir='ltr'><strong>que</strong></span> <span class='ocrx_word' id='word_1_20' title='bbox 263 582 298 626; x_wconf 89' lang='lat' dir='ltr'><strong>ro</strong></span> <span class='ocrx_word' id='word_1_21' title='bbox 320 570 460 646; x_wconf 89' lang='lat' dir='ltr'><strong>tempore</strong></span> <span class='ocrx_word' id='word_1_22' title='bbox 482 570 514 625; x_wconf 87' lang='lat' dir='ltr'><strong>et</strong></span> <span class='ocrx_word' id='word_1_23' title='bbox 535 583 592 646; x_wconf 88' lang='lat' dir='ltr'><strong>pro</strong></span> <span class='ocrx_word' id='word_1_24' title='bbox 614 583 650 626; x_wconf 89' lang='lat' dir='ltr'><strong>re</strong></span> <span class='ocrx_word' id='word_1_25' title='bbox 672 569 815 647; x_wconf 85' lang='lat' dir='ltr'><strong>caperet,</strong></span> <span class='ocrx_word' id='word_1_26' title='bbox 837 561 906 646; x_wconf 87' lang='lat' dir='ltr'><strong>ipse</strong></span> <span class='ocrx_word' id='word_1_27' title='bbox 929 582 1002 626; x_wconf 90' lang='lat' dir='ltr'><strong>cum</strong></span> <span class='ocrx_word' id='word_1_28' title='bbox 1023 561 1124 646; x_wconf 78' lang='lat' dir='ltr'><strong>quin.</strong></span> 
     </span>
     <span class='ocr_line' id='line_1_5' title="bbox 158 582 1113 732; baseline -0.001 -22"><span class='ocrx_word' id='word_1_29' title='bbox 158 665 221 732; x_wconf 91' lang='lat' dir='ltr'><strong>que</strong></span> <span class='ocrx_word' id='word_1_30' title='bbox 241 582 440 731; x_wconf 81' lang='lat' dir='ltr'><strong>legionibus.</strong></span> <span class='ocrx_word' id='word_1_31' title='bbox 457 655 489 711; x_wconf 88' lang='lat' dir='ltr'><strong>et</strong></span> <span class='ocrx_word' id='word_1_32' title='bbox 516 647 586 731; x_wconf 86' lang='lat' dir='ltr'><strong>pari</strong></span> <span class='ocrx_word' id='word_1_33' title='bbox 614 668 745 712; x_wconf 89' lang='lat' dir='ltr'><strong>numero</strong></span> <span class='ocrx_word' id='word_1_34' title='bbox 774 647 928 732; x_wconf 87' lang='lat' dir='ltr'><strong>equitum,</strong></span> <span class='ocrx_word' id='word_1_35' title='bbox 958 667 1053 732; x_wconf 90' lang='lat' dir='ltr'><strong>quern</strong></span> <span class='ocrx_word' id='word_1_36' title='bbox 1078 646 1113 708; x_wconf 92' lang='lat' dir='ltr'><strong>in</strong></span> 
     </span>
     <span class='ocr_line' id='line_1_6' title="bbox 158 729 1114 817; baseline -0.002 -21"><span class='ocrx_word' id='word_1_37' title='bbox 158 731 333 796; x_wconf 88' lang='lat' dir='ltr'><strong>continenti</strong></span> <span class='ocrx_word' id='word_1_38' title='bbox 353 729 538 817; x_wconf 78' lang='lat' dir='ltr'><strong>reliquerat,</strong></span> <span class='ocrx_word' id='word_1_39' title='bbox 568 729 610 794; x_wconf 90' lang='lat' dir='ltr'><strong>ad</strong></span> <span class='ocrx_word' id='word_1_40' title='bbox 631 730 706 797; x_wconf 88' lang='lat' dir='ltr'><strong>solis</strong></span> <span class='ocrx_word' id='word_1_41' title='bbox 728 752 876 796; x_wconf 87' lang='lat' dir='ltr'><strong>occasum</strong></span> <span class='ocrx_word' id='word_1_42' title='bbox 896 752 996 796; x_wconf 86' lang='lat' dir='ltr'><strong>naves</strong></span> <span class='ocrx_word' id='word_1_43' title='bbox 1019 729 1114 794; x_wconf 83' lang='lat' dir='ltr'><strong>solvit</strong></span> 
     </span>
     <span class='ocr_line' id='line_1_7' title="bbox 158 813 1113 902; baseline 0.002 -22"><span class='ocrx_word' id='word_1_44' title='bbox 158 823 191 880; x_wconf 87' lang='lat' dir='ltr'><strong>et</strong></span> <span class='ocrx_word' id='word_1_45' title='bbox 212 813 277 882; x_wconf 90' lang='lat' dir='ltr'><strong>leni</strong></span> <span class='ocrx_word' id='word_1_46' title='bbox 297 814 405 882; x_wconf 80' lang='lat' dir='ltr'><strong>Africo</strong></span> <span class='ocrx_word' id='word_1_47' title='bbox 434 825 602 902; x_wconf 88' lang='lat' dir='ltr'><strong>provectus</strong></span> <span class='ocrx_word' id='word_1_48' title='bbox 632 815 737 884; x_wconf 87' lang='lat' dir='ltr'><strong>media</strong></span> <span class='ocrx_word' id='word_1_49' title='bbox 758 817 890 882; x_wconf 71' lang='lat' dir='ltr'><strong>circiter</strong></span> <span class='ocrx_word' id='word_1_50' title='bbox 903 825 995 892; x_wconf 85' lang='lat' dir='ltr'><strong>nocte</strong></span> <span class='ocrx_word' id='word_1_51' title='bbox 1016 825 1113 882; x_wconf 87' lang='lat' dir='ltr'><strong>vento</strong></span> 
     </span>
     <span class='ocr_line' id='line_1_8' title="bbox 156 899 1114 986; baseline 0.001 -21"><span class='ocrx_word' id='word_1_52' title='bbox 156 899 336 966; x_wconf 88' lang='lat' dir='ltr'><strong>intermisso</strong></span> <span class='ocrx_word' id='word_1_53' title='bbox 351 923 479 966; x_wconf 90' lang='lat' dir='ltr'><strong>cursum</strong></span> <span class='ocrx_word' id='word_1_54' title='bbox 492 923 557 966; x_wconf 90' lang='lat' dir='ltr'><strong>non</strong></span> <span class='ocrx_word' id='word_1_55' title='bbox 577 902 678 977; x_wconf 86' lang='lat' dir='ltr'><strong>tenuit</strong></span> <span class='ocrx_word' id='word_1_56' title='bbox 692 910 724 966; x_wconf 91' lang='lat' dir='ltr'><strong>et</strong></span> <span class='ocrx_word' id='word_1_57' title='bbox 738 900 862 986; x_wconf 87' lang='lat' dir='ltr'><strong>longius</strong></span> <span class='ocrx_word' id='word_1_58' title='bbox 884 900 1007 968; x_wconf 85' lang='lat' dir='ltr'><strong>delatus</strong></span> <span class='ocrx_word' id='word_1_59' title='bbox 1023 909 1114 966; x_wconf 87' lang='lat' dir='ltr'><strong>aestu</strong></span> 
     </span>
     <span class='ocr_line' id='line_1_9' title="bbox 159 985 1113 1072; baseline 0 -22"><span class='ocrx_word' id='word_1_60' title='bbox 159 993 228 1050; x_wconf 88' lang='lat' dir='ltr'><strong>orta</strong></span> <span class='ocrx_word' id='word_1_61' title='bbox 249 985 320 1050; x_wconf 88' lang='lat' dir='ltr'><strong>luce</strong></span> <span class='ocrx_word' id='word_1_62' title='bbox 339 985 399 1050; x_wconf 88' lang='lat' dir='ltr'><strong>sub</strong></span> <span class='ocrx_word' id='word_1_63' title='bbox 422 987 549 1050; x_wconf 88' lang='lat' dir='ltr'><strong>sinistra</strong></span> <span class='ocrx_word' id='word_1_64' title='bbox 561 985 759 1052; x_wconf 85' lang='lat' dir='ltr'><strong>Britanniam</strong></span> <span class='ocrx_word' id='word_1_65' title='bbox 779 985 923 1052; x_wconf 88' lang='lat' dir='ltr'><strong>relictam</strong></span> <span class='ocrx_word' id='word_1_66' title='bbox 938 987 1113 1072; x_wconf 78' lang='lat' dir='ltr'><strong>conspexit.</strong></span> 
     </span>
     <span class='ocr_line' id='line_1_10' title="bbox 159 1067 1114 1139; baseline 0.002 -5"><span class='ocrx_word' id='word_1_67' title='bbox 159 1067 242 1134; x_wconf 81' lang='lat' dir='ltr'><strong>Tum</strong></span> <span class='ocrx_word' id='word_1_68' title='bbox 269 1093 378 1136; x_wconf 89' lang='lat' dir='ltr'><strong>rursus</strong></span> <span class='ocrx_word' id='word_1_69' title='bbox 411 1076 518 1138; x_wconf 87' lang='lat' dir='ltr'><strong>aestus</strong></span> <span class='ocrx_word' id='word_1_70' title='bbox 552 1073 827 1139; x_wconf 87' lang='lat' dir='ltr'><strong>commutationem</strong></span> <span class='ocrx_word' id='word_1_71' title='bbox 859 1081 986 1137; x_wconf 75' lang='lat' dir='ltr'><strong>secutis</strong></span> <span class='ocrx_word' id='word_1_72' title='bbox 1017 1072 1114 1136; x_wconf 88' lang='lat' dir='ltr'><strong>remis</strong></span> 
     </span>
     <span class='ocr_line' id='line_1_11' title="bbox 158 1155 1115 1244; baseline 0.001 -24"><span class='ocrx_word' id='word_1_73' title='bbox 158 1155 330 1238; x_wconf 78' lang='lat' dir='ltr'><strong>contendit,</strong></span> <span class='ocrx_word' id='word_1_74' title='bbox 352 1165 388 1221; x_wconf 92' lang='lat' dir='ltr'><strong>ut</strong></span> <span class='ocrx_word' id='word_1_75' title='bbox 409 1179 479 1222; x_wconf 91' lang='lat' dir='ltr'><strong>eam</strong></span> <span class='ocrx_word' id='word_1_76' title='bbox 504 1165 627 1242; x_wconf 84' lang='lat' dir='ltr'><strong>partem</strong></span> <span class='ocrx_word' id='word_1_77' title='bbox 648 1156 771 1222; x_wconf 82' lang='lat' dir='ltr'><strong>insulae</strong></span> <span class='ocrx_word' id='word_1_78' title='bbox 793 1165 930 1243; x_wconf 88' lang='lat' dir='ltr'><strong>caperet,</strong></span> <span class='ocrx_word' id='word_1_79' title='bbox 953 1178 1016 1244; x_wconf 86' lang='lat' dir='ltr'><strong>qua</strong></span> <span class='ocrx_word' id='word_1_80' title='bbox 1037 1157 1115 1243; x_wconf 78' lang='lat' dir='ltr'><strong>opti-</strong></span> 
     </span>
     <span class='ocr_line' id='line_1_12' title="bbox 159 1243 1114 1329; baseline 0 -23"><span class='ocrx_word' id='word_1_81' title='bbox 159 1260 248 1306; x_wconf 88' lang='lat' dir='ltr'><strong>mum</strong></span> <span class='ocrx_word' id='word_1_82' title='bbox 277 1263 347 1306; x_wconf 87' lang='lat' dir='ltr'><strong>esse</strong></span> <span class='ocrx_word' id='word_1_83' title='bbox 375 1263 392 1306; x_wconf 90' lang='lat' dir='ltr'><strong>e</strong></span> <span class='ocrx_word' id='word_1_84' title='bbox 433 1263 538 1306; x_wconf 89' lang='lat' dir='ltr'><strong>essum</strong></span> <span class='ocrx_word' id='word_1_85' title='bbox 571 1243 735 1328; x_wconf 81' lang='lat' dir='ltr'><strong>superiore</strong></span> <span class='ocrx_word' id='word_1_86' title='bbox 764 1251 883 1308; x_wconf 87' lang='lat' dir='ltr'><strong>aestate</strong></span> <span class='ocrx_word' id='word_1_87' title='bbox 913 1251 1114 1329; x_wconf 84' lang='lat' dir='ltr'><strong>cognoverat</strong></span> 
     </span>
     <span class='ocr_line' id='line_1_13' title="bbox 159 1322 1114 1410; baseline 0 -20"><span class='ocrx_word' id='word_1_88' title='bbox 159 1322 234 1406; x_wconf 75' lang='lat' dir='ltr'><strong>Qua</strong></span> <span class='ocrx_word' id='word_1_89' title='bbox 255 1327 289 1390; x_wconf 91' lang='lat' dir='ltr'><strong>in</strong></span> <span class='ocrx_word' id='word_1_90' title='bbox 310 1349 347 1392; x_wconf 88' lang='lat' dir='ltr'><strong>re</strong></span> <span class='ocrx_word' id='word_1_91' title='bbox 375 1349 395 1392; x_wconf 85' lang='lat' dir='ltr'><strong>a</strong></span> <span class='ocrx_word' id='word_1_92' title='bbox 450 1326 545 1393; x_wconf 86' lang='lat' dir='ltr'><strong>edum</strong></span> <span class='ocrx_word' id='word_1_93' title='bbox 574 1327 632 1392; x_wconf 90' lang='lat' dir='ltr'><strong>fuit</strong></span> <span class='ocrx_word' id='word_1_94' title='bbox 660 1327 793 1392; x_wconf 88' lang='lat' dir='ltr'><strong>militum</strong></span> <span class='ocrx_word' id='word_1_95' title='bbox 822 1329 924 1392; x_wconf 88' lang='lat' dir='ltr'><strong>virtus</strong></span> <span class='ocrx_word' id='word_1_96' title='bbox 946 1326 1114 1410; x_wconf 81' lang='lat' dir='ltr'><strong>laudanda,</strong></span> 
     </span>
     <span class='ocr_line' id='line_1_14' title="bbox 160 1411 1116 1499; baseline 0.002 -23"><span class='ocrx_word' id='word_1_97' title='bbox 160 1413 217 1498; x_wconf 90' lang='lat' dir='ltr'><strong>qui</strong></span> <span class='ocrx_word' id='word_1_98' title='bbox 252 1413 399 1480; x_wconf 90' lang='lat' dir='ltr'><strong>vectoriis</strong></span> <span class='ocrx_word' id='word_1_99' title='bbox 432 1411 645 1499; x_wconf 77' lang='lat' dir='ltr'><strong>gravibusque</strong></span> <span class='ocrx_word' id='word_1_100' title='bbox 677 1414 813 1499; x_wconf 88' lang='lat' dir='ltr'><strong>navigiis</strong></span> <span class='ocrx_word' id='word_1_101' title='bbox 845 1435 910 1478; x_wconf 92' lang='lat' dir='ltr'><strong>non</strong></span> <span class='ocrx_word' id='word_1_102' title='bbox 937 1414 1116 1478; x_wconf 87' lang='lat' dir='ltr'><strong>intermisso</strong></span> 
     </span>
     <span class='ocr_line' id='line_1_15' title="bbox 161 1495 1117 1584; baseline 0 -22"><span class='ocrx_word' id='word_1_103' title='bbox 161 1496 340 1583; x_wconf 84' lang='lat' dir='ltr'><strong>remigandi</strong></span> <span class='ocrx_word' id='word_1_104' title='bbox 354 1495 463 1564; x_wconf 90' lang='lat' dir='ltr'><strong>labore</strong></span> <span class='ocrx_word' id='word_1_105' title='bbox 479 1497 645 1584; x_wconf 86' lang='lat' dir='ltr'><strong>longarum</strong></span> <span class='ocrx_word' id='word_1_106' title='bbox 666 1499 796 1563; x_wconf 88' lang='lat' dir='ltr'><strong>navium</strong></span> <span class='ocrx_word' id='word_1_107' title='bbox 812 1499 938 1562; x_wconf 86' lang='lat' dir='ltr'><strong>cursum</strong></span> <span class='ocrx_word' id='word_1_108' title='bbox 960 1499 1039 1564; x_wconf 87' lang='lat' dir='ltr'><strong>adae</strong></span> <span class='ocrx_word' id='word_1_109' title='bbox 1061 1519 1117 1562; x_wconf 87' lang='lat' dir='ltr'><strong>ua·</strong></span> 
     </span>
     <span class='ocr_line' id='line_1_16' title="bbox 160 1581 1116 1649; baseline -0.002 -1"><span class='ocrx_word' id='word_1_110' title='bbox 160 1591 244 1648; x_wconf 85' lang='lat' dir='ltr'><strong>runt.</strong></span> <span class='ocrx_word' id='word_1_111' title='bbox 273 1581 448 1648; x_wconf 78' lang='lat' dir='ltr'><strong>Accessum</strong></span> <span class='ocrx_word' id='word_1_112' title='bbox 470 1593 519 1647; x_wconf 88' lang='lat' dir='ltr'><strong>est</strong></span> <span class='ocrx_word' id='word_1_113' title='bbox 540 1581 582 1648; x_wconf 90' lang='lat' dir='ltr'><strong>ad</strong></span> <span class='ocrx_word' id='word_1_114' title='bbox 595 1583 792 1648; x_wconf 69' lang='lat' dir='ltr'><strong>Britanniam</strong></span> <span class='ocrx_word' id='word_1_115' title='bbox 813 1584 959 1649; x_wconf 89' lang='lat' dir='ltr'><strong>omnibus</strong></span> <span class='ocrx_word' id='word_1_116' title='bbox 981 1585 1056 1648; x_wconf 88' lang='lat' dir='ltr'><strong>navi</strong></span> <span class='ocrx_word' id='word_1_117' title='bbox 1077 1605 1116 1647; x_wconf 87' lang='lat' dir='ltr'><strong>us</strong></span> 
     </span>
     <span class='ocr_line' id='line_1_17' title="bbox 161 1667 1131 1756; baseline 0 -22"><span class='ocrx_word' id='word_1_118' title='bbox 161 1667 337 1742; x_wconf 86' lang='lat' dir='ltr'><strong>meridiano</strong></span> <span class='ocrx_word' id='word_1_119' title='bbox 359 1668 426 1733; x_wconf 85' lang='lat' dir='ltr'><strong>iere</strong></span> <span class='ocrx_word' id='word_1_120' title='bbox 447 1678 597 1754; x_wconf 89' lang='lat' dir='ltr'><strong>tempore,</strong></span> <span class='ocrx_word' id='word_1_121' title='bbox 620 1691 725 1756; x_wconf 90' lang='lat' dir='ltr'><strong>neque</strong></span> <span class='ocrx_word' id='word_1_122' title='bbox 746 1671 780 1734; x_wconf 91' lang='lat' dir='ltr'><strong>in</strong></span> <span class='ocrx_word' id='word_1_123' title='bbox 795 1691 833 1734; x_wconf 90' lang='lat' dir='ltr'><strong>eo</strong></span> <span class='ocrx_word' id='word_1_124' title='bbox 855 1668 924 1735; x_wconf 90' lang='lat' dir='ltr'><strong>loco</strong></span> <span class='ocrx_word' id='word_1_125' title='bbox 946 1669 1045 1733; x_wconf 90' lang='lat' dir='ltr'><strong>hostis</strong></span> <span class='ocrx_word' id='word_1_126' title='bbox 1067 1679 1131 1734; x_wconf 91' lang='lat' dir='ltr'><strong>est·</strong></span> 
     </span>
     <span class='ocr_line' id='line_1_18' title="bbox 161 1751 1115 1840; baseline 0.001 -22"><span class='ocrx_word' id='word_1_127' title='bbox 161 1753 266 1838; x_wconf 84' lang='lat' dir='ltr'><strong>visus3</strong></span> <span class='ocrx_word' id='word_1_128' title='bbox 300 1753 372 1836; x_wconf 88' lang='lat' dir='ltr'><strong>sed,</strong></span> <span class='ocrx_word' id='word_1_129' title='bbox 401 1761 437 1818; x_wconf 91' lang='lat' dir='ltr'><strong>ut</strong></span> <span class='ocrx_word' id='word_1_130' title='bbox 458 1763 569 1839; x_wconf 87' lang='lat' dir='ltr'><strong>postea</strong></span> <span class='ocrx_word' id='word_1_131' title='bbox 590 1751 719 1820; x_wconf 81' lang='lat' dir='ltr'><strong>Caesar</strong></span> <span class='ocrx_word' id='word_1_132' title='bbox 733 1776 775 1819; x_wconf 88' lang='lat' dir='ltr'><strong>ex</strong></span> <span class='ocrx_word' id='word_1_133' title='bbox 796 1756 930 1840; x_wconf 88' lang='lat' dir='ltr'><strong>captivis</strong></span> <span class='ocrx_word' id='word_1_134' title='bbox 958 1755 1115 1840; x_wconf 87' lang='lat' dir='ltr'><strong>cognovit,</strong></span> 
     </span>
     <span class='ocr_line' id='line_1_19' title="bbox 160 1839 1117 1926; baseline 0.003 -23"><span class='ocrx_word' id='word_1_135' title='bbox 160 1860 259 1926; x_wconf 90' lang='lat' dir='ltr'><strong>quum</strong></span> <span class='ocrx_word' id='word_1_136' title='bbox 286 1861 423 1925; x_wconf 84' lang='lat' dir='ltr'><strong>magnae</strong></span> <span class='ocrx_word' id='word_1_137' title='bbox 448 1861 561 1904; x_wconf 86' lang='lat' dir='ltr'><strong>manus</strong></span> <span class='ocrx_word' id='word_1_138' title='bbox 589 1861 628 1906; x_wconf 94' lang='lat' dir='ltr'><strong>eo</strong></span> <span class='ocrx_word' id='word_1_139' title='bbox 651 1842 887 1923; x_wconf 88' lang='lat' dir='ltr'><strong>convenissent,</strong></span> <span class='ocrx_word' id='word_1_140' title='bbox 916 1839 1117 1906; x_wconf 85' lang='lat' dir='ltr'><strong>multitudine</strong></span> 
     </span>
     <span class='ocr_line' id='line_1_20' title="bbox 161 1925 1117 2013; baseline 0 -23"><span class='ocrx_word' id='word_1_141' title='bbox 161 1925 292 1990; x_wconf 80' lang='lat' dir='ltr'><strong>navium</strong></span> <span class='ocrx_word' id='word_1_142' title='bbox 313 1925 509 2011; x_wconf 84' lang='lat' dir='ltr'><strong>perterritae,</strong></span> <span class='ocrx_word' id='word_1_143' title='bbox 537 1946 618 2010; x_wconf 85' lang='lat' dir='ltr'><strong>quae</strong></span> <span class='ocrx_word' id='word_1_144' title='bbox 640 1947 712 1990; x_wconf 87' lang='lat' dir='ltr'><strong>cum</strong></span> <span class='ocrx_word' id='word_1_145' title='bbox 734 1926 891 1990; x_wconf 83' lang='lat' dir='ltr'><strong>annotinis</strong></span> <span class='ocrx_word' id='word_1_146' title='bbox 913 1926 1117 2013; x_wconf 80' lang='lat' dir='ltr'><strong>privatisque,</strong></span> 
     </span>
     <span class='ocr_line' id='line_1_21' title="bbox 161 2010 1117 2096; baseline -0.001 -21"><span class='ocrx_word' id='word_1_147' title='bbox 161 2030 242 2096; x_wconf 83' lang='lat' dir='ltr'><strong>quas</strong></span> <span class='ocrx_word' id='word_1_148' title='bbox 258 2011 308 2084; x_wconf 88' lang='lat' dir='ltr'><strong>sui</strong></span> <span class='ocrx_word' id='word_1_149' title='bbox 323 2012 457 2096; x_wconf 90' lang='lat' dir='ltr'><strong>quisque</strong></span> <span class='ocrx_word' id='word_1_150' title='bbox 472 2010 629 2076; x_wconf 88' lang='lat' dir='ltr'><strong>commodi</strong></span> <span class='ocrx_word' id='word_1_151' title='bbox 649 2011 777 2095; x_wconf 81' lang='lat' dir='ltr'><strong>fecerat,</strong></span> <span class='ocrx_word' id='word_1_152' title='bbox 800 2033 852 2074; x_wconf 89' lang='lat' dir='ltr'><strong>am</strong></span> <span class='ocrx_word' id='word_1_153' title='bbox 874 2011 935 2075; x_wconf 90' lang='lat' dir='ltr'><strong>lius</strong></span> <span class='ocrx_word' id='word_1_154' title='bbox 957 2011 1117 2096; x_wconf 87' lang='lat' dir='ltr'><strong>octingen-</strong></span> 
     </span>
     <span class='ocr_line' id='line_1_22' title="bbox 160 2095 1119 2178; baseline 0.001 -19"><span class='ocrx_word' id='word_1_155' title='bbox 160 2103 214 2159; x_wconf 85' lang='lat' dir='ltr'><strong>tae</strong></span> <span class='ocrx_word' id='word_1_156' title='bbox 235 2117 300 2159; x_wconf 87' lang='lat' dir='ltr'><strong>uno</strong></span> <span class='ocrx_word' id='word_1_157' title='bbox 321 2103 412 2160; x_wconf 91' lang='lat' dir='ltr'><strong>erant</strong></span> <span class='ocrx_word' id='word_1_158' title='bbox 431 2095 520 2160; x_wconf 89' lang='lat' dir='ltr'><strong>visae</strong></span> <span class='ocrx_word' id='word_1_159' title='bbox 535 2105 598 2160; x_wconf 89' lang='lat' dir='ltr'><strong>tem</strong></span> <span class='ocrx_word' id='word_1_160' title='bbox 622 2117 685 2178; x_wconf 88' lang='lat' dir='ltr'><strong>ore,</strong></span> <span class='ocrx_word' id='word_1_161' title='bbox 709 2119 729 2160; x_wconf 89' lang='lat' dir='ltr'><strong>a</strong></span> <span class='ocrx_word' id='word_1_162' title='bbox 746 2097 838 2162; x_wconf 88' lang='lat' dir='ltr'><strong>litore</strong></span> <span class='ocrx_word' id='word_1_163' title='bbox 876 2097 883 2112; x_wconf 87' lang='lat'>&#39;</span> <span class='ocrx_word' id='word_1_164' title='bbox 903 2106 1066 2162; x_wconf 86' lang='lat' dir='ltr'><strong>cesserant</strong></span> <span class='ocrx_word' id='word_1_165' title='bbox 1080 2118 1119 2160; x_wconf 90' lang='lat' dir='ltr'><strong>ac</strong></span> 
     </span>
     <span class='ocr_line' id='line_1_23' title="bbox 158 2179 743 2266; baseline 0 -21"><span class='ocrx_word' id='word_1_166' title='bbox 158 2201 196 2246; x_wconf 78' lang='lat' dir='ltr'><strong>se</strong></span> <span class='ocrx_word' id='word_1_167' title='bbox 217 2181 251 2244; x_wconf 92' lang='lat' dir='ltr'><strong>in</strong></span> <span class='ocrx_word' id='word_1_168' title='bbox 273 2181 435 2266; x_wconf 89' lang='lat' dir='ltr'><strong>superiora</strong></span> <span class='ocrx_word' id='word_1_169' title='bbox 455 2179 527 2244; x_wconf 90' lang='lat' dir='ltr'><strong>loca</strong></span> <span class='ocrx_word' id='word_1_170' title='bbox 548 2179 588 2248; x_wconf 90' lang='lat' dir='ltr'><strong>ab</strong></span> <span class='ocrx_word' id='word_1_171' title='bbox 613 2179 743 2246; x_wconf 79' lang='lat' dir='ltr'><strong>‘derant</strong></span> 
     </span>
    </p>

    <p class='ocr_par' dir='ltr' id='par_1_3' title="bbox 59 2263 1119 2500">
     <span class='ocr_line' id='line_1_24' title="bbox 226 2263 1117 2350; baseline 0.006 -22"><span class='ocrx_word' id='word_1_172' title='bbox 226 2265 256 2328; x_wconf 87' lang='lat'><strong>9.</strong></span> <span class='ocrx_word' id='word_1_173' title='bbox 280 2263 401 2330; x_wconf 81' lang='lat' dir='ltr'><strong>Caesar</strong></span> <span class='ocrx_word' id='word_1_174' title='bbox 423 2267 565 2350; x_wconf 88' lang='lat' dir='ltr'><strong>exposito</strong></span> <span class='ocrx_word' id='word_1_175' title='bbox 580 2268 723 2332; x_wconf 85' lang='lat' dir='ltr'><strong>exercitu</strong></span> <span class='ocrx_word' id='word_1_176' title='bbox 737 2277 769 2332; x_wconf 92' lang='lat' dir='ltr'><strong>et</strong></span> <span class='ocrx_word' id='word_1_177' title='bbox 783 2265 852 2332; x_wconf 93' lang='lat' dir='ltr'><strong>loco</strong></span> <span class='ocrx_word' id='word_1_178' title='bbox 868 2268 980 2331; x_wconf 85' lang='lat' dir='ltr'><strong>castris</strong></span> <span class='ocrx_word' id='word_1_179' title='bbox 1002 2267 1117 2333; x_wconf 88' lang='lat' dir='ltr'><strong>idoneo</strong></span> 
     </span>
     <span class='ocr_line' id='line_1_25' title="bbox 59 2350 1119 2500; baseline 0 -84"><span class='ocrx_word' id='word_1_180' title='bbox 59 2431 66 2440; x_wconf 17' lang='grc' dir='ltr'>ἱ</span> <span class='ocrx_word' id='word_1_181' title='bbox 161 2359 263 2436; x_wconf 86' lang='lat' dir='ltr'><strong>capto,</strong></span> <span class='ocrx_word' id='word_1_182' title='bbox 286 2350 342 2415; x_wconf 87' lang='lat' dir='ltr'><strong>ubi</strong></span> <span class='ocrx_word' id='word_1_183' title='bbox 364 2373 406 2416; x_wconf 89' lang='lat' dir='ltr'><strong>ex</strong></span> <span class='ocrx_word' id='word_1_184' title='bbox 422 2352 561 2436; x_wconf 87' lang='lat' dir='ltr'><strong>captivis</strong></span> <span class='ocrx_word' id='word_1_185' title='bbox 577 2354 733 2436; x_wconf 84' lang='lat' dir='ltr'><strong>cognovit,</strong></span> <span class='ocrx_word' id='word_1_186' title='bbox 757 2375 819 2500; x_wconf 79' lang='lat' dir='ltr'><strong>quo</strong></span> <span class='ocrx_word' id='word_1_187' title='bbox 841 2355 875 2416; x_wconf 91' lang='lat' dir='ltr'><strong>in</strong></span> <span class='ocrx_word' id='word_1_188' title='bbox 889 2351 958 2418; x_wconf 94' lang='lat' dir='ltr'><strong>loco</strong></span> <span class='ocrx_word' id='word_1_189' title='bbox 980 2351 1119 2418; x_wconf 86' lang='lat' dir='ltr'><strong>bostium</strong></span> 
     </span>
    </p>

    <p class='ocr_par' dir='ltr' id='par_1_4' title="bbox 159 2434 1119 3544">
     <span class='ocr_line' id='line_1_26' title="bbox 159 2434 1118 2521; baseline 0.005 -21"><span class='ocrx_word' id='word_1_190' title='bbox 159 2436 272 2521; x_wconf 86' lang='lat' dir='ltr'><strong>copiae</strong></span> <span class='ocrx_word' id='word_1_191' title='bbox 294 2434 527 2518; x_wconf 87' lang='lat' dir='ltr'><strong>consedissent,</strong></span> <span class='ocrx_word' id='word_1_192' title='bbox 557 2435 738 2502; x_wconf 87' lang='lat' dir='ltr'><strong>cohortibus</strong></span> <span class='ocrx_word' id='word_1_193' title='bbox 783 2459 871 2502; x_wconf 88' lang='lat' dir='ltr'><strong>ecem</strong></span> <span class='ocrx_word' id='word_1_194' title='bbox 894 2437 935 2502; x_wconf 87' lang='lat' dir='ltr'><strong>ad</strong></span> <span class='ocrx_word' id='word_1_195' title='bbox 960 2460 1048 2502; x_wconf 87' lang='lat' dir='ltr'><strong>mare</strong></span> <span class='ocrx_word' id='word_1_196' title='bbox 1069 2461 1118 2508; x_wconf 89' lang='lat' dir='ltr'><strong>re·</strong></span> 
     </span>
     <span class='ocr_line' id='line_1_27' title="bbox 160 2518 1118 2609; baseline 0 -23"><span class='ocrx_word' id='word_1_197' title='bbox 160 2518 244 2586; x_wconf 89' lang='lat' dir='ltr'><strong>lictis</strong></span> <span class='ocrx_word' id='word_1_198' title='bbox 275 2530 307 2586; x_wconf 87' lang='lat' dir='ltr'><strong>et</strong></span> <span class='ocrx_word' id='word_1_199' title='bbox 329 2520 485 2608; x_wconf 89' lang='lat' dir='ltr'><strong>equitibus</strong></span> <span class='ocrx_word' id='word_1_200' title='bbox 512 2523 679 2604; x_wconf 86' lang='lat' dir='ltr'><strong>trecentis,</strong></span> <span class='ocrx_word' id='word_1_201' title='bbox 712 2525 766 2608; x_wconf 92' lang='lat' dir='ltr'><strong>qui</strong></span> <span class='ocrx_word' id='word_1_202' title='bbox 792 2523 952 2609; x_wconf 85' lang='lat' dir='ltr'><strong>praesidio</strong></span> <span class='ocrx_word' id='word_1_203' title='bbox 980 2522 1118 2588; x_wconf 87' lang='lat' dir='ltr'><strong>navibus</strong></span> 
     </span>
     <span class='ocr_line' id='line_1_28' title="bbox 160 2605 1118 2692; baseline 0.002 -20"><span class='ocrx_word' id='word_1_204' title='bbox 160 2615 277 2690; x_wconf 88' lang='lat' dir='ltr'><strong>essent,</strong></span> <span class='ocrx_word' id='word_1_205' title='bbox 301 2605 341 2670; x_wconf 92' lang='lat' dir='ltr'><strong>de</strong></span> <span class='ocrx_word' id='word_1_206' title='bbox 363 2607 457 2670; x_wconf 88' lang='lat' dir='ltr'><strong>tertia</strong></span> <span class='ocrx_word' id='word_1_207' title='bbox 470 2605 581 2692; x_wconf 85' lang='lat' dir='ltr'><strong>vigilia</strong></span> <span class='ocrx_word' id='word_1_208' title='bbox 594 2607 636 2672; x_wconf 88' lang='lat' dir='ltr'><strong>ad</strong></span> <span class='ocrx_word' id='word_1_209' title='bbox 649 2608 757 2672; x_wconf 88' lang='lat' dir='ltr'><strong>hostes</strong></span> <span class='ocrx_word' id='word_1_210' title='bbox 779 2607 941 2674; x_wconf 89' lang='lat' dir='ltr'><strong>contendit</strong></span> <span class='ocrx_word' id='word_1_211' title='bbox 956 2629 994 2674; x_wconf 91' lang='lat' dir='ltr'><strong>eo</strong></span> <span class='ocrx_word' id='word_1_212' title='bbox 1013 2610 1118 2674; x_wconf 88' lang='lat' dir='ltr'><strong>minus</strong></span> 
     </span>
     <span class='ocr_line' id='line_1_29' title="bbox 160 2690 1118 2780; baseline 0.004 -24"><span class='ocrx_word' id='word_1_213' title='bbox 160 2693 280 2756; x_wconf 88' lang='lat' dir='ltr'><strong>veritus</strong></span> <span class='ocrx_word' id='word_1_214' title='bbox 307 2691 459 2774; x_wconf 85' lang='lat' dir='ltr'><strong>navibus,</strong></span> <span class='ocrx_word' id='word_1_215' title='bbox 489 2690 574 2778; x_wconf 84' lang='lat' dir='ltr'><strong>quod</strong></span> <span class='ocrx_word' id='word_1_216' title='bbox 595 2693 742 2758; x_wconf 85' lang='lat' dir='ltr'><strong>inlitora</strong></span> <span class='ocrx_word' id='word_1_217' title='bbox 771 2693 860 2759; x_wconf 90' lang='lat' dir='ltr'><strong>molli</strong></span> <span class='ocrx_word' id='word_1_218' title='bbox 886 2703 980 2780; x_wconf 87' lang='lat' dir='ltr'><strong>atque</strong></span> <span class='ocrx_word' id='word_1_219' title='bbox 1008 2703 1118 2780; x_wconf 86' lang='lat' dir='ltr'><strong>aperto</strong></span> 
     </span>
     <span class='ocr_line' id='line_1_30' title="bbox 160 2775 1118 2864; baseline 0.005 -24"><span class='ocrx_word' id='word_1_220' title='bbox 160 2775 315 2862; x_wconf 84' lang='lat' dir='ltr'><strong>deligatas</strong></span> <span class='ocrx_word' id='word_1_221' title='bbox 338 2777 379 2841; x_wconf 91' lang='lat' dir='ltr'><strong>ad</strong></span> <span class='ocrx_word' id='word_1_222' title='bbox 401 2799 549 2842; x_wconf 85' lang='lat' dir='ltr'><strong>ancoram</strong></span> <span class='ocrx_word' id='word_1_223' title='bbox 563 2776 771 2864; x_wconf 89' lang='lat' dir='ltr'><strong>relinquebat,</strong></span> <span class='ocrx_word' id='word_1_224' title='bbox 794 2788 826 2844; x_wconf 90' lang='lat' dir='ltr'><strong>et</strong></span> <span class='ocrx_word' id='word_1_225' title='bbox 847 2779 1007 2864; x_wconf 86' lang='lat' dir='ltr'><strong>praesidio</strong></span> <span class='ocrx_word' id='word_1_226' title='bbox 1029 2781 1118 2845; x_wconf 81' lang='lat' dir='ltr'><strong>navi·</strong></span> 
     </span>
     <span class='ocr_line' id='line_1_31' title="bbox 160 2858 1118 2951; baseline 0.003 -25"><span class='ocrx_word' id='word_1_227' title='bbox 160 2858 221 2926; x_wconf 91' lang='lat' dir='ltr'><strong>bus</strong></span> <span class='ocrx_word' id='word_1_228' title='bbox 255 2861 408 2940; x_wconf 77' lang='lat' dir='ltr'><strong>Quintum</strong></span> <span class='ocrx_word' id='word_1_229' title='bbox 438 2862 564 2927; x_wconf 88' lang='lat' dir='ltr'><strong>Atrium</strong></span> <span class='ocrx_word' id='word_1_230' title='bbox 596 2863 757 2948; x_wconf 85' lang='lat' dir='ltr'><strong>praefecit.</strong></span> <span class='ocrx_word' id='word_1_231' title='bbox 808 2863 881 2950; x_wconf 88' lang='lat' dir='ltr'><strong>Ipse</strong></span> <span class='ocrx_word' id='word_1_232' title='bbox 920 2873 1016 2930; x_wconf 88' lang='lat' dir='ltr'><strong>noctu</strong></span> <span class='ocrx_word' id='word_1_233' title='bbox 1047 2887 1118 2951; x_wconf 87' lang='lat' dir='ltr'><strong>pro·</strong></span> 
     </span>
     <span class='ocr_line' id='line_1_32' title="bbox 160 2947 1117 3036; baseline 0.002 -24"><span class='ocrx_word' id='word_1_234' title='bbox 160 2967 289 3033; x_wconf 82' lang='lat' dir='ltr'><strong>gressus</strong></span> <span class='ocrx_word' id='word_1_235' title='bbox 319 2947 406 3012; x_wconf 87' lang='lat' dir='ltr'><strong>milia</strong></span> <span class='ocrx_word' id='word_1_236' title='bbox 430 2969 583 3033; x_wconf 87' lang='lat' dir='ltr'><strong>passuum</strong></span> <span class='ocrx_word' id='word_1_237' title='bbox 611 2949 736 3013; x_wconf 87' lang='lat' dir='ltr'><strong>circiter</strong></span> <span class='ocrx_word' id='word_1_238' title='bbox 757 2956 808 3012; x_wconf 84' lang='lat' dir='ltr'><strong>Xll</strong></span> <span class='ocrx_word' id='word_1_239' title='bbox 839 2949 976 3014; x_wconf 90' lang='lat' dir='ltr'><strong>hostium</strong></span> <span class='ocrx_word' id='word_1_240' title='bbox 1009 2951 1117 3036; x_wconf 87' lang='lat' dir='ltr'><strong>copias</strong></span> 
     </span>
     <span class='ocr_line' id='line_1_33' title="bbox 160 3030 1119 3120; baseline 0.001 -22"><span class='ocrx_word' id='word_1_241' title='bbox 160 3030 358 3119; x_wconf 85' lang='lat' dir='ltr'><strong>conspicatus</strong></span> <span class='ocrx_word' id='word_1_242' title='bbox 374 3041 431 3096; x_wconf 88' lang='lat' dir='ltr'><strong>est.</strong></span> <span class='ocrx_word' id='word_1_243' title='bbox 463 3031 516 3096; x_wconf 94' lang='lat' dir='ltr'><strong>Illi</strong></span> <span class='ocrx_word' id='word_1_244' title='bbox 535 3037 675 3117; x_wconf 88' lang='lat' dir='ltr'><strong>equitatu</strong></span> <span class='ocrx_word' id='word_1_245' title='bbox 694 3043 790 3120; x_wconf 88' lang='lat' dir='ltr'><strong>atque</strong></span> <span class='ocrx_word' id='word_1_246' title='bbox 806 3033 928 3098; x_wconf 86' lang='lat' dir='ltr'><strong>essedis</strong></span> <span class='ocrx_word' id='word_1_247' title='bbox 943 3035 985 3098; x_wconf 86' lang='lat' dir='ltr'><strong>ad</strong></span> <span class='ocrx_word' id='word_1_248' title='bbox 998 3033 1119 3099; x_wconf 88' lang='lat' dir='ltr'><strong>flumen</strong></span> 
     </span>
     <span class='ocr_line' id='line_1_34' title="bbox 159 3115 1119 3219; baseline -0.002 -35"><span class='ocrx_word' id='word_1_249' title='bbox 159 3119 320 3204; x_wconf 79' lang='lat' dir='ltr'><strong>progressi</strong></span> <span class='ocrx_word' id='word_1_250' title='bbox 354 3139 395 3182; x_wconf 86' lang='lat' dir='ltr'><strong>ex</strong></span> <span class='ocrx_word' id='word_1_251' title='bbox 427 3115 497 3183; x_wconf 91' lang='lat' dir='ltr'><strong>loco</strong></span> <span class='ocrx_word' id='word_1_252' title='bbox 530 3119 692 3203; x_wconf 88' lang='lat' dir='ltr'><strong>superiore</strong></span> <span class='ocrx_word' id='word_1_253' title='bbox 725 3127 851 3184; x_wconf 86' lang='lat' dir='ltr'><strong>nostros</strong></span> <span class='ocrx_word' id='word_1_254' title='bbox 882 3117 1052 3219; x_wconf 87' lang='lat' dir='ltr'><strong>prohibere</strong></span> <span class='ocrx_word' id='word_1_255' title='bbox 1087 3130 1119 3186; x_wconf 89' lang='lat' dir='ltr'><strong>et</strong></span> 
     </span>
     <span class='ocr_line' id='line_1_35' title="bbox 160 3202 1118 3291; baseline 0.002 -25"><span class='ocrx_word' id='word_1_256' title='bbox 160 3202 315 3288; x_wconf 87' lang='lat' dir='ltr'><strong>proelium</strong></span> <span class='ocrx_word' id='word_1_257' title='bbox 337 3203 533 3268; x_wconf 86' lang='lat' dir='ltr'><strong>committere</strong></span> <span class='ocrx_word' id='word_1_258' title='bbox 547 3223 603 3268; x_wconf 89' lang='lat' dir='ltr'><strong>coe</strong></span> <span class='ocrx_word' id='word_1_259' title='bbox 627 3211 726 3267; x_wconf 85' lang='lat' dir='ltr'><strong>e1unt.</strong></span> <span class='ocrx_word' id='word_1_260' title='bbox 759 3203 891 3290; x_wconf 86' lang='lat' dir='ltr'><strong>Repulsr</strong></span> <span class='ocrx_word' id='word_1_261' title='bbox 913 3203 954 3268; x_wconf 94' lang='lat' dir='ltr'><strong>ab</strong></span> <span class='ocrx_word' id='word_1_262' title='bbox 977 3206 1118 3291; x_wconf 87' lang='lat' dir='ltr'><strong>equitatu</strong></span> 
     </span>
     <span class='ocr_line' id='line_1_36' title="bbox 161 3225 1118 3374; baseline 0.001 -23"><span class='ocrx_word' id='word_1_263' title='bbox 161 3308 196 3358; x_wconf 84' lang='lat' dir='ltr'><strong>se</strong></span> <span class='ocrx_word' id='word_1_264' title='bbox 218 3289 252 3351; x_wconf 90' lang='lat' dir='ltr'><strong>in</strong></span> <span class='ocrx_word' id='word_1_265' title='bbox 275 3287 372 3352; x_wconf 81' lang='lat' dir='ltr'><strong>silvas</strong></span> <span class='ocrx_word' id='word_1_266' title='bbox 394 3286 585 3352; x_wconf 88' lang='lat' dir='ltr'><strong>abdiderunt</strong></span> <span class='ocrx_word' id='word_1_267' title='bbox 603 3225 710 3354; x_wconf 83' lang='lat' dir='ltr'><strong>locum</strong></span> <span class='ocrx_word' id='word_1_268' title='bbox 728 3291 836 3354; x_wconf 88' lang='lat' dir='ltr'><strong>nancti</strong></span> <span class='ocrx_word' id='word_1_269' title='bbox 859 3291 987 3374; x_wconf 84' lang='lat' dir='ltr'><strong>egregie</strong></span> <span class='ocrx_word' id='word_1_270' title='bbox 1009 3298 1041 3358; x_wconf 91' lang='lat' dir='ltr'><strong>et</strong></span> <span class='ocrx_word' id='word_1_271' title='bbox 1063 3311 1118 3353; x_wconf 89' lang='lat' dir='ltr'><strong>na-</strong></span> 
     </span>
     <span class='ocr_line' id='line_1_37' title="bbox 160 3372 1118 3458; baseline 0 -22"><span class='ocrx_word' id='word_1_272' title='bbox 160 3380 232 3437; x_wconf 88' lang='lat' dir='ltr'><strong>tura</strong></span> <span class='ocrx_word' id='word_1_273' title='bbox 247 3382 279 3437; x_wconf 91' lang='lat' dir='ltr'><strong>et</strong></span> <span class='ocrx_word' id='word_1_274' title='bbox 289 3395 386 3458; x_wconf 90' lang='lat' dir='ltr'><strong>opere</strong></span> <span class='ocrx_word' id='word_1_275' title='bbox 397 3372 560 3454; x_wconf 88' lang='lat' dir='ltr'><strong>munitum,</strong></span> <span class='ocrx_word' id='word_1_276' title='bbox 583 3393 677 3458; x_wconf 91' lang='lat' dir='ltr'><strong>quem</strong></span> <span class='ocrx_word' id='word_1_277' title='bbox 692 3372 858 3439; x_wconf 87' lang='lat' dir='ltr'><strong>domestici</strong></span> <span class='ocrx_word' id='word_1_278' title='bbox 872 3373 959 3456; x_wconf 90' lang='lat' dir='ltr'><strong>belli,</strong></span> <span class='ocrx_word' id='word_1_279' title='bbox 982 3383 1017 3438; x_wconf 86' lang='lat' dir='ltr'><strong>ut</strong></span> <span class='ocrx_word' id='word_1_280' title='bbox 1031 3373 1118 3438; x_wconf 85' lang='lat' dir='ltr'><strong>vide-</strong></span> 
     </span>
     <span class='ocr_line' id='line_1_38' title="bbox 161 3451 1118 3544; baseline 0 -22"><span class='ocrx_word' id='word_1_281' title='bbox 161 3451 264 3541; x_wconf 86' lang='lat' dir='ltr'><strong>batur,</strong></span> <span class='ocrx_word' id='word_1_282' title='bbox 287 3479 384 3523; x_wconf 78' lang='lat' dir='ltr'><strong>cauea</strong></span> <span class='ocrx_word' id='word_1_283' title='bbox 404 3457 469 3522; x_wconf 89' lang='lat' dir='ltr'><strong>iam</strong></span> <span class='ocrx_word' id='word_1_284' title='bbox 491 3465 565 3522; x_wconf 85' lang='lat' dir='ltr'><strong>ante</strong></span> <span class='ocrx_word' id='word_1_285' title='bbox 589 3467 876 3544; x_wconf 84' lang='lat' dir='ltr'><strong>praeparaverant:</strong></span> <span class='ocrx_word' id='word_1_286' title='bbox 898 3480 973 3524; x_wconf 88' lang='lat' dir='ltr'><strong>nam</strong></span> <span class='ocrx_word' id='word_1_287' title='bbox 999 3458 1118 3524; x_wconf 84' lang='lat' dir='ltr'><strong>crebris</strong></span> 
     </span>
    </p>
   </div>
   <div class='ocr_carea' id='block_1_3' title="bbox 0 0 1278 3970">
    <p class='ocr_par' dir='ltr' id='par_1_5' title="bbox 0 0 1278 3970">
     <span class='ocr_line' id='line_1_39' title="bbox 0 0 1278 3970; baseline 0 0"><span class='ocrx_word' id='word_1_288' title='bbox 0 0 1278 3970; x_wconf 95' lang='lat' dir='ltr'><strong> </strong></span> 
     </span>
    </p>
   </div>
  </div>
 </body>
</html>
