<?xml version="1.0" encoding="UTF-8"?>
<!DOCTYPE html PUBLIC "-//W3C//DTD XHTML 1.0 Transitional//EN"
    "http://www.w3.org/TR/xhtml1/DTD/xhtml1-transitional.dtd">
<html xmlns="http://www.w3.org/1999/xhtml" xml:lang="en" lang="en">
 <head>
  <title>
</title>
<meta http-equiv="Content-Type" content="text/html;charset=utf-8" />
  <meta name='ocr-system' content='tesseract 3.04.00' />
  <meta name='ocr-capabilities' content='ocr_page ocr_carea ocr_par ocr_line ocrx_word'/>
</head>
<body>
  <div class='ocr_page' id='page_1' title='image "./ciuliicaesarisc01hirtgoog_0392.png"; bbox 0 0 2562 3970; ppageno 0'>
   <div class='ocr_carea' id='block_1_1' title="bbox 408 219 1121 296">
    <p class='ocr_par' dir='ltr' id='par_1_1' title="bbox 408 219 1121 296">
     <span class='ocr_line' id='line_1_1' title="bbox 408 219 1121 296; baseline -0.006 -8"><span class='ocrx_word' id='word_1_1' title='bbox 408 223 544 288; x_wconf 73' lang='lat' dir='ltr'><strong>OOMN</strong></span> <span class='ocrx_word' id='word_1_2' title='bbox 567 224 583 286; x_wconf 96' lang='lat' dir='ltr'>I</span> <span class='ocrx_word' id='word_1_3' title='bbox 605 223 699 288; x_wconf 83' lang='lat' dir='ltr'>OAP..</span> <span class='ocrx_word' id='word_1_4' title='bbox 724 223 862 296; x_wconf 79' lang='lat'><strong>83-85.</strong></span> <span class='ocrx_word' id='word_1_5' title='bbox 1072 219 1121 284; x_wconf 80' lang='lat'><strong>45</strong></span> 
     </span>
    </p>
   </div>
   <div class='ocr_carea' id='block_1_2' title="bbox 70 392 1121 3534">
    <p class='ocr_par' dir='ltr' id='par_1_2' title="bbox 70 392 1121 3534">
     <span class='ocr_line' id='line_1_2' title="bbox 153 392 1121 482; baseline -0.004 -23"><span class='ocrx_word' id='word_1_6' title='bbox 153 415 220 482; x_wconf 83' lang='lat' dir='ltr'><strong>que·</strong></span> <span class='ocrx_word' id='word_1_7' title='bbox 238 397 381 458; x_wconf 71' lang='lat' dir='ltr'><strong>exermtu</strong></span> <span class='ocrx_word' id='word_1_8' title='bbox 402 393 542 480; x_wconf 84' lang='lat' dir='ltr'><strong>loquitur.</strong></span> <span class='ocrx_word' id='word_1_9' title='bbox 568 395 753 460; x_wconf 70' lang='lat' dir='ltr'><strong>Afraniustx·</strong></span> <span class='ocrx_word' id='word_1_10' title='bbox 766 393 839 458; x_wconf 89' lang='lat' dir='ltr'><strong>Non</strong></span> <span class='ocrx_word' id='word_1_11' title='bbox 868 414 940 456; x_wconf 86' lang='lat' dir='ltr'><strong>esse</strong></span> <span class='ocrx_word' id='word_1_12' title='bbox 967 401 1021 456; x_wconf 90' lang='lat' dir='ltr'><strong>aut</strong></span> <span class='ocrx_word' id='word_1_13' title='bbox 1041 392 1121 476; x_wconf 88' lang='lat' dir='ltr'><strong>ipsis</strong></span> 
     </span>
     <span class='ocr_line' id='line_1_3' title="bbox 135 477 1121 565; baseline -0.003 -23"><span class='ocrx_word' id='word_1_14' title='bbox 135 483 209 543; x_wconf 53' lang='lat' dir='ltr'><strong>‘a‘ut</strong></span> <span class='ocrx_word' id='word_1_15' title='bbox 222 479 380 542; x_wconf 78' lang='lat' dir='ltr'><strong>militibus</strong></span> <span class='ocrx_word' id='word_1_16' title='bbox 404 481 666 561; x_wconf 65' lang='lat' dir='ltr'>succensendum,</span> <span class='ocrx_word' id='word_1_17' title='bbox 695 478 783 565; x_wconf 65' lang='lat' dir='ltr'><strong>‘quod</strong></span> <span class='ocrx_word' id='word_1_18' title='bbox 803 477 901 542; x_wconf 88' lang='lat' dir='ltr'><strong>fidem</strong></span> <span class='ocrx_word' id='word_1_19' title='bbox 924 499 1002 562; x_wconf 84' lang='lat' dir='ltr'><strong>erga</strong></span> <span class='ocrx_word' id='word_1_20' title='bbox 1023 479 1121 561; x_wconf 85' lang='lat' dir='ltr'><strong>irnpe-</strong></span> 
     </span>
     <span class='ocr_line' id='line_1_4' title="bbox 152 561 1120 648; baseline -0.004 -20"><span class='ocrx_word' id='word_1_21' title='bbox 152 563 489 628; x_wconf 71' lang='lat' dir='ltr'><strong>ratoremsuumssn.</strong></span> <span class='ocrx_word' id='word_1_22' title='bbox 516 565 703 648; x_wconf 90' lang='lat' dir='ltr'><strong>Pompeium</strong></span> <span class='ocrx_word' id='word_1_23' title='bbox 731 567 923 627; x_wconf 89' lang='lat' dir='ltr'><strong>conservare</strong></span> <span class='ocrx_word' id='word_1_24' title='bbox 952 561 1120 626; x_wconf 88' lang='lat' dir='ltr'><strong>voluerint.</strong></span> 
     </span>
     <span class='ocr_line' id='line_1_5' title="bbox 152 646 1121 734; baseline -0.003 -22"><span class='ocrx_word' id='word_1_25' title='bbox 152 649 218 712; x_wconf 82' lang='lat' dir='ltr'><strong>Sed</strong></span> <span class='ocrx_word' id='word_1_26' title='bbox 240 651 315 713; x_wconf 87' lang='lat' dir='ltr'><strong>satis</strong></span> <span class='ocrx_word' id='word_1_27' title='bbox 328 649 401 710; x_wconf 72' lang='lat' dir='ltr'><strong>‘iam</strong></span> <span class='ocrx_word' id='word_1_28' title='bbox 422 648 537 715; x_wconf 86' lang='lat' dir='ltr'><strong>fecisse</strong></span> <span class='ocrx_word' id='word_1_29' title='bbox 553 649 656 713; x_wconf 86' lang='lat' dir='ltr'><strong>officio</strong></span> <span class='ocrx_word' id='word_1_30' title='bbox 673 650 818 734; x_wconf 84' lang='lat' dir='ltr'><strong>satisque.</strong></span> <span class='ocrx_word' id='word_1_31' title='bbox 829 647 975 732; x_wconf 87' lang='lat' dir='ltr'><strong>supplicii</strong></span> <span class='ocrx_word' id='word_1_32' title='bbox 996 646 1121 710; x_wconf 71' lang='lat' dir='ltr'><strong>sitisse.</strong></span> 
     </span>
     <span class='ocr_line' id='line_1_6' title="bbox 151 733 1121 818; baseline -0.001 -22"><span class='ocrx_word' id='word_1_33' title='bbox 151 733 332 818; x_wconf 84' lang='lat' dir='ltr'><strong>Perpessus·</strong></span> <span class='ocrx_word' id='word_1_34' title='bbox 348 735 489 797; x_wconf 87' lang='lat' dir='ltr'><strong>omnium</strong></span> <span class='ocrx_word' id='word_1_35' title='bbox 511 753 617 799; x_wconf 89' lang='lat' dir='ltr'><strong>rerum</strong></span> <span class='ocrx_word' id='word_1_36' title='bbox 637 735 689 798; x_wconf 82' lang='lat' dir='ltr'><strong>i&#39;no</strong></span> <span class='ocrx_word' id='word_1_37' title='bbox 710 735 790 797; x_wconf 87' lang='lat' dir='ltr'><strong>iam:</strong></span> <span class='ocrx_word' id='word_1_38' title='bbox 812 754 898 796; x_wconf 88' lang='lat' dir='ltr'><strong>nunc</strong></span> <span class='ocrx_word' id='word_1_39' title='bbox 919 754 996 796; x_wconf 88' lang='lat' dir='ltr'><strong>vero</strong></span> <span class='ocrx_word' id='word_1_40' title='bbox 1018 736 1121 817; x_wconf 79' lang='lat' dir='ltr'><strong>paene</strong></span> 
     </span>
     <span class='ocr_line' id='line_1_7' title="bbox 81 756 1121 904; baseline 0 -24"><span class='ocrx_word' id='word_1_41' title='bbox 81 886 84 890; x_wconf 60' lang='grc'><strong>,</strong></span> <span class='ocrx_word' id='word_1_42' title='bbox 151 826 188 880; x_wconf 89' lang='lat' dir='ltr'><strong>ut</strong></span> <span class='ocrx_word' id='word_1_43' title='bbox 208 819 293 881; x_wconf 82' lang='lat' dir='ltr'><strong>ieras</strong></span> <span class='ocrx_word' id='word_1_44' title='bbox 316 819 573 883; x_wconf 78' lang='lat' dir='ltr'><strong>circummurntos</strong></span> <span class='ocrx_word' id='word_1_45' title='bbox 585 756 759 904; x_wconf 72' lang='lat' dir='ltr'><strong>probideri</strong></span> <span class='ocrx_word' id='word_1_46' title='bbox 775 839 868 904; x_wconf 83' lang='lat' dir='ltr'><strong>aqua,</strong></span> <span class='ocrx_word' id='word_1_47' title='bbox 891 817 1054 902; x_wconf 81' lang='lat' dir='ltr'><strong>prohiberi</strong></span> <span class='ocrx_word' id='word_1_48' title='bbox 1075 817 1121 880; x_wconf 90' lang='lat' dir='ltr'><strong>in·</strong></span> 
     </span>
     <span class='ocr_line' id='line_1_8' title="bbox 152 903 1120 988; baseline -0.001 -23"><span class='ocrx_word' id='word_1_49' title='bbox 152 923 275 986; x_wconf 83' lang='lat' dir='ltr'><strong>gressu,</strong></span> <span class='ocrx_word' id='word_1_50' title='bbox 303 923 407 986; x_wconf 89' lang='lat' dir='ltr'><strong>neque</strong></span> <span class='ocrx_word' id='word_1_51' title='bbox 436 925 569 988; x_wconf 89' lang='lat' dir='ltr'><strong>corpore</strong></span> <span class='ocrx_word' id='word_1_52' title='bbox 582 929 585 934; x_wconf 92' lang='lat'>·</span> <span class='ocrx_word' id='word_1_53' title='bbox 598 903 741 968; x_wconf 92' lang='lat' dir='ltr'><strong>dolorem</strong></span> <span class='ocrx_word' id='word_1_54' title='bbox 767 923 873 988; x_wconf 88' lang='lat' dir='ltr'><strong>neque</strong></span> <span class='ocrx_word' id='word_1_55' title='bbox 892 904 1010 965; x_wconf 82' lang='lat' dir='ltr'><strong>animo</strong></span> <span class='ocrx_word' id='word_1_56' title='bbox 1032 903 1120 985; x_wconf 87' lang='lat' dir='ltr'><strong>igno-</strong></span> 
     </span>
     <span class='ocr_line' id='line_1_9' title="bbox 151 987 1121 1072; baseline 0 -22"><span class='ocrx_word' id='word_1_57' title='bbox 151 989 283 1050; x_wconf 90' lang='lat' dir='ltr'><strong>miniam</strong></span> <span class='ocrx_word' id='word_1_58' title='bbox 303 987 388 1050; x_wconf 85' lang='lat' dir='ltr'><strong>ferre</strong></span> <span class='ocrx_word' id='word_1_59' title='bbox 410 1009 513 1072; x_wconf 86' lang='lat' dir='ltr'><strong>posse.</strong></span> <span class='ocrx_word' id='word_1_60' title='bbox 529 988 641 1072; x_wconf 87' lang='lat' dir='ltr'><strong>Itaque</strong></span> <span class='ocrx_word' id='word_1_61' title='bbox 662 1010 696 1051; x_wconf 89' lang='lat' dir='ltr'><strong>se</strong></span> <span class='ocrx_word' id='word_1_62' title='bbox 717 989 821 1052; x_wconf 84' lang='lat' dir='ltr'><strong>victos</strong></span> <span class='ocrx_word' id='word_1_63' title='bbox 845 987 1004 1068; x_wconf 60' lang='lat' dir='ltr'><strong>confiteriq</strong></span> <span class='ocrx_word' id='word_1_64' title='bbox 1028 1007 1121 1050; x_wconf 83' lang='lat' dir='ltr'><strong>orare</strong></span> 
     </span>
     <span class='ocr_line' id='line_1_10' title="bbox 152 1070 1121 1158; baseline 0 -24"><span class='ocrx_word' id='word_1_65' title='bbox 152 1077 247 1158; x_wconf 87' lang='lat' dir='ltr'><strong>atque</strong></span> <span class='ocrx_word' id='word_1_66' title='bbox 278 1072 455 1154; x_wconf 84' lang='lat' dir='ltr'><strong>obsecrare,</strong></span> <span class='ocrx_word' id='word_1_67' title='bbox 495 1075 605 1157; x_wconf 87' lang='lat' dir='ltr'><strong>siqui</strong></span> <span class='ocrx_word' id='word_1_68' title='bbox 637 1072 726 1136; x_wconf 91' lang='lat' dir='ltr'><strong>locus</strong></span> <span class='ocrx_word' id='word_1_69' title='bbox 761 1071 999 1136; x_wconf 78' lang='lat' dir='ltr'><strong>misericordiae</strong></span> <span class='ocrx_word' id='word_1_70' title='bbox 1024 1070 1121 1134; x_wconf 88' lang='lat' dir='ltr'><strong>relin-</strong></span> 
     </span>
     <span class='ocr_line' id='line_1_11' title="bbox 103 1156 1121 1242; baseline 0 -24"><span class='ocrx_word' id='word_1_71' title='bbox 103 1232 105 1236; x_wconf 81' lang='lat'>.</span> <span class='ocrx_word' id='word_1_72' title='bbox 153 1165 277 1242; x_wconf 80' lang='lat' dir='ltr'><strong>quatur,</strong></span> <span class='ocrx_word' id='word_1_73' title='bbox 299 1178 341 1219; x_wconf 92' lang='lat' dir='ltr'><strong>ne</strong></span> <span class='ocrx_word' id='word_1_74' title='bbox 358 1157 408 1219; x_wconf 30' lang='lat' dir='ltr'><strong>‘ad&#39;</strong></span> <span class='ocrx_word' id='word_1_75' title='bbox 424 1157 570 1221; x_wconf 86' lang='lat' dir='ltr'><strong>ultimum</strong></span> <span class='ocrx_word' id='word_1_76' title='bbox 598 1157 789 1242; x_wconf 89' lang='lat' dir='ltr'><strong>supplicium</strong></span> <span class='ocrx_word' id='word_1_77' title='bbox 817 1156 967 1242; x_wconf 81' lang='lat' dir='ltr'><strong>progredi</strong></span> <span class='ocrx_word' id='word_1_78' title='bbox 988 1177 1121 1220; x_wconf 85' lang='lat' dir='ltr'><strong>neeesse</strong></span> 
     </span>
     <span class='ocr_line' id='line_1_12' title="bbox 152 1240 1120 1328; baseline 0 -24"><span class='ocrx_word' id='word_1_79' title='bbox 152 1241 301 1304; x_wconf 82' lang='lat' dir='ltr'><strong>habeant</strong></span> <span class='ocrx_word' id='word_1_80' title='bbox 335 1241 425 1305; x_wconf 87' lang='lat' dir='ltr'><strong>Haec</strong></span> <span class='ocrx_word' id='word_1_81' title='bbox 448 1265 541 1326; x_wconf 91' lang='lat' dir='ltr'><strong>quam</strong></span> <span class='ocrx_word' id='word_1_82' title='bbox 564 1252 669 1328; x_wconf 88' lang='lat' dir='ltr'><strong>potest</strong></span> <span class='ocrx_word' id='word_1_83' title='bbox 698 1242 928 1305; x_wconf 87' lang='lat' dir='ltr'><strong>demississime</strong></span> <span class='ocrx_word' id='word_1_84' title='bbox 959 1250 990 1304; x_wconf 91' lang='lat' dir='ltr'><strong>et</strong></span> <span class='ocrx_word' id='word_1_85' title='bbox 1017 1240 1120 1304; x_wconf 87' lang='lat' dir='ltr'><strong>subie-</strong></span> 
     </span>
     <span class='ocr_line' id='line_1_13' title="bbox 151 1327 1080 1410; baseline 0 -22"><span class='ocrx_word' id='word_1_86' title='bbox 151 1327 294 1390; x_wconf 73' lang='lat' dir='ltr'><strong>ctissime</strong></span> <span class='ocrx_word' id='word_1_87' title='bbox 316 1329 454 1410; x_wconf 82' lang='lat' dir='ltr'><strong>exponit.</strong></span> <span class='ocrx_word' id='word_1_88' title='bbox 691 1330 694 1335; x_wconf 82' lang='grc'><strong>’</strong></span> <span class='ocrx_word' id='word_1_89' title='bbox 1074 1352 1080 1387; x_wconf 76' lang='lat' dir='ltr'><strong>s</strong></span> 
     </span>
     <span class='ocr_line' id='line_1_14' title="bbox 151 1409 1119 1476; baseline 0.001 -5"><span class='ocrx_word' id='word_1_90' title='bbox 151 1433 159 1452; x_wconf 62' lang='grc'><strong>-’</strong></span> <span class='ocrx_word' id='word_1_91' title='bbox 217 1409 268 1472; x_wconf 83' lang='grc'><strong>85.</strong></span> <span class='ocrx_word' id='word_1_92' title='bbox 291 1410 344 1472; x_wconf 90' lang='lat' dir='ltr'><strong>Ad</strong></span> <span class='ocrx_word' id='word_1_93' title='bbox 366 1433 404 1474; x_wconf 86' lang='lat' dir='ltr'><strong>ea</strong></span> <span class='ocrx_word' id='word_1_94' title='bbox 434 1411 555 1476; x_wconf 72' lang='lat' dir='ltr'><strong>Caesar</strong></span> <span class='ocrx_word' id='word_1_95' title='bbox 580 1415 634 1476; x_wconf 84' lang='lat' dir='ltr'><strong>res</strong></span> <span class='ocrx_word' id='word_1_96' title='bbox 658 1411 759 1476; x_wconf 88' lang='lat' dir='ltr'><strong>ondit:</strong></span> <span class='ocrx_word' id='word_1_97' title='bbox 789 1410 877 1474; x_wconf 83' lang='lat' dir='ltr'><strong>Nulli</strong></span> <span class='ocrx_word' id='word_1_98' title='bbox 899 1412 1040 1476; x_wconf 89' lang='lat' dir='ltr'><strong>omnium</strong></span> <span class='ocrx_word' id='word_1_99' title='bbox 1062 1411 1119 1474; x_wconf 81' lang='lat' dir='ltr'><strong>has</strong></span> 
     </span>
     <span class='ocr_line' id='line_1_15' title="bbox 151 1434 1120 1642; baseline 0.001 -85"><span class='ocrx_word' id='word_1_100' title='bbox 151 1503 258 1580; x_wconf 89' lang='lat' dir='ltr'><strong>partes</strong></span> <span class='ocrx_word' id='word_1_101' title='bbox 279 1495 333 1560; x_wconf 85' lang='lat' dir='ltr'><strong>vel</strong></span> <span class='ocrx_word' id='word_1_102' title='bbox 356 1498 572 1642; x_wconf 70' lang='lat' dir='ltr'><strong>querimoniae</strong></span> <span class='ocrx_word' id='word_1_103' title='bbox 594 1434 655 1560; x_wconf 71' lang='lat' dir='ltr'><strong>vel</strong></span> <span class='ocrx_word' id='word_1_104' title='bbox 677 1497 889 1560; x_wconf 83' lang='lat' dir='ltr'><strong>miserationis</strong></span> <span class='ocrx_word' id='word_1_105' title='bbox 918 1497 1023 1558; x_wconf 88' lang='lat' dir='ltr'><strong>minus</strong></span> <span class='ocrx_word' id='word_1_106' title='bbox 1041 1517 1120 1558; x_wconf 90' lang='lat' dir='ltr'><strong>con-</strong></span> 
     </span>
     <span class='ocr_line' id='line_1_16' title="bbox 151 1580 1119 1665; baseline 0.001 -24"><span class='ocrx_word' id='word_1_107' title='bbox 151 1581 299 1643; x_wconf 78' lang='lat' dir='ltr'><strong>venisse·</strong></span> <span class='ocrx_word' id='word_1_108' title='bbox 312 1580 360 1644; x_wconf 86' lang='lat' dir='ltr'><strong>Re</strong></span> <span class='ocrx_word' id='word_1_109' title='bbox 375 1583 465 1665; x_wconf 87' lang='lat' dir='ltr'><strong>&#39;quos</strong></span> <span class='ocrx_word' id='word_1_110' title='bbox 495 1583 580 1644; x_wconf 89' lang='lat' dir='ltr'><strong>enim</strong></span> <span class='ocrx_word' id='word_1_111' title='bbox 610 1603 720 1645; x_wconf 90' lang='lat' dir='ltr'><strong>omnes</strong></span> <span class='ocrx_word' id='word_1_112' title='bbox 749 1581 888 1644; x_wconf 87' lang='lat' dir='ltr'><strong>officium</strong></span> <span class='ocrx_word' id='word_1_113' title='bbox 913 1603 1008 1644; x_wconf 86' lang='lat' dir='ltr'><strong>suurn</strong></span> <span class='ocrx_word' id='word_1_114' title='bbox 1028 1602 1119 1664; x_wconf 78' lang='lat' dir='ltr'><strong>prae</strong></span> 
     </span>
     <span class='ocr_line' id='line_1_17' title="bbox 151 1664 1121 1751; baseline -0.002 -23"><span class='ocrx_word' id='word_1_115' title='bbox 151 1665 284 1728; x_wconf 86' lang='lat' dir='ltr'><strong>stitisse:</strong></span> <span class='ocrx_word' id='word_1_116' title='bbox 313 1687 356 1740; x_wconf 81' lang='lat' dir='ltr'><strong>se,</strong></span> <span class='ocrx_word' id='word_1_117' title='bbox 389 1667 443 1751; x_wconf 91' lang='lat' dir='ltr'><strong>qui</strong></span> <span class='ocrx_word' id='word_1_118' title='bbox 471 1666 682 1730; x_wconf 84' lang='lat' dir='ltr'><strong>etiambona</strong></span> <span class='ocrx_word' id='word_1_119' title='bbox 710 1665 899 1747; x_wconf 82' lang='lat' dir='ltr'><strong>conditione,</strong></span> <span class='ocrx_word' id='word_1_120' title='bbox 933 1675 964 1728; x_wconf 90' lang='lat' dir='ltr'><strong>et</strong></span> <span class='ocrx_word' id='word_1_121' title='bbox 991 1664 1061 1728; x_wconf 94' lang='lat' dir='ltr'><strong>loco</strong></span> <span class='ocrx_word' id='word_1_122' title='bbox 1089 1672 1121 1726; x_wconf 90' lang='lat' dir='ltr'><strong>et</strong></span> 
     </span>
     <span class='ocr_line' id='line_1_18' title="bbox 151 1750 1120 1834; baseline 0.001 -24"><span class='ocrx_word' id='word_1_123' title='bbox 151 1756 298 1833; x_wconf 83' lang='lat' dir='ltr'><strong>ternpore</strong></span> <span class='ocrx_word' id='word_1_124' title='bbox 310 1770 421 1834; x_wconf 81' lang='lat' dir='ltr'><strong>usquc,</strong></span> <span class='ocrx_word' id='word_1_125' title='bbox 446 1751 618 1834; x_wconf 87' lang='lat' dir='ltr'><strong>confligere</strong></span> <span class='ocrx_word' id='word_1_126' title='bbox 641 1750 786 1832; x_wconf 87' lang='lat' dir='ltr'><strong>noluerit,</strong></span> <span class='ocrx_word' id='word_1_127' title='bbox 810 1758 963 1834; x_wconf 87' lang='lat' dir='ltr'><strong>utquam</strong></span> <span class='ocrx_word' id='word_1_128' title='bbox 984 1751 1120 1832; x_wconf 84' lang='lat' dir='ltr'><strong>integer-</strong></span> 
     </span>
     <span class='ocr_line' id='line_1_19' title="bbox 151 1833 1120 1921; baseline -0.001 -25"><span class='ocrx_word' id='word_1_129' title='bbox 151 1833 232 1896; x_wconf 87' lang='lat' dir='ltr'><strong>rima</strong></span> <span class='ocrx_word' id='word_1_130' title='bbox 255 1843 362 1897; x_wconf 87' lang='lat' dir='ltr'><strong>essent</strong></span> <span class='ocrx_word' id='word_1_131' title='bbox 384 1835 425 1898; x_wconf 91' lang='lat' dir='ltr'><strong>ad</strong></span> <span class='ocrx_word' id='word_1_132' title='bbox 446 1857 559 1921; x_wconf 87' lang='lat' dir='ltr'><strong>pacem</strong></span> <span class='ocrx_word' id='word_1_133' title='bbox 589 1837 709 1918; x_wconf 82' lang='lat' dir='ltr'><strong>omnia3</strong></span> <span class='ocrx_word' id='word_1_134' title='bbox 741 1835 916 1900; x_wconf 84' lang='lat' dir='ltr'><strong>exercitum</strong></span> <span class='ocrx_word' id='word_1_135' title='bbox 940 1855 1041 1916; x_wconf 91' lang='lat' dir='ltr'><strong>suum,</strong></span> <span class='ocrx_word' id='word_1_136' title='bbox 1066 1835 1120 1920; x_wconf 92' lang='lat' dir='ltr'><strong>qui</strong></span> 
     </span>
     <span class='ocr_line' id='line_1_20' title="bbox 152 1917 1120 2005; baseline 0.001 -25"><span class='ocrx_word' id='word_1_137' title='bbox 152 1917 267 1981; x_wconf 81' lang='lat' dir='ltr'><strong>inimia</strong></span> <span class='ocrx_word' id='word_1_138' title='bbox 289 1920 383 1982; x_wconf 86' lang='lat' dir='ltr'><strong>etiam</strong></span> <span class='ocrx_word' id='word_1_139' title='bbox 405 1929 537 2005; x_wconf 87' lang='lat' dir='ltr'><strong>accepta</strong></span> <span class='ocrx_word' id='word_1_140' title='bbox 559 1918 692 2005; x_wconf 87' lang='lat' dir='ltr'><strong>suisque</strong></span> <span class='ocrx_word' id='word_1_141' title='bbox 709 1921 881 1984; x_wconf 78' lang='lat' dir='ltr'><strong>interiectis</strong></span> <span class='ocrx_word' id='word_1_142' title='bbox 905 1940 983 2004; x_wconf 92' lang='lat' dir='ltr'><strong>quos</strong></span> <span class='ocrx_word' id='word_1_143' title='bbox 1005 1921 1039 1982; x_wconf 91' lang='lat' dir='ltr'><strong>in</strong></span> <span class='ocrx_word' id='word_1_144' title='bbox 1062 1939 1120 1982; x_wconf 87' lang='lat' dir='ltr'><strong>sua</strong></span> 
     </span>
     <span class='ocr_line' id='line_1_21' title="bbox 151 2003 1119 2088; baseline 0.001 -23"><span class='ocrx_word' id='word_1_145' title='bbox 151 2005 309 2087; x_wconf 81' lang='lat' dir='ltr'><strong>potestate</strong></span> <span class='ocrx_word' id='word_1_146' title='bbox 330 2003 477 2069; x_wconf 85' lang='lat' dir='ltr'><strong>habuerit</strong></span> <span class='ocrx_word' id='word_1_147' title='bbox 499 2007 696 2070; x_wconf 84' lang='lat' dir='ltr'><strong>conservarit</strong></span> <span class='ocrx_word' id='word_1_148' title='bbox 718 2014 750 2069; x_wconf 91' lang='lat' dir='ltr'><strong>et</strong></span> <span class='ocrx_word' id='word_1_149' title='bbox 770 2007 902 2088; x_wconf 71' lang='lat' dir='ltr'><strong>texerit3</strong></span> <span class='ocrx_word' id='word_1_150' title='bbox 924 2004 1010 2067; x_wconf 89' lang='lat' dir='ltr'><strong>illius</strong></span> <span class='ocrx_word' id='word_1_151' title='bbox 1026 2003 1119 2066; x_wconf 62' lang='lat' dir='ltr'><strong>vdeni·</strong></span> 
     </span>
     <span class='ocr_line' id='line_1_22' title="bbox 153 2087 1121 2176; baseline -0.001 -26"><span class='ocrx_word' id='word_1_152' title='bbox 153 2097 220 2172; x_wconf 84' lang='lat' dir='ltr'><strong>que&#39;</strong></span> <span class='ocrx_word' id='word_1_153' title='bbox 249 2091 411 2152; x_wconf 82' lang='lat' dir='ltr'><strong>exercitus</strong></span> <span class='ocrx_word' id='word_1_154' title='bbox 439 2089 566 2171; x_wconf 80' lang='lat' dir='ltr'><strong>milites,</strong></span> <span class='ocrx_word' id='word_1_155' title='bbox 601 2091 655 2176; x_wconf 89' lang='lat' dir='ltr'><strong>qui</strong></span> <span class='ocrx_word' id='word_1_156' title='bbox 687 2111 745 2175; x_wconf 91' lang='lat' dir='ltr'><strong>per</strong></span> <span class='ocrx_word' id='word_1_157' title='bbox 765 2097 814 2152; x_wconf 70' lang='lat' dir='ltr'><strong>&#39;se</strong></span> <span class='ocrx_word' id='word_1_158' title='bbox 847 2089 887 2152; x_wconf 92' lang='lat' dir='ltr'><strong>de</strong></span> <span class='ocrx_word' id='word_1_159' title='bbox 921 2087 1121 2154; x_wconf 86' lang='lat' dir='ltr'><strong>concilianda</strong></span> 
     </span>
     <span class='ocr_line' id='line_1_23' title="bbox 152 2176 1119 2260; baseline 0.002 -26"><span class='ocrx_word' id='word_1_160' title='bbox 152 2193 231 2256; x_wconf 89' lang='lat' dir='ltr'><strong>pace</strong></span> <span class='ocrx_word' id='word_1_161' title='bbox 254 2176 392 2257; x_wconf 80' lang='lat' dir='ltr'><strong>egerint3</strong></span> <span class='ocrx_word' id='word_1_162' title='bbox 416 2197 478 2260; x_wconf 89' lang='lat' dir='ltr'><strong>qua</strong></span> <span class='ocrx_word' id='word_1_163' title='bbox 499 2176 590 2238; x_wconf 88' lang='lat' dir='ltr'><strong>inre</strong></span> <span class='ocrx_word' id='word_1_164' title='bbox 621 2177 761 2238; x_wconf 91' lang='lat' dir='ltr'><strong>omnium</strong></span> <span class='ocrx_word' id='word_1_165' title='bbox 788 2197 917 2238; x_wconf 87' lang='lat' dir='ltr'><strong>suorum</strong></span> <span class='ocrx_word' id='word_1_166' title='bbox 937 2177 1023 2239; x_wconf 88' lang='lat' dir='ltr'><strong>vitae</strong></span> <span class='ocrx_word' id='word_1_167' title='bbox 1047 2193 1119 2237; x_wconf 91' lang='lat' dir='ltr'><strong>con-</strong></span> 
     </span>
     <span class='ocr_line' id='line_1_24' title="bbox 152 2255 1120 2344; baseline 0 -24"><span class='ocrx_word' id='word_1_168' title='bbox 152 2255 329 2320; x_wconf 83' lang='lat' dir='ltr'><strong>sulendum</strong></span> <span class='ocrx_word' id='word_1_169' title='bbox 350 2261 498 2342; x_wconf 86' lang='lat' dir='ltr'><strong>putarint.</strong></span> <span class='ocrx_word' id='word_1_170' title='bbox 529 2258 584 2322; x_wconf 85' lang='lat' dir='ltr'><strong>Sic</strong></span> <span class='ocrx_word' id='word_1_171' title='bbox 613 2261 753 2323; x_wconf 91' lang='lat' dir='ltr'><strong>omnium</strong></span> <span class='ocrx_word' id='word_1_172' title='bbox 783 2259 930 2323; x_wconf 87' lang='lat' dir='ltr'><strong>ordinum</strong></span> <span class='ocrx_word' id='word_1_173' title='bbox 956 2267 1064 2344; x_wconf 82' lang='lat' dir='ltr'><strong>partes</strong></span> <span class='ocrx_word' id='word_1_174' title='bbox 1086 2259 1120 2320; x_wconf 90' lang='lat' dir='ltr'><strong>in</strong></span> 
     </span>
     <span class='ocr_line' id='line_1_25' title="bbox 152 2343 1119 2430; baseline 0.002 -26"><span class='ocrx_word' id='word_1_175' title='bbox 152 2343 369 2407; x_wconf 86' lang='lat' dir='ltr'><strong>misericordia</strong></span> <span class='ocrx_word' id='word_1_176' title='bbox 384 2346 580 2408; x_wconf 82' lang='lat' dir='ltr'><strong>constitisse:</strong></span> <span class='ocrx_word' id='word_1_177' title='bbox 603 2346 690 2430; x_wconf 90' lang='lat' dir='ltr'><strong>ipsos</strong></span> <span class='ocrx_word' id='word_1_178' title='bbox 714 2345 810 2408; x_wconf 89' lang='lat' dir='ltr'><strong>duces</strong></span> <span class='ocrx_word' id='word_1_179' title='bbox 834 2365 946 2429; x_wconf 34' lang='lat' dir='ltr'><strong>arpace</strong></span> <span class='ocrx_word' id='word_1_180' title='bbox 969 2345 1119 2409; x_wconf 87' lang='lat' dir='ltr'><strong>abhorru-</strong></span> 
     </span>
     <span class='ocr_line' id='line_1_26' title="bbox 151 2427 1119 2514; baseline 0.002 -24"><span class='ocrx_word' id='word_1_181' title='bbox 151 2427 234 2509; x_wconf 79' lang='lat' dir='ltr'><strong>isse3</strong></span> <span class='ocrx_word' id='word_1_182' title='bbox 257 2449 320 2490; x_wconf 89' lang='lat' dir='ltr'><strong>eos</strong></span> <span class='ocrx_word' id='word_1_183' title='bbox 333 2451 437 2514; x_wconf 90' lang='lat' dir='ltr'><strong>neque</strong></span> <span class='ocrx_word' id='word_1_184' title='bbox 453 2429 602 2514; x_wconf 81' lang='lat' dir='ltr'><strong>colloquii</strong></span> <span class='ocrx_word' id='word_1_185' title='bbox 623 2451 726 2514; x_wconf 87' lang='lat' dir='ltr'><strong>neque</strong></span> <span class='ocrx_word' id='word_1_186' title='bbox 742 2429 941 2494; x_wconf 84' lang='lat' dir='ltr'><strong>induciarum</strong></span> <span class='ocrx_word' id='word_1_187' title='bbox 962 2431 1119 2494; x_wconf 84' lang='lat' dir='ltr'><strong>iura-ser-</strong></span> 
     </span>
     <span class='ocr_line' id='line_1_27' title="bbox 151 2511 1119 2600; baseline -0.001 -24"><span class='ocrx_word' id='word_1_188' title='bbox 151 2532 246 2576; x_wconf 86' lang='lat' dir='ltr'><strong>vasse</strong></span> <span class='ocrx_word' id='word_1_189' title='bbox 259 2519 290 2574; x_wconf 89' lang='lat' dir='ltr'><strong>et</strong></span> <span class='ocrx_word' id='word_1_190' title='bbox 305 2511 450 2576; x_wconf 86' lang='lat' dir='ltr'><strong>homines</strong></span> <span class='ocrx_word' id='word_1_191' title='bbox 463 2516 624 2598; x_wconf 86' lang='lat' dir='ltr'><strong>imperitos</strong></span> <span class='ocrx_word' id='word_1_192' title='bbox 641 2526 672 2578; x_wconf 86' lang='lat' dir='ltr'><strong>et</strong></span> <span class='ocrx_word' id='word_1_193' title='bbox 687 2537 745 2598; x_wconf 91' lang='lat' dir='ltr'><strong>per</strong></span> <span class='ocrx_word' id='word_1_194' title='bbox 760 2514 952 2600; x_wconf 85' lang='lat' dir='ltr'><strong>colloquium</strong></span> <span class='ocrx_word' id='word_1_195' title='bbox 968 2515 1119 2599; x_wconf 83' lang='lat' dir='ltr'><strong>deceptos</strong></span> 
     </span>
     <span class='ocr_line' id='line_1_28' title="bbox 150 2594 1120 2685; baseline 0 -24"><span class='ocrx_word' id='word_1_196' title='bbox 150 2594 371 2661; x_wconf 82' lang='lat' dir='ltr'><strong>&#39;crudelissime</strong></span> <span class='ocrx_word' id='word_1_197' title='bbox 398 2600 606 2663; x_wconf 67' lang='lat' dir='ltr'><strong>interfecisse.</strong></span> <span class='ocrx_word' id='word_1_198' title='bbox 647 2599 812 2664; x_wconf 85' lang='lat' dir='ltr'><strong>Accidisse</strong></span> <span class='ocrx_word' id='word_1_199' title='bbox 834 2601 931 2684; x_wconf 85' lang='lat' dir='ltr'><strong>igitur</strong></span> <span class='ocrx_word' id='word_1_200' title='bbox 952 2599 1021 2682; x_wconf 68' lang='lat' dir='ltr'><strong>hiq</strong></span> <span class='ocrx_word' id='word_1_201' title='bbox 1035 2598 1120 2685; x_wconf 92' lang='lat' dir='ltr'><strong>quod</strong></span> 
     </span>
     <span class='ocr_line' id='line_1_29' title="bbox 151 2682 1118 2772; baseline 0.001 -27"><span class='ocrx_word' id='word_1_202' title='bbox 151 2682 341 2768; x_wconf 87' lang='lat' dir='ltr'><strong>plerumque</strong></span> <span class='ocrx_word' id='word_1_203' title='bbox 367 2683 530 2748; x_wconf 84' lang='lat' dir='ltr'><strong>hominum</strong></span> <span class='ocrx_word' id='word_1_204' title='bbox 565 2686 664 2748; x_wconf 91' lang='lat' dir='ltr'><strong>nimia</strong></span> <span class='ocrx_word' id='word_1_205' title='bbox 697 2687 873 2770; x_wconf 75' lang='lat' dir='ltr'><strong>pertinacia</strong></span> <span class='ocrx_word' id='word_1_206' title='bbox 904 2685 1000 2772; x_wconf 83' lang='lat' dir='ltr'><strong>atqu&#39;e</strong></span> <span class='ocrx_word' id='word_1_207' title='bbox 1034 2687 1118 2748; x_wconf 88' lang='lat' dir='ltr'><strong>arro-</strong></span> 
     </span>
     <span class='ocr_line' id='line_1_30' title="bbox 176 2768 1119 2853; baseline 0 -23"><span class='ocrx_word' id='word_1_208' title='bbox 176 2769 261 2830; x_wconf 86' lang='lat' dir='ltr'><strong>antia</strong></span> <span class='ocrx_word' id='word_1_209' title='bbox 290 2768 436 2832; x_wconf 88' lang='lat' dir='ltr'><strong>accidere</strong></span> <span class='ocrx_word' id='word_1_210' title='bbox 463 2768 573 2852; x_wconf 83' lang='lat' dir='ltr'><strong>soleat,</strong></span> <span class='ocrx_word' id='word_1_211' title='bbox 603 2771 650 2832; x_wconf 89' lang='lat' dir='ltr'><strong>uti</strong></span> <span class='ocrx_word' id='word_1_212' title='bbox 680 2793 718 2834; x_wconf 90' lang='lat' dir='ltr'><strong>eo</strong></span> <span class='ocrx_word' id='word_1_213' title='bbox 739 2779 905 2834; x_wconf 89' lang='lat' dir='ltr'><strong>recurrant</strong></span> <span class='ocrx_word' id='word_1_214' title='bbox 928 2780 959 2833; x_wconf 90' lang='lat' dir='ltr'><strong>et</strong></span> <span class='ocrx_word' id='word_1_215' title='bbox 979 2771 1013 2833; x_wconf 90' lang='lat' dir='ltr'><strong>id</strong></span> <span class='ocrx_word' id='word_1_216' title='bbox 1030 2769 1119 2853; x_wconf 65' lang='lat' dir='ltr'><strong>‘cupi-</strong></span> 
     </span>
     <span class='ocr_line' id='line_1_31' title="bbox 159 2853 1118 2939; baseline 0.002 -25"><span class='ocrx_word' id='word_1_217' title='bbox 159 2855 160 2859; x_wconf 68' lang='lat'>&#39;</span> <span class='ocrx_word' id='word_1_218' title='bbox 176 2853 183 2866; x_wconf 86' lang='lat'>&#39;</span> <span class='ocrx_word' id='word_1_219' title='bbox 203 2853 294 2915; x_wconf 64' lang='lat' dir='ltr'><strong>sime*</strong></span> <span class='ocrx_word' id='word_1_220' title='bbox 303 2860 425 2936; x_wconf 71' lang='lat' dir='ltr'><strong>petant·</strong></span> <span class='ocrx_word' id='word_1_221' title='bbox 439 2853 524 2939; x_wconf 91' lang='lat' dir='ltr'><strong>quod</strong></span> <span class='ocrx_word' id='word_1_222' title='bbox 540 2853 637 2939; x_wconf 88' lang='lat' dir='ltr'><strong>paulo</strong></span> <span class='ocrx_word' id='word_1_223' title='bbox 649 2865 724 2919; x_wconf 89' lang='lat' dir='ltr'><strong>ante</strong></span> <span class='ocrx_word' id='word_1_224' title='bbox 738 2857 993 2939; x_wconf 88' lang='lat' dir='ltr'><strong>contempserint.</strong></span> <span class='ocrx_word' id='word_1_225' title='bbox 1008 2854 1118 2938; x_wconf 85' lang='lat' dir='ltr'><strong>Neque</strong></span> 
     </span>
     <span class='ocr_line' id='line_1_32' title="bbox 151 2937 1118 3026; baseline 0.001 -26"><span class='ocrx_word' id='word_1_226' title='bbox 151 2945 238 3000; x_wconf 89' lang='lat' dir='ltr'><strong>nunc</strong></span> <span class='ocrx_word' id='word_1_227' title='bbox 266 2959 307 3000; x_wconf 85' lang='lat' dir='ltr'><strong>se</strong></span> <span class='ocrx_word' id='word_1_228' title='bbox 327 2937 659 3003; x_wconf 77' lang='lat' dir='ltr'><strong>illorum&#39;huinilitate</strong></span> <span class='ocrx_word' id='word_1_229' title='bbox 691 2961 796 3026; x_wconf 89' lang='lat' dir='ltr'><strong>neque</strong></span> <span class='ocrx_word' id='word_1_230' title='bbox 830 2939 937 3025; x_wconf 88' lang='lat' dir='ltr'><strong>aliqua</strong></span> <span class='ocrx_word' id='word_1_231' title='bbox 967 2941 1118 3024; x_wconf 86' lang='lat' dir='ltr'><strong>temporis</strong></span> 
     </span>
     <span class='ocr_line' id='line_1_33' title="bbox 153 3021 1119 3111; baseline 0 -25"><span class='ocrx_word' id='word_1_232' title='bbox 153 3023 396 3108; x_wconf 53' lang='lat' dir='ltr'><strong>opportunitate*</strong></span> <span class='ocrx_word' id='word_1_233' title='bbox 409 3021 587 3108; x_wconf 66' lang='lat' dir='ltr'><strong>postularq&#39;</strong></span> <span class='ocrx_word' id='word_1_234' title='bbox 596 3024 710 3111; x_wconf 87' lang='lat' dir='ltr'><strong>quibus</strong></span> <span class='ocrx_word' id='word_1_235' title='bbox 732 3023 829 3088; x_wconf 88' lang='lat' dir='ltr'><strong>rebus</strong></span> <span class='ocrx_word' id='word_1_236' title='bbox 845 3045 921 3110; x_wconf 89' lang='lat' dir='ltr'><strong>opes</strong></span> <span class='ocrx_word' id='word_1_237' title='bbox 944 3032 1119 3107; x_wconf 85' lang='lat' dir='ltr'><strong>augeantur</strong></span> 
     </span>
     <span class='ocr_line' id='line_1_34' title="bbox 150 3105 1119 3196; baseline 0.001 -27"><span class='ocrx_word' id='word_1_238' title='bbox 150 3127 248 3189; x_wconf 79' lang='lat' dir='ltr'><strong>suae3</strong></span> <span class='ocrx_word' id='word_1_239' title='bbox 271 3105 328 3170; x_wconf 85' lang='lat' dir='ltr'><strong>sed</strong></span> <span class='ocrx_word' id='word_1_240' title='bbox 351 3129 406 3171; x_wconf 88' lang='lat' dir='ltr'><strong>eos</strong></span> <span class='ocrx_word' id='word_1_241' title='bbox 429 3111 602 3191; x_wconf 67' lang='lat' dir='ltr'><strong>exercitus·</strong></span> <span class='ocrx_word' id='word_1_242' title='bbox 622 3131 700 3196; x_wconf 90' lang='lat' dir='ltr'><strong>quos</strong></span> <span class='ocrx_word' id='word_1_243' title='bbox 729 3118 839 3173; x_wconf 87' lang='lat' dir='ltr'><strong>eontra</strong></span> <span class='ocrx_word' id='word_1_244' title='bbox 861 3131 896 3174; x_wconf 88' lang='lat' dir='ltr'><strong>se</strong></span> <span class='ocrx_word' id='word_1_245' title='bbox 917 3109 1119 3173; x_wconf 70' lang='lat' dir='ltr'><strong>multos&#39;iam</strong></span> 
     </span>
     <span class='ocr_line' id='line_1_35' title="bbox 154 3191 1118 3294; baseline 0.001 -39"><span class='ocrx_word' id='word_1_246' title='bbox 154 3191 255 3256; x_wconf 82' lang='lat' dir='ltr'><strong>annos</strong></span> <span class='ocrx_word' id='word_1_247' title='bbox 276 3191 421 3276; x_wconf 74' lang='lat' dir='ltr'><strong>siluerint,</strong></span> <span class='ocrx_word' id='word_1_248' title='bbox 437 3191 522 3257; x_wconf 81' lang='lat' dir='ltr'><strong>velle</strong></span> <span class='ocrx_word' id='word_1_249' title='bbox 537 3193 660 3258; x_wconf 87' lang='lat' dir='ltr'><strong>dimitti.</strong></span> <span class='ocrx_word' id='word_1_250' title='bbox 676 3195 788 3294; x_wconf 89' lang='lat' dir='ltr'><strong>Neque</strong></span> <span class='ocrx_word' id='word_1_251' title='bbox 804 3195 888 3256; x_wconf 89' lang='lat' dir='ltr'><strong>enim</strong></span> <span class='ocrx_word' id='word_1_252' title='bbox 899 3191 962 3256; x_wconf 87' lang='lat' dir='ltr'><strong>sex</strong></span> <span class='ocrx_word' id='word_1_253' title='bbox 976 3192 1118 3278; x_wconf 85' lang='lat' dir='ltr'><strong>legiones</strong></span> 
     </span>
     <span class='ocr_line' id='line_1_36' title="bbox 152 3275 1118 3365; baseline 0.004 -29"><span class='ocrx_word' id='word_1_254' title='bbox 152 3275 218 3338; x_wconf 82' lang='lat' dir='ltr'><strong>alia</strong></span> <span class='ocrx_word' id='word_1_255' title='bbox 240 3277 400 3342; x_wconf 88' lang='lat' dir='ltr'><strong>decausa</strong></span> <span class='ocrx_word' id='word_1_256' title='bbox 420 3279 534 3340; x_wconf 88' lang='lat' dir='ltr'><strong>missas</strong></span> <span class='ocrx_word' id='word_1_257' title='bbox 550 3280 591 3341; x_wconf 70' lang='lat' dir='ltr'><strong>‘in</strong></span> <span class='ocrx_word' id='word_1_258' title='bbox 612 3279 802 3365; x_wconf 83' lang='lat' dir='ltr'><strong>Hispaniam</strong></span> <span class='ocrx_word' id='word_1_259' title='bbox 824 3299 858 3342; x_wconf 89' lang='lat' dir='ltr'><strong>se</strong></span> <span class='ocrx_word' id='word_1_260' title='bbox 881 3279 1052 3364; x_wconf 84' lang='lat' dir='ltr'><strong>limamque</strong></span> <span class='ocrx_word' id='word_1_261' title='bbox 1072 3277 1118 3341; x_wconf 93' lang='lat' dir='ltr'><strong>ibi</strong></span> 
     </span>
     <span class='ocr_line' id='line_1_37' title="bbox 70 3362 1117 3450; baseline 0.008 -30"><span class='ocrx_word' id='word_1_262' title='bbox 70 3440 73 3444; x_wconf 18' lang='lat'>¹</span> <span class='ocrx_word' id='word_1_263' title='bbox 156 3362 366 3446; x_wconf 87' lang='lat' dir='ltr'><strong>conscriptam</strong></span> <span class='ocrx_word' id='word_1_264' title='bbox 394 3385 500 3448; x_wconf 89' lang='lat' dir='ltr'><strong>neque</strong></span> <span class='ocrx_word' id='word_1_265' title='bbox 528 3363 542 3394; x_wconf 84' lang='grc'>*</span> <span class='ocrx_word' id='word_1_266' title='bbox 572 3372 619 3427; x_wconf 89' lang='lat' dir='ltr'><strong>tot</strong></span> <span class='ocrx_word' id='word_1_267' title='bbox 647 3373 813 3448; x_wconf 85' lang='lat' dir='ltr'><strong>tantasque</strong></span> <span class='ocrx_word' id='word_1_268' title='bbox 844 3385 862 3426; x_wconf 90' lang='lat' dir='ltr'><strong>c</strong></span> <span class='ocrx_word' id='word_1_269' title='bbox 912 3383 963 3425; x_wconf 88' lang='lat' dir='ltr'><strong>ses</strong></span> <span class='ocrx_word' id='word_1_270' title='bbox 991 3373 1117 3450; x_wconf 87' lang='lat' dir='ltr'><strong>paratas</strong></span> 
     </span>
     <span class='ocr_line' id='line_1_38' title="bbox 153 3445 1119 3534; baseline 0.005 -29"><span class='ocrx_word' id='word_1_271' title='bbox 153 3465 259 3528; x_wconf 87' lang='lat' dir='ltr'><strong>neque</strong></span> <span class='ocrx_word' id='word_1_272' title='bbox 288 3445 459 3512; x_wconf 85' lang='lat' dir='ltr'><strong>submissos</strong></span> <span class='ocrx_word' id='word_1_273' title='bbox 488 3447 585 3512; x_wconf 88' lang='lat' dir='ltr'><strong>duces</strong></span> <span class='ocrx_word' id='word_1_274' title='bbox 619 3450 667 3512; x_wconf 87' lang='lat' dir='ltr'><strong>rei</strong></span> <span class='ocrx_word' id='word_1_275' title='bbox 695 3447 839 3512; x_wconf 81' lang='lat' dir='ltr'><strong>militaris</strong></span> <span class='ocrx_word' id='word_1_276' title='bbox 868 3449 996 3534; x_wconf 88' lang='lat' dir='ltr'><strong>peritos.</strong></span> <span class='ocrx_word' id='word_1_277' title='bbox 1017 3448 1119 3512; x_wconf 73' lang='lat' dir='ltr'><strong>Nihil</strong></span> 
     </span>
    </p>
   </div>
   <div class='ocr_carea' id='block_1_3' title="bbox 0 0 1287 3970">
    <p class='ocr_par' dir='ltr' id='par_1_3' title="bbox 0 0 1287 3970">
     <span class='ocr_line' id='line_1_39' title="bbox 0 0 1287 3970; baseline 0 0"><span class='ocrx_word' id='word_1_278' title='bbox 0 0 1287 3970; x_wconf 95' lang='lat' dir='ltr'><strong> </strong></span> 
     </span>
    </p>
   </div>
  </div>
 </body>
</html>
