2562 3966
424 201 558 266 COMM.
581 200 627 265 VI
651 200 744 265 CAP.
769 202 861 264 1—3.
1061 201 1121 265 119

159 393 238 456 pore
267 373 430 455 resarciri,
465 373 522 438 sed
552 374 646 438 etiarn
675 372 847 440 maioribus
882 374 992 458 augeri
1022 374 1121 458 copiis

159 465 278 542 posset.
309 456 403 535 Quod
418 481 514 545 quum
527 459 698 544 Pompeius
721 468 752 521 et
773 457 966 544 reipublicae
993 468 1024 521 et
1045 459 1121 522 ami-

161 543 255 608 citiae
277 542 456 632 tribuisset,
488 543 633 608 celeriter
655 543 797 610 confecto
820 565 877 628 per
899 565 973 608 suos
996 543 1122 608 delectu

160 627 262 704 tribus
277 637 350 692 ante
366 637 512 693 exactam
526 629 664 695 hiemem
680 639 710 692 et
729 629 907 694 constitutis
930 637 961 692 et
976 627 1121 692 adductis

159 710 339 798 legionibus
369 713 591 799 duplicatoque
625 737 733 778 earum
768 713 942 779 cohortium
976 736 1120 796 numero,

161 819 241 882 quas
285 821 357 862 cum
389 797 427 876 Q.
462 799 584 865 Titurio
622 803 786 880 amiserat,
825 809 856 862 et
896 798 1056 863 celeritate
1090 807 1122 862 et

161 884 260 967 copiis
286 883 408 966 docuit,
437 884 513 970 quid
539 885 648 970 populi
678 885 809 950 Romani
831 884 997 969 disciplina
1026 894 1121 970 atquo

161 989 238 1052 opes
259 977 399 1053 possent.
922 996 924 1001 ·

225 1053 254 1116 2.
277 1052 446 1119 Interfecto
468 1054 701 1136 Indutiomaro,
734 1064 769 1119 ut
792 1056 964 1134 docuimus
988 1054 1030 1119 ad
1053 1057 1120 1119 eius

159 1139 352 1224 propinquos
375 1163 395 1204 a
417 1139 566 1204 Treveris
587 1142 754 1226 imperium
770 1141 919 1206 defertur.
953 1140 1005 1203 Illi
1026 1141 1120 1204 finiti.

160 1245 228 1287 mos
252 1223 428 1290 Germanos
451 1224 622 1291 sollicitare
645 1235 676 1290 et
697 1228 866 1312 pecuniam
890 1226 1035 1311 polliceri
1056 1248 1120 1290 non

161 1307 326 1372 desistunt.
357 1309 462 1390 Quum
477 1311 517 1374 ab
532 1313 688 1396 proximis
710 1313 880 1397 impetrare
896 1335 959 1376 non
979 1319 1119 1396 possent,

160 1393 326 1458 ulteriores
349 1405 481 1460 tentant.
510 1395 651 1461 Inventis
667 1397 827 1462 nonnullis
844 1395 1023 1461 civitatibus
1037 1398 1120 1460 iure-

160 1479 294 1543 iurando
310 1481 391 1544 inter
414 1504 448 1545 se
470 1481 658 1546 confirmant
674 1482 901 1568 obsidibusque
924 1483 962 1546 de
985 1483 1121 1566 pecunia

161 1574 291 1628 cavent:
315 1565 533 1650 Ambiorigem
555 1567 617 1632 sibi
639 1571 789 1632 societate
813 1577 844 1632 et
866 1567 994 1632 foedere
1010 1567 1120 1630 adiun-

161 1659 249 1734 gunt.
287 1649 410 1729 Quibus
432 1652 527 1715 rebus
550 1654 684 1736 cognitis
708 1652 836 1733 Caesar,
861 1677 956 1740 quum
979 1652 1120 1739 undique

160 1733 279 1799 bellum
302 1740 410 1820 parari
431 1737 563 1820 videret,
585 1738 730 1820 Nervios
753 1739 936 1802 Aduatucos
959 1759 996 1802 ac
1010 1737 1119 1801 Mena·

159 1822 230 1904 pios
258 1821 414 1886 adiunctis
444 1822 648 1888 Cisrhenanis
679 1823 825 1890 omnibus
849 1823 1017 1888 Germanis
1048 1845 1119 1887 esse

160 1907 194 1968 in
216 1909 321 1988 arusie,
345 1906 488 1972 Senones
510 1908 551 1972 ad
572 1911 762 1994 imperatum
781 1933 846 1973 non
860 1910 970 1972 venire
994 1917 1025 1971 et
1047 1930 1120 1972 cum

162 1988 354 2056 Carnutibus
370 1993 574 2080 finitimisque
591 1994 770 2060 civitatibus
793 1994 926 2059 consilia
948 1993 1119 2058 communi-
1157 2057 1165 2061 ,

161 2097 255 2158 care,
290 2100 313 2148 a
349 2079 498 2143 Treveris
536 2078 713 2144 Germanos
751 2080 870 2144 crebris
907 2078 1119 2164 legationibus

160 2159 332 2245 sollicitari,
355 2165 508 2228 maturius
524 2164 586 2230 sibi
608 2165 647 2229 de
669 2165 754 2229 bello
770 2165 972 2249 cogitandum
987 2166 1118 2249 putavit.

226 2247 255 2310 3.
277 2247 389 2334 Itaque
411 2249 553 2314 nondum
570 2249 674 2316 hieme
697 2250 840 2318 confecta
855 2251 1007 2336 proximis
1053 2259 1119 2314 uat-

159 2339 232 2396 tnor
259 2336 376 2398 coactis
405 2334 594 2420 legionibus,
612 2335 651 2400 de
674 2337 846 2421 improviso
874 2337 907 2400 in
936 2335 1016 2400 fines
1070 2357 1119 2400 er-

159 2419 284 2482 riorum
312 2421 473 2484 contendit
500 2431 547 2502 et,
580 2421 765 2506 priusquam
793 2420 840 2485 illi
867 2431 920 2486 aut
949 2421 1119 2486 convenire

161 2511 215 2566 aut
229 2503 397 2589 profugere
412 2515 552 2590 possent,
575 2529 690 2590 magno
706 2509 828 2591 pecoris
848 2516 942 2592 atque
956 2505 1119 2570 hominum

160 2609 292 2652 numero
322 2599 413 2676 capto
441 2601 536 2676 atque
566 2614 604 2655 ea
630 2592 750 2676 praeda
781 2590 932 2656 militibus
967 2612 1120 2658 concessa

159 2676 355 2760 vastatisque
377 2677 463 2761 agris
485 2679 518 2740 in
534 2676 727 2741 deditionem
741 2681 850 2742 venire
873 2685 968 2762 atque
991 2675 1118 2740 obsides

161 2757 223 2823 sibi
246 2759 322 2824 dare
337 2764 449 2846 coegit.
476 2761 525 2826 Εο
542 2761 686 2826 celeriter
708 2763 850 2827 confecto
865 2763 992 2845 negotio
1007 2783 1119 2825 rursus

159 2843 195 2908 in
216 2843 350 2910 hiberna
371 2846 514 2932 legiones
535 2847 673 2912 reduxit.
704 2847 846 2915 Concilio
871 2846 994 2912 Galliae
1016 2847 1119 2930 primo

161 2951 254 3011 vere,
288 2940 322 2994 ut
342 2932 537 3014 instituerat,
570 2932 704 3016 indicto,
739 2956 836 3018 quum
856 2931 971 3018 reliqui
992 2939 1119 3015 praeter

160 3011 319 3098 Senones,
351 3015 505 3080 Carnutes
535 3017 756 3104 Treverosque
786 3019 964 3099 venissent,
995 3017 1119 3078 initium

160 3097 239 3162 belli
261 3123 299 3164 ac
328 3101 512 3168 defectionis
542 3103 603 3166 hoc
632 3126 702 3167 esse
735 3104 920 3184 arbitratus,
955 3110 990 3164 ut
1012 3101 1119 3166 omnia

159 3193 349 3270 postponere
371 3187 540 3271 videretur,
565 3188 733 3254 concilium
747 3188 905 3252 Lutetiam
924 3185 1119 3253 Parisiorum

160 3271 319 3334 transfert.
357 3271 506 3338 Confines
529 3282 618 3336 erant
639 3273 672 3336 hi
694 3273 872 3340 Senonibus
896 3271 1119 3354 civitatemque

160 3365 286 3441 patrum
308 3359 461 3424 memoria
483 3360 726 3439 coniunxerant,
761 3359 818 3423 sed
840 3357 881 3422 ab
903 3355 964 3420 hoc
987 3354 1119 3420 consilio

161 3439 277 3506 afirisse
306 3443 575 3508 existimabantur.
611 3444 691 3508 -Hac
717 3467 752 3507 re
781 3466 838 3529 pro
869 3449 1019 3526 suggestu
1047 3462 1119 3525 pro-
