2562 3970
501 231 756 296 PRAEFATIO.
964 226 1105 294 LXXIII

155 406 262 464 tectum
284 403 386 476 latere
413 405 607 467 tritissimum
640 409 782 483 oppidum
809 400 1013 485 vooabulum3
1040 403 1105 466 imo

158 493 302 551 obiectum
338 490 524 572 genuinum,
559 487 692 552 alterum
725 499 828 553 autern
862 495 1031 568 oppositum
1062 507 1105 551 ex
1183 505 1186 514 ⁴

156 570 314 657 adscripta
335 575 593 658 interpretatione
609 583 711 636 ortum
727 595 796 638 esse
812 574 966 638 existimo.
992 573 1104 660 Itaque

157 661 361 736 *obiectumque
382 659 471 722 uncis
493 659 615 722 inclusi.

221 741 372 807 Extremo
394 765 421 808 o.
451 743 488 808 81
522 733 602 808 libri'
622 743 701 807 haee
727 743 859 808 habent:
881 751 938 808 lue
966 749 1106 808 idoneum

150 833 254 904 'locum
276 837 307 892 iu
330 836 418 906 apris
440 842 557 910 auctus,
582 852 659 908 quae
672 852 770 910 prope
793 837 850 893 ium
865 843 983 893 maturo
1005 838 1106 906 eruut,

158 917 202 974 ior·
227 919 384 980 adveutum
419 929 578 992 expectere
614 920 740 996 Pompei
771 937 864 992 eoque
898 935 1008 978 omuem
1035 919 1106 978 belli

150 1004 304 1068 ›rutioucm
326 1005 466 1078 conferre
488 1008 651 1064 constituit.
685 999 769 1066 Ante
789 998 1024 1085 Nipperdeium
1050 998 1105 1083 qui

148 1079 303 1155 'lacunam
323 1095 395 1168 poet
415 1097 525 1150 uectus
545 1087 680 1167 notavit,
708 1095 780 1171 post
805 1092 861 1151 Ille
881 1083 1106 1148 inferciebatur

156 1177 269 1244 reperis
291 1178 410 1246 mutato
437 1170 536 1234 verbo
565 1184 653 1236 erunt
673 1173 706 1235 in
735 1183 808 1236 erat.
846 1169 1002 1256 Equidem
1029 1169 1105 1234 sori·

155 1250 233 1316 bere
248 1253 358 1317 malui:
379 1260 435 1322 Ille
450 1263 588 1321 idoneum
609 1265 705 1322 locum
720 1265 751 1321 iu
768 1265 854 1335 uqris
875 1268 992 1337 uectus,
1015 1262 1082 1334 qui
1086 1275 1106 1318 u

154 1358 253 1416 prope
275 1347 333 1402 ium
348 1353 466 1406 matura
485 1347 674 1420 frumenta
697 1355 791 1424 erurzt,
815 1365 839 1405 e.
864 1365 891 1421 q.
914 1365 939 1406 ε.

147 1476 151 1484 .
221 1421 256 1486 O.
280 1423 322 1486 84
348 1424 511 1510 vulgatam
539 1427 709 1492 lectionem
737 1427 906 1492 tenendam
935 1447 1004 1489 esee
1033 1444 1106 1488 cen·

147 1507 219 1570 eui:
241 1514 348 1588 Itaque
370 1533 408 1576 ex
431 1520 542 1576 castris
565 1521 729 1578 exercitum
751 1521 856 1580 eduxit
884 1522 1036 1590 aciemque
1058 1519 1105 1574 iu-

155 1602 277 1676 strum't,
296 1600 457 1675 primum
478 1607 544 1662 cuir
566 1603 840 1679 Iocir'pouloque'u
855 1605 966 1662 castris
982 1601 1107 1676 Pompei

155 1685 292 1756 tenuius,
327 1689 548 1748 contineutibus
570 1707 641 1750 uero
663 1690 768 1748 diebus
789 1707 814 1748 e.
839 1707 866 1763 q.
888 1707 913 1750 r.
944 1681 982 1746 N.
1000 1689 1104 1761 primo

152 1761 321 1838 lex·Paris.
345 1790 398 1830 sec
426 1777 457 1832 et
486 1767 602 1854 Sea'lig.
633 1769 769 1854 recepit3
795 1773 829 1832 in
857 1768 992 1833 Vindob.
1022 1764 1106 1832 libro

152 1856 270 1927 primur
294 1861 406 1932 exstat,
431 1854 514 1938 quod
543 1857 626 1920 unde
655 1865 756 1919 ortum
783 1857 835 1918 sit.
863 1853 956 1917 facile
984 1853 1105 1936 perspi-

156 1934 246 2016 citur,
270 1959 367 2021 quum
389 1961 525 2022 sequeus
547 1939 738 2004 vocabulum
760 1939 799 2002 ab
821 1963 837 2002 s
858 1939 962 2003 littera
976 1937 1107 2020 incipiat

157 2024 273 2118 (psimri
293 2024 381 2108 ruis).
403 2023 456 2086 Ex
471 2034 573 2104 primu
589 2026 734 2110 neglecta
747 2023 871 2108 virgula
893 2025 1107 2108 superscripta

156 2115 250 2168 etiam
266 2116 369 2186 primo
392 2118 518 2172 enatum
541 2132 612 2174 esse
633 2121 718 2196 puto.
1068 2127 1071 2142 ‘

215 2190 255 2276 C.
278 2192 320 2254 85
343 2217 437 2282 quum
460 2194 609 2280 vulgatae
625 2196 766 2263 lectioni:
789 2209 820 2258 ut
844 2231 883 2242 ··-
906 2199 1106 2260 commodiore

152 2281 353 2354 frumentario
370 2302 409 2344 ,re
424 2292 566 2352 uteretur.
589 2281 843 2346 Vindobonensis
865 2278 946 2342 liber
968 2278 1106 2362 adstipu-

154 2361 246 2444 letur,
269 2376 414 2430 necnon
437 2387 478 2428 ex
500 2388 539 2430 ea
560 2367 665 2432 facere
687 2366 853 2430 videantur
868 2364 976 2445 verba,
1000 2361 1120 2448 qualia

154 2448 187 2510 in
201 2447 301 2512 Paris.
317 2472 380 2534 reo.
396 2462 527 2532 exarata
542 2464 629 2516 sunt:
652 2459 815 2517 commodio
834 2472 869 2514 re
879 2455 1107 2529 frumemurie

156 2533 272 2618 (ortum
296 2538 379 2599 euim
400 2545 599 2612 frumentarie
620 2537 694 2601 inde
716 2535 855 2618 videtur,
885 2533 969 2620 quod
991 2532 1107 2598 coaluit

154 2617 264 2682 ultima
284 2623 373 2684 vocis
393 2629 594 2700 frumentario
617 2621 741 2708 syllaba
768 2645 839 2686 eum
866 2633 1018 2704 sequente
1046 2617 1129 2704 η’),Ι

154 2707 199 2768 ita
221 2704 314 2770 edidi.
339 2707 408 2790 (N.:
430 2715 630 2773 commodiore
651 2710 926 2787 refrumeutom'u.)

220 2789 255 2854 C.
279 2791 319 2854 88
341 2792 379 2856 Ν.
403 2814 460 2878 pro
482 2793 612 2878 vulgato
641 2801 751 2858 castris
782 2791 939 2878 (Reliquas
967 2797 1106 2854 cohorter

164 2879 223 2939 VII
248 2885 360 2941 castris
385 2885 631 2958 propinquisque
659 2885 790 2943 castellis
818 2883 973 2958 praesidio
1003 2882 1107 2957 dispo·

155 2962 281 3046 suerat.)
316 2985 356 3028 ex
378 2963 466 3028 libris
488 2964 586 3028 Paris.
611 2986 673 3028 see.
695 2964 785 3027 Leid.
812 2985 859 3048 pr.
887 2961 970 3027 Scal.
1000 2968 1031 3024 iu
1054 2981 1108 3024 cu⁴

155 3053 229 3110 atris
250 3049 385 3132 recepit3
408 3058 440 3113 at
462 3071 558 3134 quum
601 3071 689 3114 arum
715 3072 755 3114 ex
777 3049 935 3132 scriptoris
951 3045 1108 3110 sententia

155 3132 196 3195 sit
226 3133 421 3217 significare,
456 3155 510 3198 eas
540 3073 685 3199 eolortes
714 3136 748 3198 in
776 3134 824 3197 his
846 3132 909 3197 illis
933 3141 1108 3196 castrorum

155 3217 354 3284 castellorum
377 3243 417 3284 ue
440 3219 517 3282 loeis
538 3220 705 3304 dispositas
720 3219 828 3301 fuisse,
843 3217 1107 3304 praepositionem

154 3306 284 3370 removi.
319 3243 434 3390 (Almat
455 3313 486 3368 iu
509 3328 528 3368 a
550 3306 618 3370 eod.
641 3304 750 3392 Vino.)

219 3390 313 3456 Initio
335 3414 362 3454 o.
387 3391 429 3455 93
451 3398 580 3456 animum
601 3397 804 3456 advertissent
832 3410 889 3474 pro
912 3396 1106 3454 animaduer-

154 3485 264 3542 tissem
293 3499 333 3540 ex
363 3476 463 3540 Paria,
494 3496 556 3540 see.
579 3479 704 3562 reeep13
732 3474 834 3538 eidem
862 3473 989 3538 lectioni
1012 3473 1107 3537 aristi*
