2562 3970
490 239 745 304 PRAEFATIO.
988 233 1095 312 LXIX

147 415 367 492 bularipasset
387 433 443 489 nee
463 418 561 476 minas
589 417 702 486 aditam
716 415 844 474 nauibus
860 413 990 492 liaberet,
1014 429 1093 482 carue

146 509 258 562 mntare
279 505 397 561 ratione
419 503 495 576 belli,
518 505 656 575 queniam
667 502 857 576 propositam
870 514 932 564 nen
948 504 1091 569 tenuerat,

146 593 287 646 eastra
308 588 514 646 secandam
540 603 645 645 mere
672 589 757 644 tarta
785 585 957 656 Pompeiam
977 586 1094 642 munire

147 673 247 733 iussit.
280 663 390 731 Verba
418 669 527 730 eastra
551 672 713 729 secandum
734 687 817 728 rnare
846 664 878 724 in
906 661 996 726 libris
1018 684 1093 728 mss.

148 760 220 836 post
242 772 394 828 aerearum
416 749 569 814 collocata
590 759 678 832 sunt3
704 749 773 813 eod.
796 748 891 811 Vind.
914 769 951 811 eo
974 747 1093 811 disere·

149 844 213 920 pat,
230 835 313 920 quod
327 837 443 898 omissa
453 857 532 899 voce
543 849 646 899 eastra
659 833 753 898 habet
765 855 919 912 eerersnrn
929 839 1094 897 seeundum

148 941 241 983 mare.
254 919 343 983 Haeo
351 920 467 1004 recepi,
476 921 595 984 inserui
602 929 707 984 autem
713 931 818 982 eastra
829 918 898 982 loco
914 917 954 981 ab
961 918 1093 1002 Nipper-

149 1001 221 1067 deio
233 1012 420 1084 monstrat03
433 1004 507 1068 hino
518 1007 599 1068 enirn
613 1027 688 1067 casu
699 1003 863 1084 excidisse,
874 1013 905 1065 et
913 1025 1007 1088 quum
1013 1025 1094 1065 mar-

149 1089 217 1174 gini
238 1090 301 1151 iarn
316 1089 505 1174 adscriptum
522 1099 614 1170 esset,
635 1088 676 1152 ab
691 1090 840 1173 magistro
853 1087 968 1152 deinde
979 1091 1011 1152 in
1024 1088 1094 1152 loco

151 1175 324 1258 repositum
347 1197 417 1239 esse
437 1185 523 1259 puto,
548 1197 608 1260 quo
630 1184 760 1259 propter
786 1174 990 1254 munitiones,
1014 1195 1095 1259 quae

150 1256 196 1320 ibi
229 1269 525 1341 commemorantur,
559 1262 718 1344 pertinere
750 1257 927 1321 videbatur.
976 1259 1096 1346 Scripsi

151 1343 265 1428 igitur:
291 1349 349 1419 Qui
368 1381 411 1392 -
434 1367 521 1422 quarn
543 1351 803 1408 animadvertisset
822 1348 993 1423 Pompeiam
1008 1357 1096 1408 extra

152 1435 333 1493 munitiones
349 1451 511 1506 eeressnrn,
534 1436 743 1494 secandam
764 1451 865 1492 mare
886 1441 919 1492 nt
933 1434 1026 1494 libere
1036 1451 1096 1509 pa·

152 1517 256 1576 halari
270 1530 377 1593 posset
399 1537 454 1578 nec
475 1523 573 1578 marna
589 1521 700 1578 aditam
714 1519 842 1577 navibus
862 1519 993 1596 haberet,
1018 1535 1096 1578 eem-

153 1610 265 1661 matata
280 1607 397 1682 ratione
412 1606 488 1676 belli,
513 1608 653 1678 qnoniam
663 1606 855 1679 propositam
875 1621 936 1663 non
952 1611 1096 1675 tenuerat,

154 1694 291 1746 eastra
314 1692 399 1747 iaxta
421 1690 593 1765 Pompeiam
613 1694 731 1749 rnnnr're
752 1692 850 1747 iussit.

218 1808 311 1872 Initio
333 1832 360 1874 o.
376 1811 416 1875 67
431 1814 553 1876 restitui
568 1813 709 1878 codicum
724 1814 926 1898 scripturam:
949 1820 994 1878 Ee
1009 1819 1097 1890 siene

154 1900 286 1972 leatania
308 1902 389 1960 illato
418 1906 623 1977 speculatores
652 1907 776 1964 Caesari
803 1910 1096 1963 renuntiarant.

156 1977 208 2064 (N.
231 2002 293 2044 rern
315 1991 516 2060 nuntiarant.)
539 2021 582 2032 --
602 1984 689 2048 Infra
712 1985 841 2068 scripsi:
864 1989 922 2049 Hie
937 1991 1099 2064 paulisper

156 2077 202 2128 est
217 2079 394 2146 paenarum,
419 2090 507 2145 eamn
528 2079 697 2150 irrumpere
719 2078 819 2134 nestri
839 2080 1031 2146 conarentur,
1054 2075 1100 2132 tur·

157 2163 260 2214 eastra
284 2158 479 2230 defenderent
495 2161 662 2232 fortissime
680 2162 743 2220 ruo
758 2161 886 2219 Patrone
901 2163 989 2218 enine
1004 2171 1099 2234 opera

152 2242 309 2313 proditam
324 2247 487 2302 exereitum
502 2246 532 2303 C.
549 2250 662 2304 Antoni
676 2248 949 2315 demonstravimus,
974 2260 1015 2304 ee
1032 2247 1098 2303 leae

153 2335 380 2399 propnnnante.
403 2322 441 2386 Id
469 2325 552 2408 quod
584 2325 668 2389 edidi
701 2347 735 2390 eo
758 2334 824 2390 loeo
850 2325 883 2387 in
909 2324 977 2388 eod.
1003 2323 1097 2386 Vind.

156 2423 204 2504 pr.
227 2406 376 2489 scriptum
405 2419 467 2488 est3
490 2411 522 2472 in
544 2410 701 2495 plerisque
724 2410 813 2473 libris
841 2433 858 2474 e
879 2416 945 2474 loco
974 2409 1099 2494 legitur,

157 2488 251 2573 reique
280 2512 387 2555 omnes
420 2494 493 2557 inde
521 2495 561 2558 ab
590 2497 705 2560 Ursino
743 2499 879 2560 editores
916 2494 1099 2579 probarunt,

157 2595 269 2658 parum
291 2587 385 2659 reete,
408 2588 443 2642 ut
464 2580 539 2643 mihi
563 2582 689 2666 quidem
711 2580 845 2656 videtur,
870 2602 965 2664 quum
991 2581 1035 2642 ita
1060 2580 1100 2641 si·

157 2661 362 2743 gnificaretur
384 2685 439 2726 suo
463 2665 524 2727 sibi
546 2676 667 2730 retento
682 2667 751 2730 looo
773 2689 833 2729 neo
847 2665 928 2750 pede
943 2686 1101 2750 quoquam

157 2765 251 2808 verso
288 2767 502 2834 propugnasse
534 2751 712 2836 Pulionem3
748 2773 879 2816 neeesse
912 2761 1016 2814 autem
1054 2771 1089 2812 es

142 2831 326 2894 'monstrari
348 2840 398 2897 lzr'a
413 2836 531 2900 ideirco
552 2837 713 2922 paulisper
728 2860 798 2901 esse
813 2849 994 2922 pugnatum,
1018 2833 1102 2920 quod

143 2913 248 2978 ·Puli0
270 2918 437 2987 fortissime
460 2945 494 2988 eo
517 2931 583 2988 loco
609 2922 839 3008 propugnabat.

224 3049 327 3127 Quum
350 3062 455 3136 aptam
483 3053 670 3133 verborum,
698 3075 779 3137 quae
809 3055 867 3119 sub
893 3054 989 3116 finem
1010 3072 1037 3114 o.
1060 3049 1101 3112 69

155 3137 277 3218 scripta
300 3147 386 3218 sunt,
418 3140 667 3203 emendationem
693 3160 755 3200 non
785 3139 933 3202 haberem
954 3157 1014 3199 neo
1035 3135 1101 3220 pla·

160 3230 248 3285 neret
261 3219 444 3310 Nipperdeii
459 3227 654 3288 coniectura:
671 3246 736 3288 earn
752 3229 863 3289 Caesar
877 3233 968 3301 siena
979 3228 1102 3301 faeten-
1172 3247 1175 3260 ·

146 3315 232 3382 ,tium
253 3331 342 3373 mann
364 3318 531 3389 prenderet
552 3324 580 3373 et
608 3318 777 3376 consistere
804 3317 931 3388 iuberet,
961 3315 1017 3370 alii
1042 3310 1101 3386 ldi-

146 3399 261 3458 animis
288 3403 381 3475 equis}
413 3405 534 3462 eundern
566 3417 689 3460 carram
718 3402 1017 3471 restaurarent,
1048 3397 1105 3454 atr'r‘

162 3497 187 3591 ιε.
211 3500 240 3556 q.
263 3503 299 3566 a,
322 3483 419 3570 satius
441 3482 538 3545 habui
560 3503 706 3564 exarare,
737 3479 821 3562 quod
848 3479 921 3543 libri
949 3476 1104 3562 praebent

174 3568 186 3594 'J

934 3583 965 3632 0*
