2534 3970
155 236 176 296 8
411 228 473 294 DE
495 228 638 294 BELLO
661 229 852 296 CALLICO

156 402 260 488 operis
282 401 455 464 munitione
477 409 509 466 et
529 400 663 465 militum
685 423 840 467 concursu
858 411 891 466 et
906 401 979 466 telis
993 401 1113 489 repulsi

154 486 215 551 hoc
237 495 351 551 conatu
372 485 569 550 destiterunt

220 571 249 635 9.
271 570 522 672 Relinquebatur
542 593 607 636 una
626 593 685 657 per
702 570 865 660 Sequanos
887 573 949 656 via,
973 597 1036 660 qua
1057 573 1112 639 Se·

178 659 269 720 uenis
297 659 405 721 invitis
437 667 565 742 propter
593 658 754 742 angustias
787 659 833 722 ire
862 680 927 722 non
958 668 1112 744 poterant

156 680 217 806 bis
238 765 334 828 quum
348 764 407 806 sua
426 752 537 826 sponte
551 742 745 828 persuadere
758 766 823 807 non
837 753 976 828 possent,
992 743 1113 830 legatos

157 827 199 891 ad
212 827 444 928 Dumnorigem
459 827 628 892 Haeduum
641 829 776 911 mittsmt‚
799 841 834 892 ut
853 851 890 893 eo
905 828 1112 914 deprecatore

157 935 177 976 a
198 911 353 1000 Sequanis
376 923 590 998 impetrarent.
634 913 813 978 Dumnorix
843 915 945 998 gratia
967 923 999 978 et
1019 913 1112 1000 largi·

156 998 242 1063 tione
269 998 354 1084 apud
376 997 540 1085 Sequanos
568 999 739 1085 plurimum
760 1008 884 1084 poterat
906 1010 937 1062 et
957 998 1113 1063 Helvetiis

157 1091 225 1148 erat
246 1085 381 1167 amicus,
411 1084 496 1170 quod
525 1107 566 1148 ex
589 1107 627 1149 ea
648 1085 776 1148 civitate
799 1084 994 1170 Orgetorigis
1016 1084 1114 1147 filiam

156 1169 190 1231 in
204 1170 438 1234 matrimonium
453 1169 596 1253 duxerat,
619 1180 651 1234 et
669 1170 840 1255 cupiditate
853 1170 946 1253 regni
960 1169 1114 1233 adductus

156 1255 248 1319 novis
269 1253 366 1318 rebus
389 1254 535 1319 studebat
556 1266 588 1320 et
611 1277 704 1341 quam
748 1254 876 1318 lurimas
892 1255 1035 1318 civitates
1057 1276 1113 1319 suo

157 1338 311 1404 beneficio
332 1339 450 1404 habere
472 1340 639 1404 obstrictas
660 1278 798 1406 volebat.
823 1339 936 1425 Itaque
956 1361 1026 1403 rem
1047 1361 1114 1403 sus·

157 1425 234 1572 ffb
267 1434 300 1489 ot
328 1448 348 1489 a
379 1424 536 1512 Sequanis
568 1428 733 1512 impetrat,
766 1434 800 1490 ut
838 1446 897 1509 per
925 1423 1006 1488 fines
1042 1446 1115 1490 suos

191 1509 322 1575 elvetios
337 1512 385 1575 ire
395 1512 562 1596 patiantur,
579 1510 706 1576 obsides
728 1533 769 1574 ue
783 1512 829 1574 uti
846 1512 928 1574 inter
942 1531 1013 1575 sese
1029 1508 1113 1592 dent,

182 1594 295 1658 erficit:
326 1595 481 1682 Sequani,
510 1619 552 1662 ne
579 1598 691 1661 itinere
752 1595 883 1660 elvetios
910 1593 1114 1680 prohibeant3

193 1679 309 1763 elvelii,
333 1690 368 1745 ut
390 1683 458 1746 sine
479 1681 636 1747 maleficio
659 1690 691 1745 et
712 1681 828 1745 iniuria
848 1688 1019 1744 transeant

224 1766 273 1829 10.
297 1764 427 1830 Caesari
455 1769 653 1831 renuntiatur
674 1766 830 1831 Helvetiis
859 1787 929 1830 osse
956 1766 990 1830 in
1011 1767 1115 1828 animo

158 1873 217 1936 per
238 1873 352 1936 agrum
373 1850 593 1938 Sequanorum
619 1861 650 1916 et
671 1852 878 1917 Haeduorum
903 1852 1016 1916 iterio
1038 1849 1115 1914 San·

158 1946 267 2000 tonum
288 1935 370 2001 fines
391 1937 507 2020 facere,
531 1938 585 2038 qui
606 1959 671 2002 non
692 1936 787 2024 longe
805 1959 825 2000 a
838 1935 1034 2000 Tolosatium
1047 1933 1115 1996 fini-

158 2021 218 2086 bus
248 2021 377 2102 absunt,
408 2045 489 2108 quae
517 2024 629 2088 civitas
659 2032 708 2087 est
734 2024 769 2087 in
796 2021 970 2108 provincia.
1020 2018 1060 2083 Id
1089 2021 1117 2082 si

158 2106 264 2189 fieret,
292 2107 499 2194 intellegebat
525 2130 640 2193 magno
670 2130 743 2173 cum
770 2105 912 2193 periculo
933 2105 1116 2190 provinciae

159 2191 309 2274 futrrrum,
332 2200 368 2255 ut
388 2192 532 2258 homines
558 2193 743 2276 bellicosos,
772 2215 814 2278 po
837 2191 882 2256 uli
903 2190 1038 2254 Romani
1058 2190 1117 2252 ini·

160 2278 268 2360 mices,
293 2275 372 2341 locis
394 2277 575 2362 patentibus
590 2281 792 2366 maximeque
814 2215 1026 2341 bumentariis
1048 2275 1117 2338 fini·

159 2363 253 2426 timos
274 2361 417 2426 haberet.
461 2363 512 2428 Ob
540 2387 594 2429 eas
624 2387 735 2429 causas
759 2365 789 2428 ei
810 2361 990 2443 munitioni,
1018 2381 1115 2446 quam

159 2447 289 2530 fecerat,
312 2447 349 2510 T.
372 2447 549 2514 Labienum
570 2450 710 2535 legatum
730 2449 894 2535 praefecit3
916 2448 927 2509 i
950 2468 985 2510 se
1006 2446 1040 2508 in
1053 2444 1116 2508 Ita·
1176 2486 1180 2492 -

160 2532 235 2596 liam
257 2535 380 2618 magnis
402 2535 567 2599 itineribus
583 2535 744 2600 contendit
757 2535 900 2620 duasque
914 2469 961 2595 ili
975 2528 1117 2616 legiones

161 2618 333 2682 conscribit
347 2627 379 2682 et
394 2627 467 2702 tres,
495 2643 576 2705 quae
599 2622 717 2684 circum
731 2619 912 2705 Aquileiam
925 2615 1116 2697 hiemabant,

161 2725 204 2766 ex
231 2702 375 2767 hibernis
402 2705 507 2769 educit
534 2715 579 2788 et,
610 2728 672 2791 qua
698 2707 878 2791 proximum
903 2704 968 2772 iter¹
984 2703 1018 2764 in
1039 2699 1118 2764 ulte·

161 2789 277 2852 riorem
307 2787 446 2854 Galbam
473 2813 531 2876 per
558 2790 658 2876 Alpes
687 2799 770 2872 erat,
800 2811 873 2853 cum
898 2788 948 2852 his
978 2787 1117 2872 quinque

162 2872 342 2960 legionibus
364 2875 410 2938 ire
433 2876 603 2940 contendit.
643 2875 693 2940 Ibi
709 2873 882 2940 Ceutrones
905 2881 937 2938 et
960 2870 1118 2936 Graioceli

163 2970 195 3023 et
231 2958 397 3046 Caturiges
436 2961 516 3025 locis
554 2960 770 3046 superioribus
806 2960 967 3045 occupatis
1005 2957 1118 3020 itinere

163 3047 339 3109 exereitum
377 3046 546 3131 probibere
586 3057 749 3112 conantur.
812 3042 1035 3130 Compluribus
1067 3041 1117 3105 his

162 3129 291 3216 proeliis
313 3130 414 3216 pulsis
436 3131 477 3196 ab
501 3131 615 3214 Ocelo,
660 3131 723 3196 uod
745 3141 794 3197 est
815 3131 969 3196 citerioris
990 3128 1117 3213 provin·

164 3216 231 3279 ciae
255 3225 440 3300 extremum,
463 3217 496 3280 in
517 3217 597 3281 fines
650 3218 846 3282 ocontiorum
867 3214 1025 3281 rdterieris
1046 3234 1118 3299 pro·

163 3301 286 3365 vinciae
316 3302 367 3365 dio
398 3304 530 3386 septimo
559 3306 717 3388 pervenit3
747 3303 821 3367 inde
847 3303 881 3365 in
909 3298 1119 3383 Allobrogum

162 3384 252 3469 fines,
276 3388 316 3451 ab
330 3386 558 3472 Allobrogibus
578 3390 611 3452 in
626 3388 817 3475 Segusiavos
835 3387 1008 3452 exercitum
1022 3384 1116 3450 ducit

163 3470 207 3536 Hi
229 3483 301 3538 sunt
323 3481 414 3536 extra
435 3475 632 3557 provinciam
653 3484 741 3538 trans
763 3475 952 3538 Rhodanum
971 3472 1075 3557 primi.
