2562 3970
186 207 229 271 24
473 206 535 270 DE
556 205 700 272 BELLO
723 204 858 276 CIVILI

185 379 327 466 legiones
349 378 512 443 Fabianae
539 376 620 444 duae
649 377 768 442 flumen
790 379 986 458 transissent,
1016 375 1151 462 impedi-

186 474 354 549 mentaque
384 473 416 528 et
444 462 547 528 omnis
575 464 732 548 equitatus
763 470 958 546 sequeretur,
987 462 1091 526 subito
1113 463 1152 524 vi

185 559 351 615 ventorum
374 559 406 613 et
433 569 534 634 aquae
562 548 782 634 magnitudine
816 569 897 632 pons
927 557 975 612 cst
1009 550 1150 611 interru-

184 645 256 721 ptus
280 644 311 701 et
337 634 460 720 reliqua
495 633 662 698 multitudo
696 633 835 719 equitum
857 632 1037 697 interclusa.
1073 628 1149 710 Quo

184 723 310 805 cognito
325 743 345 784 a
358 721 485 784 Petreio
501 727 533 783 et
547 719 679 784 Afranio
695 740 737 782 ex
751 739 870 804 aggere
886 727 980 804 atque
992 716 1148 801 cratibus,

181 827 266 892 quae
278 806 408 871 flumine
422 804 615 886 ferebantur,
632 803 780 868 celeriter
802 826 859 867 suo
874 814 970 952 ponte
985 804 1148 887 Afranius,

184 914 278 977 quem
294 892 409 992 oppido
425 891 602 976 castrisque
618 890 820 954 coniunctum
833 887 875 952 ha
899 889 980 970 ebat,
1004 888 1149 1038 legiones

182 983 232 1038 1111
254 986 490 1061 equitatumque
505 997 631 1039 omnem
645 976 771 1040 traiecit
786 973 973 1060 duabusque
994 975 1043 1038 Fa
1064 976 1149 1038 ranis

183 1063 320 1126 occurrit
340 1060 529 1147 legionibus.
546 1059 645 1125 Cuius
668 1060 808 1125 adverttu
829 1063 971 1125 nuntiato
993 1060 1029 1126 L.
1053 1059 1149 1123 Plan-

183 1169 249 1230 cus,
273 1147 327 1234 qui
357 1145 535 1233 legionibus
564 1156 721 1232 praeerat,
750 1147 933 1210 necessaria
959 1169 995 1210 rc
1018 1155 1147 1212 coactus

182 1232 287 1296 locum
308 1233 394 1318 capit
415 1233 609 1318 superiorem
639 1231 861 1317 diversamque
888 1233 989 1296 aciem
1011 1233 1045 1295 in
1066 1231 1147 1296 duas

204 1327 290 1382 artes
313 1318 482 1400 constituit,
498 1340 539 1382 ne
561 1317 602 1382 ab
625 1319 767 1404 equitatu
783 1319 1006 1382 circumveniri
1027 1326 1146 1402 posset

181 1341 231 1466 lta
252 1424 442 1489 congressus
463 1405 578 1489 impari
599 1425 732 1467 numero
754 1425 887 1488 magnos
909 1404 1045 1489 impetus
1067 1401 1146 1488 legi-

182 1510 278 1552 onum
301 1493 520 1575 equitatusque
548 1491 692 1553 sustinet.
718 1487 899 1553 commisso
922 1488 964 1552 ab
987 1488 1145 1574 equitibus

181 1573 304 1659 proelio
327 1577 419 1660 signa
445 1575 606 1659 legionum
635 1574 770 1639 duarum
825 1573 914 1640 rccul
936 1573 977 1639 ab
999 1575 1145 1660 utrisque

182 1660 427 1746 conspiciuntur,
466 1683 545 1746 quas
568 1658 604 1724 0.
627 1659 748 1725 Fabius
813 1661 929 1725 teriore
950 1669 1048 1746 ponte
1071 1659 1145 1724 sub-

182 1744 261 1810 sidio
283 1747 400 1810 nostris
422 1747 554 1810 miserat
576 1746 755 1832 suspicatus
778 1746 847 1810 fors
874 1745 916 1827 id,
951 1745 1036 1832 quod
1063 1748 1145 1810 acci-

180 1830 236 1914 dit,
269 1840 304 1896 ut
337 1831 434 1896 duces
466 1831 723 1896 adversariorum
746 1833 913 1896 occasione
934 1841 966 1896 et
987 1831 1144 1896 beneficio

178 1917 324 1982 fortunae
347 1917 534 1982 adnostros
557 1916 782 2003 opprimendos
804 1925 978 1982 uterentur.
1001 1914 1145 1996 Quanmr

118 2068 122 2080 ,
180 2002 329 2067 adventu
341 2002 499 2088 proelium
521 2002 687 2085 dirimitur,
710 2025 749 2066 ac
763 2025 837 2066 suas
852 2013 986 2088 uterque
1001 2003 1144 2089 legiones

180 2087 303 2152 reducit
323 2090 357 2152 in
380 2098 493 2152 castra.

242 2174 295 2236 41.
318 2173 479 2238 Eobiduo
495 2172 704 2240 Caesareum
724 2174 883 2260 equitibus
906 2179 1031 2258 DCCCC,
1063 2197 1143 2260 quos

180 2257 241 2321 sibi
255 2259 419 2408 praesidio
452 2258 634 2346 reliquerat,
668 2261 702 2324 in
724 2268 829 2324 castra
856 2261 1010 2347 pervenit.
1044 2261 1141 2344 Pons,

180 2344 234 2428 qui
290 2353 359 2408 erat
387 2354 574 2430 tempestate
602 2347 806 2431 interruptus,
835 2368 938 2432 paene
967 2356 1035 2411 erat
1062 2347 1142 2412 refe·

180 2438 267 2492 ctus:
290 2428 375 2493 hunc
389 2439 485 2494 noctu
498 2431 610 2515 perfici
632 2431 734 2495 iussit.
756 2430 830 2517 Ipse
852 2434 979 2517 cognita
1000 2432 1141 2498 locorum

178 2523 292 2578 natura
313 2517 402 2600 ponti
424 2517 601 2601 castrisque
622 2516 783 2602 praesidio
806 2539 864 2580 sex
897 2518 1041 2584 cohortes
1068 2517 1141 2584 reli·

178 2601 247 2685 quit
268 2609 364 2686 atque
386 2602 493 2666 omnia
513 2601 740 2686 impedimenta
762 2612 794 2666 et
814 2612 940 2688 postero
968 2604 1019 2667 die
1042 2607 1140 2669 omni·

178 2684 238 2749 bus
260 2687 360 2772 copiis
392 2685 509 2772 triplici
540 2690 695 2751 instructa
728 2690 796 2754 acie
819 2689 861 2753 ad
881 2688 1020 2754 Ilerdam
1046 2690 1140 2775 profi-

177 2771 306 2835 ciscitur
328 2781 360 2835 et
381 2771 440 2835 sub
463 2775 576 2836 castris
598 2772 725 2837 Afranii
748 2776 887 2838 constitit
910 2785 941 2838 et
955 2774 1000 2839 ibi
1021 2775 1139 2861 paulis-

176 2878 242 2942 per*
257 2854 315 2920 sub
339 2859 434 2920 armis
467 2867 606 2922 moratus
639 2858 714 2924 facit
747 2881 849 2946 aequo
883 2859 953 2925 loco
975 2861 1140 2946 pugnandi

175 2950 375 3027 potestatem.
397 2943 559 3007 Potestate
591 2943 676 3008 facta
707 2944 859 3010 Afranius
893 2967 930 3010 co
953 2947 1000 3010 ias
1033 2946 1139 3012 educit

178 3029 267 3090 etin
287 3028 392 3092 medio
415 3027 496 3091 colle
519 3028 577 3092 sub
600 3031 713 3094 eastris
736 3033 905 3096 constituit.
930 2969 1058 3116 1(laeam,
1082 3032 1138 3096 ubi

176 3113 326 3197 cognovit
347 3135 405 3198 per
426 3113 592 3178 Afranium
614 3124 707 3198 stare,
738 3138 800 3200 quo
822 3119 925 3181 minus
947 3116 1069 3203 proelio
1092 3117 1137 3182 di·

175 3199 353 3279 micaretur,
388 3197 428 3262 ab
457 3197 573 3262 infimis
605 3200 767 3265 radicibus
800 3203 916 3268 montis
948 3203 1137 3268 intermissis

176 3283 302 3347 circiter
332 3282 481 3368 passibus
515 3289 602 3348 CCCC
635 3296 739 3350 castra
772 3287 878 3352 facere
911 3289 1073 3353 constituit
1096 3299 1136 3372 et,

175 3387 217 3428 ne
239 3368 272 3430 in
294 3389 390 3454 opere
412 3368 559 3433 faciundo
593 3370 709 3438 milites
735 3375 902 3458 repentino
931 3372 1069 3439 hostium
1090 3376 1136 3438 in-

178 3471 272 3514 cursu
294 3462 534 3518 exterrerentur
556 3464 651 3540 atque
667 3479 763 3543 opere
778 3457 1031 3543 prohiberentur,
1052 3460 1136 3526 vallo
