<?xml version="1.0" encoding="UTF-8"?>
<!DOCTYPE html PUBLIC "-//W3C//DTD XHTML 1.0 Transitional//EN"
    "http://www.w3.org/TR/xhtml1/DTD/xhtml1-transitional.dtd">
<html xmlns="http://www.w3.org/1999/xhtml" xml:lang="en" lang="en">
 <head>
  <title>
</title>
<meta http-equiv="Content-Type" content="text/html;charset=utf-8" />
  <meta name='ocr-system' content='tesseract 3.04.00' />
  <meta name='ocr-capabilities' content='ocr_page ocr_carea ocr_par ocr_line ocrx_word'/>
</head>
<body>
  <div class='ocr_page' id='page_1' title='image "./ciuliicaesarisc01hirtgoog_0596.png"; bbox 0 0 2490 3974; ppageno 0'>
   <div class='ocr_carea' id='block_1_1' title="bbox 432 256 1054 346">
    <p class='ocr_par' dir='ltr' id='par_1_1' title="bbox 432 256 1054 346">
     <span class='ocr_line' id='line_1_1' title="bbox 432 256 1054 346; baseline -0.008 -21"><span class='ocrx_word' id='word_1_1' title='bbox 432 261 573 326; x_wconf 73' lang='lat' dir='ltr'>carus</span> <span class='ocrx_word' id='word_1_2' title='bbox 598 261 729 325; x_wconf 64' lang='grc' dir='ltr'>ιιι-18.</span> <span class='ocrx_word' id='word_1_3' title='bbox 992 256 1054 346; x_wconf 80' lang='lat'>249</span> 
     </span>
    </p>
   </div>
   <div class='ocr_carea' id='block_1_2' title="bbox 51 425 1087 3149">
    <p class='ocr_par' dir='ltr' id='par_1_2' title="bbox 51 425 1087 1262">
     <span class='ocr_line' id='line_1_2' title="bbox 81 425 1087 520; baseline -0.007 -22"><span class='ocrx_word' id='word_1_4' title='bbox 81 455 253 520; x_wconf 86' lang='lat' dir='ltr'>armaque</span> <span class='ocrx_word' id='word_1_5' title='bbox 281 455 391 499; x_wconf 89' lang='lat' dir='ltr'>eorum</span> <span class='ocrx_word' id='word_1_6' title='bbox 419 443 492 494; x_wconf 88' lang='lat' dir='ltr'>sunt</span> <span class='ocrx_word' id='word_1_7' title='bbox 519 432 609 516; x_wconf 88' lang='lat' dir='ltr'>potiti</span> <span class='ocrx_word' id='word_1_8' title='bbox 635 432 790 516; x_wconf 88' lang='lat' dir='ltr'>vivosque</span> <span class='ocrx_word' id='word_1_9' title='bbox 819 429 942 515; x_wconf 88' lang='lat' dir='ltr'>aliquos</span> <span class='ocrx_word' id='word_1_10' title='bbox 965 449 1055 513; x_wconf 87' lang='lat' dir='ltr'>cepe·</span> <span class='ocrx_word' id='word_1_11' title='bbox 1083 425 1087 430; x_wconf 77' lang='grc'><strong>’</strong></span> 
     </span>
     <span class='ocr_line' id='line_1_3' title="bbox 82 514 1056 604; baseline -0.007 -22"><span class='ocrx_word' id='word_1_12' title='bbox 82 527 182 600; x_wconf 87' lang='lat' dir='ltr'>runt,</span> <span class='ocrx_word' id='word_1_13' title='bbox 208 521 262 604; x_wconf 88' lang='lat' dir='ltr'>qni</span> <span class='ocrx_word' id='word_1_14' title='bbox 283 525 408 604; x_wconf 89' lang='lat' dir='ltr'>postero</span> <span class='ocrx_word' id='word_1_15' title='bbox 430 517 481 580; x_wconf 91' lang='lat' dir='ltr'>die</span> <span class='ocrx_word' id='word_1_16' title='bbox 504 527 576 580; x_wconf 92' lang='lat' dir='ltr'>sunt</span> <span class='ocrx_word' id='word_1_17' title='bbox 596 515 761 580; x_wconf 72' lang='lat' dir='ltr'><strong>interfecti.</strong></span> <span class='ocrx_word' id='word_1_18' title='bbox 782 514 967 599; x_wconf 86' lang='lat' dir='ltr'>Eodemque</span> <span class='ocrx_word' id='word_1_19' title='bbox 978 524 1056 578; x_wconf 90' lang='lat' dir='ltr'>tem-</span> 
     </span>
     <span class='ocr_line' id='line_1_4' title="bbox 84 599 1056 688; baseline -0.006 -21"><span class='ocrx_word' id='word_1_20' title='bbox 84 625 176 688; x_wconf 89' lang='lat' dir='ltr'>pore</span> <span class='ocrx_word' id='word_1_21' title='bbox 198 604 362 688; x_wconf 87' lang='lat' dir='ltr'>transfuga</span> <span class='ocrx_word' id='word_1_22' title='bbox 388 603 544 666; x_wconf 85' lang='lat' dir='ltr'>nuntiavit</span> <span class='ocrx_word' id='word_1_23' title='bbox 571 623 615 664; x_wconf 74' lang='lat' dir='ltr'>eir</span> <span class='ocrx_word' id='word_1_24' title='bbox 641 599 757 685; x_wconf 90' lang='lat' dir='ltr'>oppido</span> <span class='ocrx_word' id='word_1_25' title='bbox 784 599 918 679; x_wconf 85' lang='lat' dir='ltr'>Iunium,</span> <span class='ocrx_word' id='word_1_26' title='bbox 947 599 1002 684; x_wconf 89' lang='lat' dir='ltr'>qui</span> <span class='ocrx_word' id='word_1_27' title='bbox 1022 599 1056 661; x_wconf 89' lang='lat' dir='ltr'>in</span> 
     </span>
     <span class='ocr_line' id='line_1_5' title="bbox 86 682 1055 770; baseline -0.006 -19"><span class='ocrx_word' id='word_1_28' title='bbox 86 688 247 752; x_wconf 89' lang='lat' dir='ltr'>cuniculo</span> <span class='ocrx_word' id='word_1_29' title='bbox 268 689 387 768; x_wconf 83' lang='lat' dir='ltr'>firisset,</span> <span class='ocrx_word' id='word_1_30' title='bbox 409 687 602 770; x_wconf 86' lang='lat' dir='ltr'>iugulaticne</span> <span class='ocrx_word' id='word_1_31' title='bbox 632 685 861 770; x_wconf 83' lang='lat' dir='ltr'>oppidanorum</span> <span class='ocrx_word' id='word_1_32' title='bbox 887 685 972 748; x_wconf 86' lang='lat' dir='ltr'>facta</span> <span class='ocrx_word' id='word_1_33' title='bbox 993 682 1055 746; x_wconf 84' lang='lat' dir='ltr'>cla-</span> 
     </span>
     <span class='ocr_line' id='line_1_6' title="bbox 51 770 1056 836; baseline -0.005 -1"><span class='ocrx_word' id='word_1_34' title='bbox 51 798 59 808; x_wconf 72' lang='grc'>’</span> <span class='ocrx_word' id='word_1_35' title='bbox 86 795 206 836; x_wconf 88' lang='lat' dir='ltr'>masse</span> <span class='ocrx_word' id='word_1_36' title='bbox 232 773 355 836; x_wconf 83' lang='lat' dir='ltr'>facinus</span> <span class='ocrx_word' id='word_1_37' title='bbox 384 795 418 835; x_wconf 90' lang='lat' dir='ltr'>se</span> <span class='ocrx_word' id='word_1_38' title='bbox 444 770 615 836; x_wconf 84' lang='lat' dir='ltr'>nefandum</span> <span class='ocrx_word' id='word_1_39' title='bbox 644 780 676 834; x_wconf 91' lang='lat' dir='ltr'>et</span> <span class='ocrx_word' id='word_1_40' title='bbox 702 770 804 834; x_wconf 89' lang='lat' dir='ltr'>scelus</span> <span class='ocrx_word' id='word_1_41' title='bbox 830 770 959 832; x_wconf 82' lang='lat' dir='ltr'>iecisse:</span> <span class='ocrx_word' id='word_1_42' title='bbox 983 790 1056 831; x_wconf 89' lang='lat' dir='ltr'>nam</span> 
     </span>
     <span class='ocr_line' id='line_1_7' title="bbox 89 853 1058 942; baseline -0.006 -22"><span class='ocrx_word' id='word_1_43' title='bbox 89 879 153 921; x_wconf 86' lang='lat' dir='ltr'>ecs</span> <span class='ocrx_word' id='word_1_44' title='bbox 176 856 258 921; x_wconf 91' lang='lat' dir='ltr'>nihil</span> <span class='ocrx_word' id='word_1_45' title='bbox 280 859 441 938; x_wconf 87' lang='lat' dir='ltr'>meruisse,</span> <span class='ocrx_word' id='word_1_46' title='bbox 465 879 562 942; x_wconf 89' lang='lat' dir='ltr'>quare</span> <span class='ocrx_word' id='word_1_47' title='bbox 576 855 632 919; x_wconf 84' lang='lat' dir='ltr'>tali</span> <span class='ocrx_word' id='word_1_48' title='bbox 653 877 756 941; x_wconf 88' lang='lat' dir='ltr'>poena</span> <span class='ocrx_word' id='word_1_49' title='bbox 778 855 986 938; x_wconf 84' lang='lat' dir='ltr'>afficerentur,</span> <span class='ocrx_word' id='word_1_50' title='bbox 1003 853 1058 938; x_wconf 93' lang='lat' dir='ltr'>qui</span> 
     </span>
     <span class='ocr_line' id='line_1_8' title="bbox 91 939 1055 1025; baseline -0.005 -20"><span class='ocrx_word' id='word_1_51' title='bbox 91 963 153 1006; x_wconf 91' lang='lat' dir='ltr'>eos</span> <span class='ocrx_word' id='word_1_52' title='bbox 178 942 220 1006; x_wconf 89' lang='lat' dir='ltr'>ad</span> <span class='ocrx_word' id='word_1_53' title='bbox 243 965 314 1007; x_wconf 89' lang='lat' dir='ltr'>aras</span> <span class='ocrx_word' id='word_1_54' title='bbox 338 953 369 1006; x_wconf 90' lang='lat' dir='ltr'>et</span> <span class='ocrx_word' id='word_1_55' title='bbox 389 941 475 1006; x_wconf 89' lang='lat' dir='ltr'>focos</span> <span class='ocrx_word' id='word_1_56' title='bbox 499 963 571 1005; x_wconf 89' lang='lat' dir='ltr'>suos</span> <span class='ocrx_word' id='word_1_57' title='bbox 586 942 789 1025; x_wconf 79' lang='lat' dir='ltr'>recepissent,</span> <span class='ocrx_word' id='word_1_58' title='bbox 813 961 930 1024; x_wconf 89' lang='lat' dir='ltr'>eosque</span> <span class='ocrx_word' id='word_1_59' title='bbox 954 939 1055 1022; x_wconf 80' lang='lat' dir='ltr'>hospi-</span> 
     </span>
     <span class='ocr_line' id='line_1_9' title="bbox 84 1023 1056 1114; baseline -0.006 -24"><span class='ocrx_word' id='word_1_60' title='bbox 84 1027 179 1114; x_wconf 84' lang='lat' dir='ltr'>tium</span> <span class='ocrx_word' id='word_1_61' title='bbox 204 1027 324 1092; x_wconf 88' lang='lat' dir='ltr'>scelere</span> <span class='ocrx_word' id='word_1_62' title='bbox 346 1029 594 1108; x_wconf 84' lang='lat' dir='ltr'>contaminasse3</span> <span class='ocrx_word' id='word_1_63' title='bbox 616 1025 715 1090; x_wconf 88' lang='lat' dir='ltr'>multa</span> <span class='ocrx_word' id='word_1_64' title='bbox 742 1033 907 1110; x_wconf 85' lang='lat' dir='ltr'>praeterea</span> <span class='ocrx_word' id='word_1_65' title='bbox 928 1023 1056 1102; x_wconf 80' lang='lat' dir='ltr'>dixisse,</span> 
     </span>
     <span class='ocr_line' id='line_1_10' title="bbox 92 1109 1058 1259; baseline -0.005 -84"><span class='ocrx_word' id='word_1_66' title='bbox 92 1134 164 1259; x_wconf 69' lang='lat' dir='ltr'>qua</span> <span class='ocrx_word' id='word_1_67' title='bbox 198 1114 339 1177; x_wconf 84' lang='lat' dir='ltr'>oratione</span> <span class='ocrx_word' id='word_1_68' title='bbox 368 1112 533 1176; x_wconf 89' lang='lat' dir='ltr'>deterritos</span> <span class='ocrx_word' id='word_1_69' title='bbox 566 1109 701 1196; x_wconf 91' lang='lat' dir='ltr'>amplius</span> <span class='ocrx_word' id='word_1_70' title='bbox 734 1109 958 1195; x_wconf 87' lang='lat' dir='ltr'>iugulationem</span> <span class='ocrx_word' id='word_1_71' title='bbox 993 1129 1058 1172; x_wconf 90' lang='lat' dir='ltr'>non</span> 
     </span>
     <span class='ocr_line' id='line_1_11' title="bbox 107 1217 949 1262; baseline 0.002 -2"><span class='ocrx_word' id='word_1_72' title='bbox 107 1217 225 1262; x_wconf 83' lang='lat' dir='ltr'>ecrsse.</span> <span class='ocrx_word' id='word_1_73' title='bbox 947 1256 949 1262; x_wconf 91' lang='lat'>.</span> 
     </span>
    </p>

    <p class='ocr_par' dir='ltr' id='par_1_3' title="bbox 97 1277 1062 2725">
     <span class='ocr_line' id='line_1_12' title="bbox 167 1277 1058 1366; baseline -0.004 -21"><span class='ocrx_word' id='word_1_74' title='bbox 167 1282 218 1345; x_wconf 74' lang='lat'>17.</span> <span class='ocrx_word' id='word_1_75' title='bbox 240 1282 290 1345; x_wconf 86' lang='lat' dir='ltr'>Ita</span> <span class='ocrx_word' id='word_1_76' title='bbox 311 1291 437 1366; x_wconf 87' lang='lat' dir='ltr'>postero</span> <span class='ocrx_word' id='word_1_77' title='bbox 466 1281 517 1344; x_wconf 91' lang='lat' dir='ltr'>die</span> <span class='ocrx_word' id='word_1_78' title='bbox 545 1279 670 1344; x_wconf 82' lang='lat' dir='ltr'>Tullius</span> <span class='ocrx_word' id='word_1_79' title='bbox 692 1279 815 1364; x_wconf 85' lang='lat' dir='ltr'>legatus</span> <span class='ocrx_word' id='word_1_80' title='bbox 842 1301 914 1342; x_wconf 88' lang='lat' dir='ltr'>cum</span> <span class='ocrx_word' id='word_1_81' title='bbox 937 1277 1058 1342; x_wconf 81' lang='lat' dir='ltr'>Catone</span> 
     </span>
     <span class='ocr_line' id='line_1_13' title="bbox 97 1363 1058 1451; baseline -0.002 -23"><span class='ocrx_word' id='word_1_82' title='bbox 97 1365 256 1430; x_wconf 87' lang='lat' dir='ltr'>Lusitano</span> <span class='ocrx_word' id='word_1_83' title='bbox 278 1365 367 1430; x_wconf 86' lang='lat' dir='ltr'>venit</span> <span class='ocrx_word' id='word_1_84' title='bbox 381 1376 413 1430; x_wconf 91' lang='lat' dir='ltr'>et</span> <span class='ocrx_word' id='word_1_85' title='bbox 427 1366 510 1451; x_wconf 92' lang='lat' dir='ltr'>apud</span> <span class='ocrx_word' id='word_1_86' title='bbox 526 1364 696 1430; x_wconf 82' lang='lat' dir='ltr'>Caesarem</span> <span class='ocrx_word' id='word_1_87' title='bbox 709 1364 809 1429; x_wconf 85' lang='lat' dir='ltr'>verba</span> <span class='ocrx_word' id='word_1_88' title='bbox 822 1365 913 1428; x_wconf 87' lang='lat' dir='ltr'>fecit:</span> <span class='ocrx_word' id='word_1_89' title='bbox 928 1363 1058 1428; x_wconf 91' lang='lat' dir='ltr'>Utinam</span> 
     </span>
     <span class='ocr_line' id='line_1_14' title="bbox 100 1448 1058 1536; baseline -0.002 -23"><span class='ocrx_word' id='word_1_90' title='bbox 100 1449 232 1536; x_wconf 89' lang='lat' dir='ltr'>quidem</span> <span class='ocrx_word' id='word_1_91' title='bbox 254 1451 298 1515; x_wconf 90' lang='lat' dir='ltr'>dii</span> <span class='ocrx_word' id='word_1_92' title='bbox 318 1450 511 1516; x_wconf 80' lang='lat' dir='ltr'>immortales</span> <span class='ocrx_word' id='word_1_93' title='bbox 532 1451 690 1530; x_wconf 85' lang='lat' dir='ltr'>fecissent,</span> <span class='ocrx_word' id='word_1_94' title='bbox 706 1461 741 1514; x_wconf 89' lang='lat' dir='ltr'>ut</span> <span class='ocrx_word' id='word_1_95' title='bbox 760 1451 952 1534; x_wconf 78' lang='lat' dir='ltr'>tunspcfius</span> <span class='ocrx_word' id='word_1_96' title='bbox 967 1448 1058 1512; x_wconf 88' lang='lat' dir='ltr'>miles</span> 
     </span>
     <span class='ocr_line' id='line_1_15' title="bbox 100 1534 1059 1622; baseline -0.002 -24"><span class='ocrx_word' id='word_1_97' title='bbox 100 1557 200 1620; x_wconf 88' lang='lat' dir='ltr'>quam</span> <span class='ocrx_word' id='word_1_98' title='bbox 231 1534 291 1600; x_wconf 82' lang='lat' dir='ltr'>On.</span> <span class='ocrx_word' id='word_1_99' title='bbox 328 1537 458 1622; x_wconf 88' lang='lat' dir='ltr'>Pompei</span> <span class='ocrx_word' id='word_1_100' title='bbox 489 1536 590 1600; x_wconf 85' lang='lat' dir='ltr'>iactus</span> <span class='ocrx_word' id='word_1_101' title='bbox 623 1557 725 1599; x_wconf 90' lang='lat' dir='ltr'>essem</span> <span class='ocrx_word' id='word_1_102' title='bbox 758 1545 790 1598; x_wconf 87' lang='lat' dir='ltr'>et</span> <span class='ocrx_word' id='word_1_103' title='bbox 821 1534 903 1597; x_wconf 89' lang='lat' dir='ltr'>hanc</span> <span class='ocrx_word' id='word_1_104' title='bbox 933 1535 1059 1597; x_wconf 86' lang='lat' dir='ltr'>virtutis</span> 
     </span>
     <span class='ocr_line' id='line_1_16' title="bbox 102 1619 1059 1704; baseline -0.002 -22"><span class='ocrx_word' id='word_1_105' title='bbox 102 1622 312 1685; x_wconf 86' lang='lat' dir='ltr'>constantiam</span> <span class='ocrx_word' id='word_1_106' title='bbox 333 1622 367 1684; x_wconf 89' lang='lat' dir='ltr'>in</span> <span class='ocrx_word' id='word_1_107' title='bbox 388 1632 443 1686; x_wconf 92' lang='lat' dir='ltr'>tua</span> <span class='ocrx_word' id='word_1_108' title='bbox 463 1623 605 1704; x_wconf 86' lang='lat' dir='ltr'>victoria,</span> <span class='ocrx_word' id='word_1_109' title='bbox 629 1643 693 1684; x_wconf 93' lang='lat' dir='ltr'>non</span> <span class='ocrx_word' id='word_1_110' title='bbox 714 1621 748 1682; x_wconf 92' lang='lat' dir='ltr'>in</span> <span class='ocrx_word' id='word_1_111' title='bbox 774 1619 858 1684; x_wconf 89' lang='lat' dir='ltr'>illius</span> <span class='ocrx_word' id='word_1_112' title='bbox 881 1619 1059 1684; x_wconf 79' lang='lat' dir='ltr'>calamitate</span> 
     </span>
     <span class='ocr_line' id='line_1_17' title="bbox 103 1703 1060 1791; baseline -0.002 -23"><span class='ocrx_word' id='word_1_113' title='bbox 103 1716 309 1788; x_wconf 87' lang='lat' dir='ltr'>praestarem.</span> <span class='ocrx_word' id='word_1_114' title='bbox 333 1705 430 1769; x_wconf 81' lang='lat' dir='ltr'>Cuius</span> <span class='ocrx_word' id='word_1_115' title='bbox 452 1707 596 1770; x_wconf 87' lang='lat' dir='ltr'>funestae</span> <span class='ocrx_word' id='word_1_116' title='bbox 611 1704 721 1788; x_wconf 83' lang='lat' dir='ltr'>laudes</span> <span class='ocrx_word' id='word_1_117' title='bbox 744 1707 892 1791; x_wconf 90' lang='lat' dir='ltr'>quoniam</span> <span class='ocrx_word' id='word_1_118' title='bbox 914 1703 956 1767; x_wconf 88' lang='lat' dir='ltr'>ad</span> <span class='ocrx_word' id='word_1_119' title='bbox 978 1703 1060 1767; x_wconf 91' lang='lat' dir='ltr'>hanc</span> 
     </span>
     <span class='ocr_line' id='line_1_18' title="bbox 102 1789 1059 1874; baseline -0.002 -22"><span class='ocrx_word' id='word_1_120' title='bbox 102 1789 263 1853; x_wconf 86' lang='lat' dir='ltr'>fortunam</span> <span class='ocrx_word' id='word_1_121' title='bbox 298 1791 485 1868; x_wconf 87' lang='lat' dir='ltr'>reciderunt,</span> <span class='ocrx_word' id='word_1_122' title='bbox 522 1801 557 1856; x_wconf 90' lang='lat' dir='ltr'>ut</span> <span class='ocrx_word' id='word_1_123' title='bbox 593 1793 679 1854; x_wconf 86' lang='lat' dir='ltr'>cives</span> <span class='ocrx_word' id='word_1_124' title='bbox 714 1790 848 1854; x_wconf 90' lang='lat' dir='ltr'>Romani</span> <span class='ocrx_word' id='word_1_125' title='bbox 880 1789 1059 1874; x_wconf 88' lang='lat' dir='ltr'>indigentes</span> 
     </span>
     <span class='ocr_line' id='line_1_19' title="bbox 104 1874 1060 1961; baseline -0.003 -23"><span class='ocrx_word' id='word_1_126' title='bbox 104 1876 256 1958; x_wconf 87' lang='lat' dir='ltr'>praesidii</span> <span class='ocrx_word' id='word_1_127' title='bbox 279 1923 443 1939; x_wconf 88' lang='grc'><strong>......</strong></span> <span class='ocrx_word' id='word_1_128' title='bbox 467 1891 498 1940; x_wconf 90' lang='lat' dir='ltr'>et</span> <span class='ocrx_word' id='word_1_129' title='bbox 518 1885 647 1961; x_wconf 87' lang='lat' dir='ltr'>propter</span> <span class='ocrx_word' id='word_1_130' title='bbox 662 1878 789 1960; x_wconf 80' lang='lat' dir='ltr'>patriae</span> <span class='ocrx_word' id='word_1_131' title='bbox 805 1874 980 1938; x_wconf 86' lang='lat' dir='ltr'>luctuosam</span> <span class='ocrx_word' id='word_1_132' title='bbox 1014 1894 1060 1936; x_wconf 89' lang='lat' dir='ltr'>er-</span> 
     </span>
     <span class='ocr_line' id='line_1_20' title="bbox 105 1897 1060 2046; baseline 0 -24"><span class='ocrx_word' id='word_1_133' title='bbox 105 1960 220 2024; x_wconf 90' lang='lat' dir='ltr'>niciem</span> <span class='ocrx_word' id='word_1_134' title='bbox 242 1960 387 2026; x_wconf 88' lang='lat' dir='ltr'>dedimur</span> <span class='ocrx_word' id='word_1_135' title='bbox 407 1961 542 2025; x_wconf 90' lang='lat' dir='ltr'>hostium</span> <span class='ocrx_word' id='word_1_136' title='bbox 564 1983 706 2041; x_wconf 89' lang='lat' dir='ltr'>numero,</span> <span class='ocrx_word' id='word_1_137' title='bbox 730 1961 783 2046; x_wconf 89' lang='lat' dir='ltr'>qui</span> <span class='ocrx_word' id='word_1_138' title='bbox 804 1981 908 2045; x_wconf 88' lang='lat' dir='ltr'>neque</span> <span class='ocrx_word' id='word_1_139' title='bbox 930 1959 962 2020; x_wconf 88' lang='lat' dir='ltr'>in</span> <span class='ocrx_word' id='word_1_140' title='bbox 977 1897 1060 2022; x_wconf 88' lang='lat' dir='ltr'>illius</span> 
     </span>
     <span class='ocr_line' id='line_1_21' title="bbox 107 2043 1062 2130; baseline -0.002 -22"><span class='ocrx_word' id='word_1_141' title='bbox 107 2057 258 2129; x_wconf 87' lang='lat' dir='ltr'>prospera</span> <span class='ocrx_word' id='word_1_142' title='bbox 290 2047 357 2110; x_wconf 87' lang='lat' dir='ltr'>acie</span> <span class='ocrx_word' id='word_1_143' title='bbox 383 2048 519 2130; x_wconf 85' lang='lat' dir='ltr'>primam</span> <span class='ocrx_word' id='word_1_144' title='bbox 545 2047 711 2127; x_wconf 81' lang='lat' dir='ltr'>fortunam,</span> <span class='ocrx_word' id='word_1_145' title='bbox 741 2067 845 2129; x_wconf 88' lang='lat' dir='ltr'>neque</span> <span class='ocrx_word' id='word_1_146' title='bbox 871 2045 905 2107; x_wconf 90' lang='lat' dir='ltr'>in</span> <span class='ocrx_word' id='word_1_147' title='bbox 928 2043 1062 2107; x_wconf 87' lang='lat' dir='ltr'>adversa</span> 
     </span>
     <span class='ocr_line' id='line_1_22' title="bbox 108 2128 1062 2213; baseline 0 -21"><span class='ocrx_word' id='word_1_148' title='bbox 108 2130 277 2193; x_wconf 86' lang='lat' dir='ltr'>secundam</span> <span class='ocrx_word' id='word_1_149' title='bbox 299 2129 489 2194; x_wconf 87' lang='lat' dir='ltr'>obtinuimus</span> <span class='ocrx_word' id='word_1_150' title='bbox 520 2131 716 2210; x_wconf 68' lang='lat' dir='ltr'>[victoriam&#39;l.</span> <span class='ocrx_word' id='word_1_151' title='bbox 751 2128 814 2208; x_wconf 75' lang='lat' dir='ltr'>Qui</span> <span class='ocrx_word' id='word_1_152' title='bbox 836 2129 995 2213; x_wconf 88' lang='lat' dir='ltr'>legionum</span> <span class='ocrx_word' id='word_1_153' title='bbox 1016 2137 1062 2192; x_wconf 89' lang='lat' dir='ltr'>tot</span> 
     </span>
     <span class='ocr_line' id='line_1_23' title="bbox 108 2214 1061 2300; baseline -0.001 -23"><span class='ocrx_word' id='word_1_154' title='bbox 108 2216 239 2298; x_wconf 87' lang='lat' dir='ltr'>impetus</span> <span class='ocrx_word' id='word_1_155' title='bbox 256 2225 474 2296; x_wconf 83' lang='lat' dir='ltr'>sustentantes,</span> <span class='ocrx_word' id='word_1_156' title='bbox 490 2218 652 2280; x_wconf 82' lang='lat' dir='ltr'>nocturnis</span> <span class='ocrx_word' id='word_1_157' title='bbox 668 2215 852 2300; x_wconf 89' lang='lat' dir='ltr'>diurnisque</span> <span class='ocrx_word' id='word_1_158' title='bbox 866 2214 1061 2298; x_wconf 88' lang='lat' dir='ltr'>temporibus</span> 
     </span>
     <span class='ocr_line' id='line_1_24' title="bbox 110 2298 1060 2386; baseline 0 -25"><span class='ocrx_word' id='word_1_159' title='bbox 110 2298 282 2383; x_wconf 86' lang='lat' dir='ltr'>gladiorum</span> <span class='ocrx_word' id='word_1_160' title='bbox 319 2303 399 2364; x_wconf 91' lang='lat' dir='ltr'>ictus</span> <span class='ocrx_word' id='word_1_161' title='bbox 435 2301 632 2386; x_wconf 87' lang='lat' dir='ltr'>telorumque</span> <span class='ocrx_word' id='word_1_162' title='bbox 674 2302 788 2363; x_wconf 89' lang='lat' dir='ltr'>missus</span> <span class='ocrx_word' id='word_1_163' title='bbox 830 2309 1060 2384; x_wconf 85' lang='lat' dir='ltr'>exspectantes,</span> 
     </span>
     <span class='ocr_line' id='line_1_25' title="bbox 109 2383 1059 2470; baseline 0 -24"><span class='ocrx_word' id='word_1_164' title='bbox 109 2383 208 2448; x_wconf 86' lang='lat' dir='ltr'>relicti</span> <span class='ocrx_word' id='word_1_165' title='bbox 231 2396 262 2448; x_wconf 91' lang='lat' dir='ltr'>et</span> <span class='ocrx_word' id='word_1_166' title='bbox 283 2386 401 2450; x_wconf 88' lang='lat' dir='ltr'>deserti</span> <span class='ocrx_word' id='word_1_167' title='bbox 424 2409 442 2449; x_wconf 91' lang='lat' dir='ltr'>a</span> <span class='ocrx_word' id='word_1_168' title='bbox 463 2387 624 2470; x_wconf 90' lang='lat' dir='ltr'>Pompeio,</span> <span class='ocrx_word' id='word_1_169' title='bbox 647 2395 702 2448; x_wconf 89' lang='lat' dir='ltr'>tua</span> <span class='ocrx_word' id='word_1_170' title='bbox 724 2387 838 2449; x_wconf 87' lang='lat' dir='ltr'>virtute</span> <span class='ocrx_word' id='word_1_171' title='bbox 850 2387 990 2468; x_wconf 88' lang='lat' dir='ltr'>superati</span> <span class='ocrx_word' id='word_1_172' title='bbox 1012 2404 1059 2446; x_wconf 87' lang='lat' dir='ltr'>sa·</span> 
     </span>
     <span class='ocr_line' id='line_1_26' title="bbox 111 2467 1061 2557; baseline 0 -27"><span class='ocrx_word' id='word_1_173' title='bbox 111 2468 202 2538; x_wconf 80' lang='lat' dir='ltr'>lutam</span> <span class='ocrx_word' id='word_1_174' title='bbox 218 2492 238 2532; x_wconf 88' lang='lat' dir='ltr'>a</span> <span class='ocrx_word' id='word_1_175' title='bbox 252 2483 306 2534; x_wconf 88' lang='lat' dir='ltr'>tua</span> <span class='ocrx_word' id='word_1_176' title='bbox 320 2470 486 2535; x_wconf 87' lang='lat' dir='ltr'>clementia</span> <span class='ocrx_word' id='word_1_177' title='bbox 501 2469 709 2557; x_wconf 90' lang='lat' dir='ltr'>deposcimus,</span> <span class='ocrx_word' id='word_1_178' title='bbox 725 2470 871 2555; x_wconf 84' lang='lat' dir='ltr'>petimus,</span> <span class='ocrx_word' id='word_1_179' title='bbox 885 2479 921 2532; x_wconf 91' lang='lat' dir='ltr'>ut</span> <span class='ocrx_word' id='word_1_180' title='bbox 936 2467 1061 2554; x_wconf 86' lang='lat' dir='ltr'>qualem</span> 
     </span>
     <span class='ocr_line' id='line_1_27' title="bbox 113 2554 1062 2642; baseline 0.001 -27"><span class='ocrx_word' id='word_1_181' title='bbox 113 2601 273 2618; x_wconf 91' lang='grc'><strong><em>......</em></strong></span> <span class='ocrx_word' id='word_1_182' title='bbox 296 2556 443 2640; x_wconf 87' lang='lat' dir='ltr'>gentibus</span> <span class='ocrx_word' id='word_1_183' title='bbox 471 2578 522 2620; x_wconf 89' lang='lat' dir='ltr'>me</span> <span class='ocrx_word' id='word_1_184' title='bbox 548 2557 700 2642; x_wconf 89' lang='lat' dir='ltr'>praestiti,</span> <span class='ocrx_word' id='word_1_185' title='bbox 731 2554 865 2620; x_wconf 91' lang='lat' dir='ltr'>similem</span> <span class='ocrx_word' id='word_1_186' title='bbox 891 2555 925 2629; x_wconf 81' lang='lat' dir='ltr'>in</span> <span class='ocrx_word' id='word_1_187' title='bbox 946 2555 1062 2618; x_wconf 88' lang='lat' dir='ltr'>civium</span> 
     </span>
     <span class='ocr_line' id='line_1_28' title="bbox 113 2638 464 2725; baseline 0.006 -23"><span class='ocrx_word' id='word_1_188' title='bbox 113 2638 265 2704; x_wconf 87' lang='lat' dir='ltr'>deditione</span> <span class='ocrx_word' id='word_1_189' title='bbox 286 2639 464 2725; x_wconf 87' lang='lat' dir='ltr'>praestabo.</span> 
     </span>
    </p>

    <p class='ocr_par' dir='ltr' id='par_1_4' title="bbox 114 2724 1065 3149">
     <span class='ocr_line' id='line_1_29' title="bbox 175 2724 1063 2813; baseline -0.001 -28"><span class='ocrx_word' id='word_1_190' title='bbox 175 2725 221 2787; x_wconf 84' lang='lat'>18.</span> <span class='ocrx_word' id='word_1_191' title='bbox 243 2726 394 2789; x_wconf 87' lang='lat' dir='ltr'>Remissis</span> <span class='ocrx_word' id='word_1_192' title='bbox 422 2725 535 2811; x_wconf 90' lang='lat' dir='ltr'>legatis</span> <span class='ocrx_word' id='word_1_193' title='bbox 563 2748 659 2813; x_wconf 89' lang='lat' dir='ltr'>quum</span> <span class='ocrx_word' id='word_1_194' title='bbox 688 2727 729 2789; x_wconf 87' lang='lat' dir='ltr'>ad</span> <span class='ocrx_word' id='word_1_195' title='bbox 757 2735 879 2811; x_wconf 88' lang='lat' dir='ltr'>portam</span> <span class='ocrx_word' id='word_1_196' title='bbox 901 2724 1063 2787; x_wconf 87' lang='lat' dir='ltr'>venissent</span> 
     </span>
     <span class='ocr_line' id='line_1_30' title="bbox 114 2807 1062 2896; baseline -0.002 -26"><span class='ocrx_word' id='word_1_197' title='bbox 114 2807 196 2871; x_wconf 70' lang='lat' dir='ltr'>*Ti</span> <span class='ocrx_word' id='word_1_198' title='bbox 225 2809 348 2874; x_wconf 85' lang='lat' dir='ltr'>Tullius</span> <span class='ocrx_word' id='word_1_199' title='bbox 371 2820 403 2876; x_wconf 92' lang='lat' dir='ltr'>et</span> <span class='ocrx_word' id='word_1_200' title='bbox 424 2834 519 2896; x_wconf 91' lang='lat' dir='ltr'>quum</span> <span class='ocrx_word' id='word_1_201' title='bbox 540 2813 750 2876; x_wconf 68' lang='lat' dir='ltr'>introeuntem</span> <span class='ocrx_word' id='word_1_202' title='bbox 780 2809 816 2874; x_wconf 82' lang='grc' dir='ltr'>Ο.</span> <span class='ocrx_word' id='word_1_203' title='bbox 838 2809 994 2873; x_wconf 87' lang='lat' dir='ltr'>Antonius</span> <span class='ocrx_word' id='word_1_204' title='bbox 1017 2809 1062 2869; x_wconf 91' lang='lat' dir='ltr'>in·</span> 
     </span>
     <span class='ocr_line' id='line_1_31' title="bbox 117 2894 1062 2980; baseline 0.002 -26"><span class='ocrx_word' id='word_1_205' title='bbox 117 2901 244 2956; x_wconf 89' lang='lat' dir='ltr'>secutus&#39;</span> <span class='ocrx_word' id='word_1_206' title='bbox 263 2917 327 2958; x_wconf 91' lang='lat' dir='ltr'>non</span> <span class='ocrx_word' id='word_1_207' title='bbox 356 2907 448 2977; x_wconf 88' lang='lat' dir='ltr'>esset,</span> <span class='ocrx_word' id='word_1_208' title='bbox 478 2899 608 2960; x_wconf 88' lang='lat' dir='ltr'>revertit</span> <span class='ocrx_word' id='word_1_209' title='bbox 637 2895 678 2959; x_wconf 89' lang='lat' dir='ltr'>ad</span> <span class='ocrx_word' id='word_1_210' title='bbox 706 2905 828 2980; x_wconf 87' lang='lat' dir='ltr'>portam</span> <span class='ocrx_word' id='word_1_211' title='bbox 851 2904 883 2958; x_wconf 91' lang='lat' dir='ltr'>et</span> <span class='ocrx_word' id='word_1_212' title='bbox 904 2894 1062 2956; x_wconf 88' lang='lat' dir='ltr'>hominem</span> 
     </span>
     <span class='ocr_line' id='line_1_32' title="bbox 118 2977 1061 3065; baseline -0.001 -27"><span class='ocrx_word' id='word_1_213' title='bbox 118 2977 324 3061; x_wconf 83' lang='lat' dir='ltr'>apprehendit</span> <span class='ocrx_word' id='word_1_214' title='bbox 348 2978 441 3058; x_wconf 78' lang='lat' dir='ltr'>Quod</span> <span class='ocrx_word' id='word_1_215' title='bbox 463 2981 608 3046; x_wconf 80' lang='lat' dir='ltr'>Tiberius</span> <span class='ocrx_word' id='word_1_216' title='bbox 632 3001 727 3065; x_wconf 88' lang='lat' dir='ltr'>quum</span> <span class='ocrx_word' id='word_1_217' title='bbox 742 2981 811 3044; x_wconf 86' lang='lat' dir='ltr'>fieri</span> <span class='ocrx_word' id='word_1_218' title='bbox 832 2977 1061 3054; x_wconf 74' lang='lat' dir='ltr'>ariniaducrtit,</span> 
     </span>
     <span class='ocr_line' id='line_1_33' title="bbox 119 3060 1065 3149; baseline 0 -25"><span class='ocrx_word' id='word_1_219' title='bbox 119 3062 204 3126; x_wconf 87' lang='lat' dir='ltr'>simul</span> <span class='ocrx_word' id='word_1_220' title='bbox 225 3065 395 3149; x_wconf 85' lang='lat' dir='ltr'>pugionem</span> <span class='ocrx_word' id='word_1_221' title='bbox 422 3066 532 3131; x_wconf 87' lang='lat' dir='ltr'>eduxit</span> <span class='ocrx_word' id='word_1_222' title='bbox 554 3075 586 3129; x_wconf 91' lang='lat' dir='ltr'>et</span> <span class='ocrx_word' id='word_1_223' title='bbox 615 3087 742 3128; x_wconf 75' lang='lat' dir='ltr'>nianum</span> <span class='ocrx_word' id='word_1_224' title='bbox 764 3066 831 3128; x_wconf 91' lang='lat' dir='ltr'>eius</span> <span class='ocrx_word' id='word_1_225' title='bbox 852 3064 971 3128; x_wconf 87' lang='lat' dir='ltr'>incidit.</span> <span class='ocrx_word' id='word_1_226' title='bbox 1015 3060 1065 3124; x_wconf 89' lang='lat' dir='ltr'>lta</span> 
     </span>
    </p>
   </div>
   <div class='ocr_carea' id='block_1_3' title="bbox 119 3145 1171 3235">
    <p class='ocr_par' dir='ltr' id='par_1_5' title="bbox 119 3145 1171 3235">
     <span class='ocr_line' id='line_1_34' title="bbox 119 3145 1171 3235; baseline 0.007 -26"><span class='ocrx_word' id='word_1_227' title='bbox 119 3147 291 3232; x_wconf 75' lang='lat' dir='ltr'>refugerunt</span> <span class='ocrx_word' id='word_1_228' title='bbox 313 3150 354 3214; x_wconf 91' lang='lat' dir='ltr'>ad</span> <span class='ocrx_word' id='word_1_229' title='bbox 376 3149 556 3214; x_wconf 78' lang='lat' dir='ltr'>Gaesarem.</span> <span class='ocrx_word' id='word_1_230' title='bbox 578 3151 763 3235; x_wconf 83' lang='lat' dir='ltr'>Eodemque</span> <span class='ocrx_word' id='word_1_231' title='bbox 777 3159 919 3232; x_wconf 89' lang='lat' dir='ltr'>tempore</span> <span class='ocrx_word' id='word_1_232' title='bbox 934 3145 1064 3232; x_wconf 78' lang='lat' dir='ltr'>signifer</span> <span class='ocrx_word' id='word_1_233' title='bbox 1168 3227 1171 3232; x_wconf 20' lang='lat'><em>¹</em></span> 
     </span>
    </p>
   </div>
   <div class='ocr_carea' id='block_1_4' title="bbox 119 3228 1064 3577">
    <p class='ocr_par' dir='ltr' id='par_1_6' title="bbox 119 3228 1064 3577">
     <span class='ocr_line' id='line_1_35' title="bbox 119 3228 1064 3320; baseline -0.003 -24"><span class='ocrx_word' id='word_1_234' title='bbox 119 3231 153 3296; x_wconf 91' lang='lat' dir='ltr'>de</span> <span class='ocrx_word' id='word_1_235' title='bbox 183 3233 306 3317; x_wconf 84' lang='lat' dir='ltr'>legione</span> <span class='ocrx_word' id='word_1_236' title='bbox 337 3238 439 3320; x_wconf 88' lang='lat' dir='ltr'>prima</span> <span class='ocrx_word' id='word_1_237' title='bbox 471 3236 638 3320; x_wconf 82' lang='lat' dir='ltr'>transfugit</span> <span class='ocrx_word' id='word_1_238' title='bbox 666 3247 697 3298; x_wconf 91' lang='lat' dir='ltr'>et</span> <span class='ocrx_word' id='word_1_239' title='bbox 723 3235 887 3313; x_wconf 86' lang='lat' dir='ltr'>nuntiavit,</span> <span class='ocrx_word' id='word_1_240' title='bbox 922 3254 982 3318; x_wconf 91' lang='lat' dir='ltr'>quo</span> <span class='ocrx_word' id='word_1_241' title='bbox 1012 3228 1064 3293; x_wconf 87' lang='lat' dir='ltr'>die</span> 
     </span>
     <span class='ocr_line' id='line_1_36' title="bbox 121 3317 1064 3465; baseline -0.002 -85"><span class='ocrx_word' id='word_1_242' title='bbox 121 3329 257 3402; x_wconf 89' lang='lat' dir='ltr'>equestre</span> <span class='ocrx_word' id='word_1_243' title='bbox 283 3319 437 3405; x_wconf 88' lang='lat' dir='ltr'>proelium</span> <span class='ocrx_word' id='word_1_244' title='bbox 464 3321 580 3386; x_wconf 87' lang='lat' dir='ltr'>factum</span> <span class='ocrx_word' id='word_1_245' title='bbox 609 3329 703 3402; x_wconf 86' lang='lat' dir='ltr'>esset,</span> <span class='ocrx_word' id='word_1_246' title='bbox 737 3341 793 3383; x_wconf 88' lang='lat' dir='ltr'>suo</span> <span class='ocrx_word' id='word_1_247' title='bbox 821 3317 910 3400; x_wconf 85' lang='lat' dir='ltr'>signo</span> <span class='ocrx_word' id='word_1_248' title='bbox 934 3318 1064 3465; x_wconf 81' lang='lat' dir='ltr'>lperisse</span> 
     </span>
     <span class='ocr_line' id='line_1_37' title="bbox 121 3401 1064 3492; baseline -0.003 -27"><span class='ocrx_word' id='word_1_249' title='bbox 121 3403 252 3468; x_wconf 89' lang='lat' dir='ltr'>homines</span> <span class='ocrx_word' id='word_1_250' title='bbox 284 3410 398 3486; x_wconf 86' lang='lat' dir='ltr'>XXXV,</span> <span class='ocrx_word' id='word_1_251' title='bbox 430 3427 534 3492; x_wconf 91' lang='lat' dir='ltr'>neque</span> <span class='ocrx_word' id='word_1_252' title='bbox 567 3407 662 3470; x_wconf 89' lang='lat' dir='ltr'>licere</span> <span class='ocrx_word' id='word_1_253' title='bbox 695 3406 807 3468; x_wconf 81' lang='lat' dir='ltr'>castris</span> <span class='ocrx_word' id='word_1_254' title='bbox 844 3401 902 3467; x_wconf 86' lang='lat' dir='ltr'>On.</span> <span class='ocrx_word' id='word_1_255' title='bbox 962 3402 1064 3480; x_wconf 89' lang='lat' dir='ltr'>ompei</span> 
     </span>
     <span class='ocr_line' id='line_1_38' title="bbox 122 3487 1063 3577; baseline -0.004 -27"><span class='ocrx_word' id='word_1_256' title='bbox 122 3491 256 3556; x_wconf 88' lang='lat' dir='ltr'>nuntiare</span> <span class='ocrx_word' id='word_1_257' title='bbox 284 3511 387 3577; x_wconf 89' lang='lat' dir='ltr'>neque</span> <span class='ocrx_word' id='word_1_258' title='bbox 414 3490 519 3556; x_wconf 89' lang='lat' dir='ltr'>dicere</span> <span class='ocrx_word' id='word_1_259' title='bbox 546 3493 667 3577; x_wconf 87' lang='lat' dir='ltr'>perisse</span> <span class='ocrx_word' id='word_1_260' title='bbox 695 3510 893 3575; x_wconf 88' lang='lat' dir='ltr'>quemquam.</span> <span class='ocrx_word' id='word_1_261' title='bbox 936 3487 1063 3566; x_wconf 83' lang='lat' dir='ltr'>Servus,</span> 
     </span>
    </p>
   </div>
   <div class='ocr_carea' id='block_1_5' title="bbox 0 0 1280 3974">
    <p class='ocr_par' dir='ltr' id='par_1_7' title="bbox 0 0 1280 3974">
     <span class='ocr_line' id='line_1_39' title="bbox 0 0 1280 3974; baseline 0 0"><span class='ocrx_word' id='word_1_262' title='bbox 0 0 1280 3974; x_wconf 95' lang='lat' dir='ltr'> </span> 
     </span>
    </p>
   </div>
  </div>
 </body>
</html>
