2534 3970
363 212 497 280 OOMM.
519 215 566 280 IV
588 214 681 281 CAP.
706 216 841 282 16-19.
1037 215 1076 281 tt

133 383 242 472 pedum
271 385 508 472 quadragenum
529 387 570 451 ab
592 386 740 452 inferiore
762 397 854 473 parte
881 397 991 452 contra
1012 390 1080 452 vim

135 479 220 556 atque
252 471 406 557 impetum
432 471 570 536 fluminis
599 494 753 538 conversa
779 470 944 536 statuebat.
986 473 1078 537 Haec

133 564 260 642 utraque
282 557 412 658 insuper
425 557 623 642 bipedalibus
638 557 781 622 trabibus
796 558 955 640 immissis,
979 581 1078 644 quan·

133 650 192 706 tum
215 663 325 706 eorum
346 653 503 728 tignorum
524 644 669 707 iunctura
690 642 842 725 distabat,
864 643 947 708 binis
969 644 1079 706 utrim-

39 769 42 775 -
132 748 190 877 qqe
210 725 315 790 fibulis
337 727 377 792 ab
400 736 541 791 extrema
562 738 653 815 parte
686 727 934 810 distinebantur3
962 727 1076 814 quibus

152 811 272 876 'clusis
294 821 389 898 atque
410 813 443 876 in
465 814 653 877 censariam
674 823 798 899 partem
818 814 968 878 revinctis
990 823 1079 877 tants

132 905 195 962 erat
215 897 319 982 operis
348 897 506 963 firmitudo
530 908 631 985 'atque
667 921 707 963 ea
737 919 843 963 rerum
871 908 1003 980 natura,
1032 907 1076 980 ut,

131 1003 188 1068 quo
209 984 310 1047 maior
330 984 379 1046 vis
401 1005 503 1069 aquae
526 1005 560 1046 se
583 984 791 1065 incitavisset,
815 983 876 1048 hoc
897 985 995 1047 artius
1017 983 1078 1048 illi·

128 1075 200 1154 gata
220 1076 412 1132 tenerentur.
455 1068 546 1134 Haec
568 1068 689 1134 directa
709 1071 844 1133 materia
864 1070 982 1133 iniecta
1002 1089 1076 1133 con·

128 1152 315 1218 texebantur
335 1173 373 1217 ac
388 1152 541 1239 longuriis
557 1154 697 1219 cratibus
721 1176 761 1218 ue
776 1154 1076 1236 consternebantur3

128 1260 163 1302 ac
183 1237 282 1303 nihilo
311 1239 414 1302 secius
437 1238 577 1304 sublicae
613 1248 645 1303 et
673 1178 719 1303 ad
746 1239 926 1304 inferiorem
976 1249 1077 1302 artem

126 1321 263 1387 fluminis
282 1323 410 1410 oblique
425 1323 609 1408 agebantur,
633 1347 713 1410 quae
727 1347 786 1410 pro
801 1325 899 1388 ariete
915 1262 1076 1389 subiectae

126 1418 250 1474 etcum
272 1409 357 1473 omni
380 1431 475 1494 opere
497 1411 683 1474 coniunctae
703 1411 769 1474 vim
791 1409 930 1474 fluminis
950 1411 1076 1495 excipe·

123 1502 219 1576 rent,¹
243 1503 274 1558 et
303 1492 385 1558 aliae
414 1498 489 1559 item
513 1517 609 1580 supra
629 1504 760 1581 pontem
780 1495 933 1560 mediocri
962 1496 1075 1580 spatio,

123 1587 166 1661 ut,
196 1581 225 1644 si
252 1577 402 1644 arborum
427 1581 531 1643 trunci
552 1581 621 1645 sive
648 1601 748 1644 naves
777 1580 945 1644 deiiciendi
971 1579 1076 1665 operis

122 1673 231 1730 essent
264 1663 454 1729 abarbaris
486 1665 620 1748 missae,
652 1665 702 1728 his
725 1664 944 1744 defensoribus
967 1685 1076 1728 earum

121 1771 229 1814 rerum
249 1750 299 1814 vis
320 1751 524 1832 minueretur,
546 1770 609 1814 neu
652 1751 718 1816 onti
738 1758 900 1814 nocerent.

186 1834 238 1899 18.
281 1833 404 1899 Diebus
426 1835 551 1917 decem,
581 1771 696 1922 quilius
717 1837 851 1900 materia
873 1843 985 1921 coepta
1006 1843 1077 1898 erat

121 1919 328 2006 comportari,
351 1921 437 1984 omni
459 1940 554 2006 opere
575 1922 688 1986 effecto
711 1922 869 1986 exercitus
891 1919 1075 1984 traducitur.

120 2004 243 2070 Caesar
264 2004 306 2069 ad
326 2014 491 2092 utramque
542 2015 643 2070 artem
670 2009 775 2092 pontis
804 2006 895 2071 firmo
938 2004 1076 2070 raesidio

118 2089 232 2156 relicto
253 2091 287 2154 in
308 2090 388 2154 fines
410 2027 659 2176 Sugambrorum
689 2091 858 2158 contendit.
920 2092 1035 2155 nterim
1056 2113 1076 2154 a

118 2174 337 2261 compluribus
359 2176 537 2241 civitatibus
559 2176 601 2241 ad
623 2199 695 2240 eum
716 2177 813 2262 legati
834 2178 979 2258 veniunt3
1008 2177 1076 2261 qui·

117 2260 181 2327 bus
215 2283 326 2346 pacem
358 2269 453 2348 atque
486 2263 657 2326 amicitiam
681 2261 868 2410 petentibus
901 2260 1075 2326 liberaliter

116 2346 286 2432 respondit
307 2346 498 2432 obsidesque
519 2346 561 2412 ad
583 2369 617 2412 se
639 2347 680 2410 ad
703 2349 755 2412 uci
775 2347 872 2412 iubet.
905 2345 1075 2432 Sugambri

117 2453 163 2496 ex
185 2452 224 2496 eo
246 2441 403 2517 tempore,
432 2453 493 2518 quo
515 2453 596 2518 pons
618 2433 739 2496 institui
761 2441 977 2518 coeptusest,
1000 2431 1076 2515 fuga

116 2528 304 2602 comparata
324 2517 520 2581 hortantibus
542 2519 598 2598 iis,
629 2539 707 2604 quos
730 2539 772 2581 ex
794 2517 957 2582 Tencteris
980 2525 1076 2601 atque

114 2601 307 2688 Usipetibus
335 2602 420 2687 apud
442 2624 476 2665 se
498 2602 675 2686 habebant,
703 2603 820 2667 finibus
843 2603 908 2666 suis
931 2621 1075 2666 excesse-

113 2698 192 2752 rant
222 2709 342 2773 suaque
370 2687 477 2751 omnia
508 2696 754 2772 exportaverant
780 2709 877 2774 seque
905 2688 939 2750 in
968 2685 1075 2752 solitu·

113 2773 229 2837 dinem
251 2793 295 2836 ac
311 2771 407 2836 silvas
429 2771 624 2837 abdiderant.
832 2784 834 2790 '

186 2857 238 2922 19.
262 2855 383 2921 Caesar
397 2879 515 2943 paucos
536 2857 603 2922 dies
618 2861 652 2922 in
667 2879 776 2922 comm
795 2856 911 2922 finibus
933 2865 1074 2921 moratus

113 2942 284 3008 omnibus·
304 2943 383 3006 vicis
420 2941 636 3029 aedificiisque
671 2943 810 3006 incensis
845 2941 1074 3025 frumentisque

112 3030 253 3094 succisis
275 3049 310 3092 se
331 3026 466 3091 infines
487 3027 642 3092 Ubiorum
668 3029 788 3113 recepit
809 3037 905 3112 atque
927 3027 965 3090 iis
987 3027 1074 3090 auxi-

110 3112 198 3178 lium
214 3135 306 3177 suum
324 3112 493 3198 pollicitus,
516 3113 544 3176 si
559 3112 599 3176 ab
614 3112 729 3178 Suebis
745 3121 972 3198 premerentur,
984 3111 1076 3174 ‘haee

110 3199 158 3262 ab
174 3200 217 3263 iis
232 3199 395 3300 cognovit:
419 3197 551 3280 Suebos,
565 3209 770 3284 posteaquam
786 3219 844 3283 per
859 3219 898 3262 ex
922 3196 1075 3260 loratores

109 3293 251 3370 pontem
267 3284 340 3347 'beri
363 3285 599 3368 comperissent,
621 3305 709 3348 more
731 3305 788 3349 suo
811 3220 944 3348 concillo
966 3279 1074 3346 habito

109 3371 251 3433 nuntios·
276 3369 320 3430 in
338 3378 448 3433 omnes
477 3377 583 3455 partes
613 3368 787 3450 dimisisse,
814 3369 861 3432 uti
888 3366 928 3430 de
950 3364 1074 3451 oppidis

110 3453 342 3536 demigrarent,
365 3453 501 3537 liberos,
523 3475 639 3520 uxores
662 3473 783 3536 suaque
804 3453 910 3517 omnia
930 3452 964 3516 in
985 3449 1073 3514 silvia
