<?xml version="1.0" encoding="UTF-8"?>
<!DOCTYPE html PUBLIC "-//W3C//DTD XHTML 1.0 Transitional//EN"
    "http://www.w3.org/TR/xhtml1/DTD/xhtml1-transitional.dtd">
<html xmlns="http://www.w3.org/1999/xhtml" xml:lang="en" lang="en">
 <head>
  <title>
</title>
<meta http-equiv="Content-Type" content="text/html;charset=utf-8" />
  <meta name='ocr-system' content='tesseract 3.04.00' />
  <meta name='ocr-capabilities' content='ocr_page ocr_carea ocr_par ocr_line ocrx_word'/>
</head>
<body>
  <div class='ocr_page' id='page_1' title='image "./ciuliicaesarisc01hirtgoog_0136.png"; bbox 0 0 2562 3966; ppageno 0'>
   <div class='ocr_carea' id='block_1_1' title="bbox 392 230 1103 297">
    <p class='ocr_par' dir='ltr' id='par_1_1' title="bbox 392 230 1103 297">
     <span class='ocr_line' id='line_1_1' title="bbox 392 230 1103 297; baseline 0.001 -2"><span class='ocrx_word' id='word_1_1' title='bbox 392 230 527 295; x_wconf 78' lang='lat' dir='ltr'><strong>OOMM.</strong></span> <span class='ocrx_word' id='word_1_2' title='bbox 550 230 581 293; x_wconf 92' lang='lat' dir='ltr'>V</span> <span class='ocrx_word' id='word_1_3' title='bbox 604 231 696 296; x_wconf 80' lang='lat' dir='ltr'><strong>OAP.</strong></span> <span class='ocrx_word' id='word_1_4' title='bbox 719 232 856 296; x_wconf 78' lang='lat'><strong>55-58.</strong></span> <span class='ocrx_word' id='word_1_5' title='bbox 1042 234 1103 297; x_wconf 82' lang='grc'><strong>117</strong></span> 
     </span>
    </p>
   </div>
   <div class='ocr_carea' id='block_1_2' title="bbox 142 402 1105 1172">
    <p class='ocr_par' dir='ltr' id='par_1_2' title="bbox 142 402 1105 1088">
     <span class='ocr_line' id='line_1_2' title="bbox 144 402 1104 489; baseline 0.001 -23"><span class='ocrx_word' id='word_1_6' title='bbox 144 404 291 467; x_wconf 88' lang='lat' dir='ltr'><strong>civitates</strong></span> <span class='ocrx_word' id='word_1_7' title='bbox 308 425 325 465; x_wconf 91' lang='lat' dir='ltr'><strong>e</strong></span> <span class='ocrx_word' id='word_1_8' title='bbox 349 403 493 487; x_wconf 87' lang='lat' dir='ltr'><strong>uitesque</strong></span> <span class='ocrx_word' id='word_1_9' title='bbox 508 402 646 489; x_wconf 91' lang='lat' dir='ltr'><strong>undique</strong></span> <span class='ocrx_word' id='word_1_10' title='bbox 662 413 790 467; x_wconf 86' lang='lat' dir='ltr'><strong>evocat:</strong></span> <span class='ocrx_word' id='word_1_11' title='bbox 813 404 863 467; x_wconf 92' lang='lat' dir='ltr'><strong>his</strong></span> <span class='ocrx_word' id='word_1_12' title='bbox 879 413 1001 468; x_wconf 90' lang='lat' dir='ltr'><strong>certum</strong></span> <span class='ocrx_word' id='word_1_13' title='bbox 1020 403 1104 468; x_wconf 86' lang='lat' dir='ltr'><strong>diem</strong></span> 
     </span>
     <span class='ocr_line' id='line_1_3' title="bbox 144 486 1105 575; baseline 0.002 -23"><span class='ocrx_word' id='word_1_14' title='bbox 144 489 322 553; x_wconf 90' lang='lat' dir='ltr'><strong>convenien</strong></span> <span class='ocrx_word' id='word_1_15' title='bbox 347 486 455 550; x_wconf 84' lang='lat' dir='ltr'><strong>&#39;dicit</strong></span> <span class='ocrx_word' id='word_1_16' title='bbox 488 488 619 551; x_wconf 85' lang='lat' dir='ltr'>Interim</span> <span class='ocrx_word' id='word_1_17' title='bbox 641 511 740 574; x_wconf 91' lang='lat' dir='ltr'><strong>prope</strong></span> <span class='ocrx_word' id='word_1_18' title='bbox 763 489 901 575; x_wconf 84' lang='lat' dir='ltr'><strong>quotidie</strong></span> <span class='ocrx_word' id='word_1_19' title='bbox 925 512 996 554; x_wconf 90' lang='lat' dir='ltr'><strong>cum</strong></span> <span class='ocrx_word' id='word_1_20' title='bbox 1019 491 1105 554; x_wconf 93' lang='lat' dir='ltr'><strong>omni</strong></span> 
     </span>
     <span class='ocr_line' id='line_1_4' title="bbox 143 573 1102 660; baseline 0 -22"><span class='ocrx_word' id='word_1_21' title='bbox 143 575 287 660; x_wconf 86' lang='lat' dir='ltr'><strong>equitatu</strong></span> <span class='ocrx_word' id='word_1_22' title='bbox 313 573 548 638; x_wconf 83' lang='lat' dir='ltr'><strong>Indutiomarus</strong></span> <span class='ocrx_word' id='word_1_23' title='bbox 584 573 643 637; x_wconf 86' lang='lat' dir='ltr'><strong>sub</strong></span> <span class='ocrx_word' id='word_1_24' title='bbox 671 575 783 638; x_wconf 89' lang='lat' dir='ltr'><strong>castris</strong></span> <span class='ocrx_word' id='word_1_25' title='bbox 814 576 882 638; x_wconf 88' lang='lat' dir='ltr'><strong>cius</strong></span> <span class='ocrx_word' id='word_1_26' title='bbox 916 574 1102 660; x_wconf 86' lang='lat' dir='ltr'><strong>vagabatur,</strong></span> 
     </span>
     <span class='ocr_line' id='line_1_5' title="bbox 145 658 1105 745; baseline 0 -22"><span class='ocrx_word' id='word_1_27' title='bbox 145 658 225 724; x_wconf 86' lang='lat' dir='ltr'><strong>alias</strong></span> <span class='ocrx_word' id='word_1_28' title='bbox 260 667 296 723; x_wconf 90' lang='lat' dir='ltr'><strong>ut</strong></span> <span class='ocrx_word' id='word_1_29' title='bbox 328 661 422 722; x_wconf 89' lang='lat' dir='ltr'><strong>situm</strong></span> <span class='ocrx_word' id='word_1_30' title='bbox 455 668 628 722; x_wconf 86' lang='lat' dir='ltr'><strong>castrorum</strong></span> <span class='ocrx_word' id='word_1_31' title='bbox 655 668 874 745; x_wconf 83' lang='lat' dir='ltr'><strong>cognosceret,</strong></span> <span class='ocrx_word' id='word_1_32' title='bbox 908 659 986 723; x_wconf 89' lang='lat' dir='ltr'><strong>alias</strong></span> <span class='ocrx_word' id='word_1_33' title='bbox 1010 659 1105 724; x_wconf 90' lang='lat' dir='ltr'><strong>collo-</strong></span> 
     </span>
     <span class='ocr_line' id='line_1_6' title="bbox 145 744 1105 832; baseline 0.001 -24"><span class='ocrx_word' id='word_1_34' title='bbox 145 744 265 832; x_wconf 88' lang='lat' dir='ltr'><strong>quendi</strong></span> <span class='ocrx_word' id='word_1_35' title='bbox 304 752 359 808; x_wconf 88' lang='lat' dir='ltr'><strong>aut</strong></span> <span class='ocrx_word' id='word_1_36' title='bbox 395 744 560 809; x_wconf 82' lang='lat' dir='ltr'><strong>territandi</strong></span> <span class='ocrx_word' id='word_1_37' title='bbox 599 767 717 809; x_wconf 88' lang='lat' dir='ltr'><strong>causa:</strong></span> <span class='ocrx_word' id='word_1_38' title='bbox 761 748 881 832; x_wconf 83' lang='lat' dir='ltr'><strong>equites</strong></span> <span class='ocrx_word' id='word_1_39' title='bbox 918 744 1105 832; x_wconf 88' lang='lat' dir='ltr'><strong>plerumque</strong></span> 
     </span>
     <span class='ocr_line' id='line_1_7' title="bbox 142 828 1103 895; baseline -0.003 0"><span class='ocrx_word' id='word_1_40' title='bbox 142 852 256 895; x_wconf 87' lang='lat' dir='ltr'><strong>omnes</strong></span> <span class='ocrx_word' id='word_1_41' title='bbox 278 828 342 893; x_wconf 89' lang='lat' dir='ltr'><strong>tela</strong></span> <span class='ocrx_word' id='word_1_42' title='bbox 363 831 446 894; x_wconf 86' lang='lat' dir='ltr'><strong>intra</strong></span> <span class='ocrx_word' id='word_1_43' title='bbox 467 829 587 894; x_wconf 81' lang='lat' dir='ltr'><strong>vallum</strong></span> <span class='ocrx_word' id='word_1_44' title='bbox 610 830 828 895; x_wconf 88' lang='lat' dir='ltr'><strong>coniiciebant.</strong></span> <span class='ocrx_word' id='word_1_45' title='bbox 852 830 1012 895; x_wconf 83' lang='lat' dir='ltr'><strong>Labienus</strong></span> <span class='ocrx_word' id='word_1_46' title='bbox 1029 851 1103 895; x_wconf 91' lang='lat' dir='ltr'><strong>suos</strong></span> 
     </span>
     <span class='ocr_line' id='line_1_8' title="bbox 144 916 1103 1002; baseline -0.002 -22"><span class='ocrx_word' id='word_1_47' title='bbox 144 917 229 980; x_wconf 90' lang='lat' dir='ltr'><strong>intra</strong></span> <span class='ocrx_word' id='word_1_48' title='bbox 254 916 461 980; x_wconf 91' lang='lat' dir='ltr'><strong>munitionem</strong></span> <span class='ocrx_word' id='word_1_49' title='bbox 490 916 670 980; x_wconf 86' lang='lat' dir='ltr'><strong>continebat</strong></span> <span class='ocrx_word' id='word_1_50' title='bbox 699 917 883 1002; x_wconf 91' lang='lat' dir='ltr'><strong>timorisque</strong></span> <span class='ocrx_word' id='word_1_51' title='bbox 912 917 1103 1001; x_wconf 86' lang='lat' dir='ltr'><strong>opinionem,</strong></span> 
     </span>
     <span class='ocr_line' id='line_1_9' title="bbox 144 1000 839 1088; baseline 0 -24"><span class='ocrx_word' id='word_1_52' title='bbox 144 1000 397 1088; x_wconf 88' lang='lat' dir='ltr'><strong>quibuscumque</strong></span> <span class='ocrx_word' id='word_1_53' title='bbox 419 1010 543 1086; x_wconf 87' lang='lat' dir='ltr'><strong>poterat</strong></span> <span class='ocrx_word' id='word_1_54' title='bbox 563 1001 668 1084; x_wconf 88' lang='lat' dir='ltr'><strong>rebus,</strong></span> <span class='ocrx_word' id='word_1_55' title='bbox 693 1002 839 1086; x_wconf 84' lang='lat' dir='ltr'><strong>augebat.</strong></span> 
     </span>
    </p>

    <p class='ocr_par' dir='ltr' id='par_1_3' title="bbox 209 1084 1105 1172">
     <span class='ocr_line' id='line_1_10' title="bbox 209 1084 1105 1172; baseline 0.001 -23"><span class='ocrx_word' id='word_1_56' title='bbox 209 1085 261 1149; x_wconf 82' lang='lat'><strong>58.</strong></span> <span class='ocrx_word' id='word_1_57' title='bbox 292 1084 398 1163; x_wconf 78' lang='lat' dir='ltr'><strong>Quum</strong></span> <span class='ocrx_word' id='word_1_58' title='bbox 420 1089 540 1150; x_wconf 88' lang='lat' dir='ltr'><strong>maiore</strong></span> <span class='ocrx_word' id='word_1_59' title='bbox 562 1089 594 1151; x_wconf 91' lang='lat' dir='ltr'><strong>in</strong></span> <span class='ocrx_word' id='word_1_60' title='bbox 621 1087 688 1150; x_wconf 86' lang='lat' dir='ltr'><strong>dies</strong></span> <span class='ocrx_word' id='word_1_61' title='bbox 712 1087 944 1172; x_wconf 82' lang='lat' dir='ltr'><strong>contemptione</strong></span> <span class='ocrx_word' id='word_1_62' title='bbox 965 1086 1105 1151; x_wconf 90' lang='lat' dir='ltr'><strong>Indutio-</strong></span> 
     </span>
    </p>
   </div>
   <div class='ocr_carea' id='block_1_3' title="bbox 145 1171 1214 1255">
    <p class='ocr_par' dir='ltr' id='par_1_4' title="bbox 145 1171 1214 1255">
     <span class='ocr_line' id='line_1_11' title="bbox 145 1171 1214 1255; baseline 0 -21"><span class='ocrx_word' id='word_1_63' title='bbox 145 1193 252 1234; x_wconf 88' lang='lat' dir='ltr'><strong>marus</strong></span> <span class='ocrx_word' id='word_1_64' title='bbox 287 1171 327 1235; x_wconf 91' lang='lat' dir='ltr'><strong>ad</strong></span> <span class='ocrx_word' id='word_1_65' title='bbox 355 1181 459 1235; x_wconf 87' lang='lat' dir='ltr'><strong>castra</strong></span> <span class='ocrx_word' id='word_1_66' title='bbox 491 1172 671 1255; x_wconf 84' lang='lat' dir='ltr'><strong>accederet,</strong></span> <span class='ocrx_word' id='word_1_67' title='bbox 705 1182 798 1236; x_wconf 88' lang='lat' dir='ltr'><strong>nocte</strong></span> <span class='ocrx_word' id='word_1_68' title='bbox 825 1195 888 1236; x_wconf 88' lang='lat' dir='ltr'><strong>una</strong></span> <span class='ocrx_word' id='word_1_69' title='bbox 914 1173 1105 1237; x_wconf 84' lang='lat' dir='ltr'><strong>intromissis</strong></span> <span class='ocrx_word' id='word_1_70' title='bbox 1213 1188 1214 1197; x_wconf 57' lang='lat'>¹</span> 
     </span>
    </p>
   </div>
   <div class='ocr_carea' id='block_1_4' title="bbox 145 1256 1190 3391">
    <p class='ocr_par' dir='ltr' id='par_1_5' title="bbox 145 1256 1190 3391">
     <span class='ocr_line' id='line_1_12' title="bbox 145 1256 1106 1344; baseline -0.008 -22"><span class='ocrx_word' id='word_1_71' title='bbox 145 1256 306 1343; x_wconf 89' lang='lat' dir='ltr'><strong>equitibus</strong></span> <span class='ocrx_word' id='word_1_72' title='bbox 329 1279 469 1322; x_wconf 89' lang='lat' dir='ltr'><strong>cmmum</strong></span> <span class='ocrx_word' id='word_1_73' title='bbox 483 1258 689 1321; x_wconf 87' lang='lat' dir='ltr'><strong>finitimarum</strong></span> <span class='ocrx_word' id='word_1_74' title='bbox 704 1259 876 1340; x_wconf 83' lang='lat' dir='ltr'><strong>civitatum,</strong></span> <span class='ocrx_word' id='word_1_75' title='bbox 901 1279 979 1344; x_wconf 90' lang='lat' dir='ltr'><strong>quos</strong></span> <span class='ocrx_word' id='word_1_76' title='bbox 1002 1279 1106 1321; x_wconf 88' lang='lat' dir='ltr'><strong>arces-</strong></span> 
     </span>
     <span class='ocr_line' id='line_1_13' title="bbox 147 1342 1105 1426; baseline 0 -20"><span class='ocrx_word' id='word_1_77' title='bbox 147 1343 263 1406; x_wconf 91' lang='lat' dir='ltr'><strong>sendos</strong></span> <span class='ocrx_word' id='word_1_78' title='bbox 286 1352 463 1426; x_wconf 83' lang='lat' dir='ltr'><strong>curaverat,</strong></span> <span class='ocrx_word' id='word_1_79' title='bbox 485 1352 575 1406; x_wconf 91' lang='lat' dir='ltr'><strong>tanta</strong></span> <span class='ocrx_word' id='word_1_80' title='bbox 590 1342 752 1426; x_wconf 83' lang='lat' dir='ltr'><strong>diligentia</strong></span> <span class='ocrx_word' id='word_1_81' title='bbox 774 1365 883 1408; x_wconf 89' lang='lat' dir='ltr'><strong>omnes</strong></span> <span class='ocrx_word' id='word_1_82' title='bbox 907 1365 979 1408; x_wconf 87' lang='lat' dir='ltr'><strong>suos</strong></span> <span class='ocrx_word' id='word_1_83' title='bbox 1003 1352 1105 1406; x_wconf 90' lang='lat' dir='ltr'><strong>custo·</strong></span> 
     </span>
     <span class='ocr_line' id='line_1_14' title="bbox 145 1428 1105 1510; baseline -0.002 -18"><span class='ocrx_word' id='word_1_84' title='bbox 145 1428 207 1492; x_wconf 90' lang='lat' dir='ltr'><strong>diis</strong></span> <span class='ocrx_word' id='word_1_85' title='bbox 229 1429 312 1490; x_wconf 87' lang='lat' dir='ltr'><strong>intra</strong></span> <span class='ocrx_word' id='word_1_86' title='bbox 334 1439 438 1491; x_wconf 90' lang='lat' dir='ltr'><strong>castra</strong></span> <span class='ocrx_word' id='word_1_87' title='bbox 460 1429 626 1510; x_wconf 87' lang='lat' dir='ltr'><strong>continuit,</strong></span> <span class='ocrx_word' id='word_1_88' title='bbox 661 1438 696 1491; x_wconf 91' lang='lat' dir='ltr'><strong>ut</strong></span> <span class='ocrx_word' id='word_1_89' title='bbox 723 1428 813 1492; x_wconf 88' lang='lat' dir='ltr'><strong>nulla</strong></span> <span class='ocrx_word' id='word_1_90' title='bbox 834 1430 957 1494; x_wconf 85' lang='lat' dir='ltr'><strong>ratione</strong></span> <span class='ocrx_word' id='word_1_91' title='bbox 988 1449 1027 1492; x_wconf 87' lang='lat' dir='ltr'><strong>ea</strong></span> <span class='ocrx_word' id='word_1_92' title='bbox 1052 1450 1105 1492; x_wconf 87' lang='lat' dir='ltr'><strong>res</strong></span> 
     </span>
     <span class='ocr_line' id='line_1_15' title="bbox 146 1512 1106 1599; baseline -0.001 -23"><span class='ocrx_word' id='word_1_93' title='bbox 146 1514 306 1577; x_wconf 89' lang='lat' dir='ltr'><strong>enuntiari</strong></span> <span class='ocrx_word' id='word_1_94' title='bbox 335 1523 389 1577; x_wconf 89' lang='lat' dir='ltr'><strong>aut</strong></span> <span class='ocrx_word' id='word_1_95' title='bbox 411 1513 451 1576; x_wconf 89' lang='lat' dir='ltr'><strong>ad</strong></span> <span class='ocrx_word' id='word_1_96' title='bbox 473 1513 631 1578; x_wconf 87' lang='lat' dir='ltr'><strong>Treveros</strong></span> <span class='ocrx_word' id='word_1_97' title='bbox 654 1514 789 1599; x_wconf 87' lang='lat' dir='ltr'><strong>perferri</strong></span> <span class='ocrx_word' id='word_1_98' title='bbox 817 1522 934 1599; x_wconf 88' lang='lat' dir='ltr'><strong>posset.</strong></span> <span class='ocrx_word' id='word_1_99' title='bbox 974 1512 1106 1576; x_wconf 87' lang='lat' dir='ltr'><strong>Interim</strong></span> 
     </span>
     <span class='ocr_line' id='line_1_16' title="bbox 146 1598 1108 1684; baseline -0.002 -22"><span class='ocrx_word' id='word_1_100' title='bbox 146 1621 190 1662; x_wconf 89' lang='lat' dir='ltr'><strong>ex</strong></span> <span class='ocrx_word' id='word_1_101' title='bbox 211 1599 439 1663; x_wconf 89' lang='lat' dir='ltr'><strong>consuetudine</strong></span> <span class='ocrx_word' id='word_1_102' title='bbox 466 1599 647 1684; x_wconf 86' lang='lat' dir='ltr'><strong>quotidiana</strong></span> <span class='ocrx_word' id='word_1_103' title='bbox 667 1598 901 1664; x_wconf 86' lang='lat' dir='ltr'><strong>Indutiomarus</strong></span> <span class='ocrx_word' id='word_1_104' title='bbox 931 1598 971 1662; x_wconf 90' lang='lat' dir='ltr'><strong>ad</strong></span> <span class='ocrx_word' id='word_1_105' title='bbox 1001 1607 1108 1661; x_wconf 87' lang='lat' dir='ltr'><strong>castra</strong></span> 
     </span>
     <span class='ocr_line' id='line_1_17' title="bbox 146 1683 1190 1770; baseline -0.003 -22"><span class='ocrx_word' id='word_1_106' title='bbox 146 1684 270 1748; x_wconf 87' lang='lat' dir='ltr'><strong>accedit</strong></span> <span class='ocrx_word' id='word_1_107' title='bbox 303 1693 397 1769; x_wconf 90' lang='lat' dir='ltr'><strong>atque</strong></span> <span class='ocrx_word' id='word_1_108' title='bbox 429 1684 474 1747; x_wconf 91' lang='lat' dir='ltr'><strong>ibi</strong></span> <span class='ocrx_word' id='word_1_109' title='bbox 501 1707 650 1770; x_wconf 84' lang='lat' dir='ltr'><strong>magnam</strong></span> <span class='ocrx_word' id='word_1_110' title='bbox 677 1693 801 1769; x_wconf 87' lang='lat' dir='ltr'><strong>partem</strong></span> <span class='ocrx_word' id='word_1_111' title='bbox 834 1685 898 1748; x_wconf 92' lang='lat' dir='ltr'><strong>diei</strong></span> <span class='ocrx_word' id='word_1_112' title='bbox 932 1683 1105 1765; x_wconf 88' lang='lat' dir='ltr'><strong>consumit;</strong></span> <span class='ocrx_word' id='word_1_113' title='bbox 1187 1755 1190 1763; x_wconf 33' lang='grc' dir='ltr'>Ι</span> 
     </span>
     <span class='ocr_line' id='line_1_18' title="bbox 147 1767 1107 1856; baseline -0.001 -24"><span class='ocrx_word' id='word_1_114' title='bbox 147 1771 271 1856; x_wconf 87' lang='lat' dir='ltr'><strong>equites</strong></span> <span class='ocrx_word' id='word_1_115' title='bbox 305 1768 370 1834; x_wconf 88' lang='lat' dir='ltr'><strong>tela</strong></span> <span class='ocrx_word' id='word_1_116' title='bbox 403 1771 574 1833; x_wconf 90' lang='lat' dir='ltr'><strong>coniiciunt</strong></span> <span class='ocrx_word' id='word_1_117' title='bbox 601 1780 632 1833; x_wconf 92' lang='lat' dir='ltr'><strong>et</strong></span> <span class='ocrx_word' id='word_1_118' title='bbox 665 1792 783 1854; x_wconf 82' lang='lat' dir='ltr'><strong>magna</strong></span> <span class='ocrx_word' id='word_1_119' title='bbox 816 1792 887 1832; x_wconf 91' lang='lat' dir='ltr'><strong>cum</strong></span> <span class='ocrx_word' id='word_1_120' title='bbox 916 1767 1107 1832; x_wconf 91' lang='lat' dir='ltr'><strong>contumelia</strong></span> 
     </span>
     <span class='ocr_line' id='line_1_19' title="bbox 146 1853 1106 1941; baseline -0.001 -24"><span class='ocrx_word' id='word_1_121' title='bbox 146 1855 318 1919; x_wconf 84' lang='lat' dir='ltr'><strong>verborum</strong></span> <span class='ocrx_word' id='word_1_122' title='bbox 350 1864 475 1919; x_wconf 89' lang='lat' dir='ltr'><strong>nostros</strong></span> <span class='ocrx_word' id='word_1_123' title='bbox 510 1855 550 1918; x_wconf 91' lang='lat' dir='ltr'><strong>ad</strong></span> <span class='ocrx_word' id='word_1_124' title='bbox 582 1878 722 1941; x_wconf 82' lang='lat' dir='ltr'><strong>pugnarn</strong></span> <span class='ocrx_word' id='word_1_125' title='bbox 756 1862 896 1920; x_wconf 85' lang='lat' dir='ltr'><strong>evocant.</strong></span> <span class='ocrx_word' id='word_1_126' title='bbox 941 1853 1036 1917; x_wconf 89' lang='lat' dir='ltr'><strong>Nullo</strong></span> <span class='ocrx_word' id='word_1_127' title='bbox 1065 1853 1106 1916; x_wconf 88' lang='lat' dir='ltr'><strong>ab</strong></span> 
     </span>
     <span class='ocr_line' id='line_1_20' title="bbox 146 1938 1107 2025; baseline -0.003 -22"><span class='ocrx_word' id='word_1_128' title='bbox 146 1942 264 2004; x_wconf 89' lang='lat' dir='ltr'><strong>nostris</strong></span> <span class='ocrx_word' id='word_1_129' title='bbox 287 1940 360 2004; x_wconf 89' lang='lat' dir='ltr'><strong>dato</strong></span> <span class='ocrx_word' id='word_1_130' title='bbox 383 1963 545 2025; x_wconf 89' lang='lat' dir='ltr'><strong>responso,</strong></span> <span class='ocrx_word' id='word_1_131' title='bbox 568 1941 624 2004; x_wconf 93' lang='lat' dir='ltr'><strong>ubi</strong></span> <span class='ocrx_word' id='word_1_132' title='bbox 648 1943 752 2004; x_wconf 93' lang='lat' dir='ltr'><strong>visum</strong></span> <span class='ocrx_word' id='word_1_133' title='bbox 775 1949 831 2021; x_wconf 90' lang='lat' dir='ltr'><strong>est,</strong></span> <span class='ocrx_word' id='word_1_134' title='bbox 856 1938 914 2003; x_wconf 88' lang='lat' dir='ltr'><strong>sub</strong></span> <span class='ocrx_word' id='word_1_135' title='bbox 937 1960 1107 2025; x_wconf 89' lang='lat' dir='ltr'><strong>vesperum</strong></span> 
     </span>
     <span class='ocr_line' id='line_1_21' title="bbox 148 2024 1106 2111; baseline -0.002 -23"><span class='ocrx_word' id='word_1_136' title='bbox 148 2025 284 2110; x_wconf 89' lang='lat' dir='ltr'><strong>dispersi</strong></span> <span class='ocrx_word' id='word_1_137' title='bbox 306 2049 342 2090; x_wconf 90' lang='lat' dir='ltr'><strong>ac</strong></span> <span class='ocrx_word' id='word_1_138' title='bbox 361 2026 505 2111; x_wconf 89' lang='lat' dir='ltr'><strong>dissipati</strong></span> <span class='ocrx_word' id='word_1_139' title='bbox 519 2026 694 2090; x_wconf 88' lang='lat' dir='ltr'><strong>discedunt.</strong></span> <span class='ocrx_word' id='word_1_140' title='bbox 729 2025 840 2089; x_wconf 81' lang='lat' dir='ltr'><strong>Subito</strong></span> <span class='ocrx_word' id='word_1_141' title='bbox 855 2025 1016 2089; x_wconf 91' lang='lat' dir='ltr'><strong>Labienus</strong></span> <span class='ocrx_word' id='word_1_142' title='bbox 1032 2024 1106 2087; x_wconf 86' lang='lat' dir='ltr'><strong>dua-</strong></span> 
     </span>
     <span class='ocr_line' id='line_1_22' title="bbox 147 2108 1107 2196; baseline -0.002 -21"><span class='ocrx_word' id='word_1_143' title='bbox 147 2110 208 2175; x_wconf 87' lang='lat' dir='ltr'><strong>bus</strong></span> <span class='ocrx_word' id='word_1_144' title='bbox 231 2113 331 2196; x_wconf 86' lang='lat' dir='ltr'><strong>portis</strong></span> <span class='ocrx_word' id='word_1_145' title='bbox 355 2133 480 2175; x_wconf 89' lang='lat' dir='ltr'><strong>omnem</strong></span> <span class='ocrx_word' id='word_1_146' title='bbox 496 2113 670 2196; x_wconf 88' lang='lat' dir='ltr'><strong>equitatum</strong></span> <span class='ocrx_word' id='word_1_147' title='bbox 692 2113 818 2194; x_wconf 71' lang='lat' dir='ltr'><strong>emittit,</strong></span> <span class='ocrx_word' id='word_1_148' title='bbox 841 2108 1107 2196; x_wconf 88' lang='lat' dir='ltr'><strong>praecipitatque</strong></span> 
     </span>
     <span class='ocr_line' id='line_1_23' title="bbox 146 2197 1108 2282; baseline -0.002 -22"><span class='ocrx_word' id='word_1_149' title='bbox 146 2197 322 2279; x_wconf 86' lang='lat' dir='ltr'><strong>interdicit,</strong></span> <span class='ocrx_word' id='word_1_150' title='bbox 355 2198 531 2282; x_wconf 87' lang='lat' dir='ltr'><strong>proterritis</strong></span> <span class='ocrx_word' id='word_1_151' title='bbox 558 2197 701 2262; x_wconf 86' lang='lat' dir='ltr'><strong>hostibus</strong></span> <span class='ocrx_word' id='word_1_152' title='bbox 730 2208 823 2281; x_wconf 87' lang='lat' dir='ltr'><strong>atque</strong></span> <span class='ocrx_word' id='word_1_153' title='bbox 845 2198 879 2259; x_wconf 90' lang='lat' dir='ltr'><strong>in</strong></span> <span class='ocrx_word' id='word_1_154' title='bbox 905 2197 1012 2281; x_wconf 66' lang='lat' dir='ltr'><strong>fingam</strong></span> <span class='ocrx_word' id='word_1_155' title='bbox 1035 2217 1108 2259; x_wconf 89' lang='lat' dir='ltr'><strong>con·</strong></span> 
     </span>
     <span class='ocr_line' id='line_1_24' title="bbox 147 2280 1108 2369; baseline -0.004 -22"><span class='ocrx_word' id='word_1_156' title='bbox 147 2283 238 2347; x_wconf 88' lang='lat' dir='ltr'><strong>iectis</strong></span> <span class='ocrx_word' id='word_1_157' title='bbox 255 2282 355 2368; x_wconf 90' lang='lat' dir='ltr'><strong>(quod</strong></span> <span class='ocrx_word' id='word_1_158' title='bbox 369 2282 447 2363; x_wconf 83' lang='lat' dir='ltr'><strong>fore,</strong></span> <span class='ocrx_word' id='word_1_159' title='bbox 472 2283 552 2346; x_wconf 88' lang='lat' dir='ltr'><strong>sicut</strong></span> <span class='ocrx_word' id='word_1_160' title='bbox 567 2282 690 2363; x_wconf 89' lang='lat' dir='ltr'><strong>accidit,</strong></span> <span class='ocrx_word' id='word_1_161' title='bbox 713 2280 856 2369; x_wconf 88' lang='lat' dir='ltr'><strong>videbat)</strong></span> <span class='ocrx_word' id='word_1_162' title='bbox 879 2304 977 2345; x_wconf 92' lang='lat' dir='ltr'><strong>unum</strong></span> <span class='ocrx_word' id='word_1_163' title='bbox 998 2301 1108 2344; x_wconf 91' lang='lat' dir='ltr'><strong>omnes</strong></span> 
     </span>
     <span class='ocr_line' id='line_1_25' title="bbox 147 2364 1108 2453; baseline -0.003 -22"><span class='ocrx_word' id='word_1_164' title='bbox 147 2377 295 2453; x_wconf 88' lang='lat' dir='ltr'><strong>peterent</strong></span> <span class='ocrx_word' id='word_1_165' title='bbox 314 2367 581 2449; x_wconf 89' lang='lat' dir='ltr'><strong>Indutiomarum,</strong></span> <span class='ocrx_word' id='word_1_166' title='bbox 614 2389 678 2431; x_wconf 91' lang='lat' dir='ltr'><strong>neu</strong></span> <span class='ocrx_word' id='word_1_167' title='bbox 711 2370 781 2452; x_wconf 89' lang='lat' dir='ltr'><strong>quis</strong></span> <span class='ocrx_word' id='word_1_168' title='bbox 810 2390 904 2453; x_wconf 92' lang='lat' dir='ltr'><strong>quem</strong></span> <span class='ocrx_word' id='word_1_169' title='bbox 930 2369 1017 2452; x_wconf 93' lang='lat' dir='ltr'><strong>prius</strong></span> <span class='ocrx_word' id='word_1_170' title='bbox 1040 2364 1108 2429; x_wconf 92' lang='lat' dir='ltr'><strong>vul·</strong></span> 
     </span>
     <span class='ocr_line' id='line_1_26' title="bbox 147 2452 1109 2538; baseline -0.003 -22"><span class='ocrx_word' id='word_1_171' title='bbox 147 2462 253 2533; x_wconf 89' lang='lat' dir='ltr'><strong>neret,</strong></span> <span class='ocrx_word' id='word_1_172' title='bbox 289 2476 383 2538; x_wconf 89' lang='lat' dir='ltr'><strong>quam</strong></span> <span class='ocrx_word' id='word_1_173' title='bbox 411 2452 502 2516; x_wconf 91' lang='lat' dir='ltr'><strong>illum</strong></span> <span class='ocrx_word' id='word_1_174' title='bbox 523 2453 723 2516; x_wconf 87' lang='lat' dir='ltr'><strong>interfectum</strong></span> <span class='ocrx_word' id='word_1_175' title='bbox 749 2453 878 2535; x_wconf 87' lang='lat' dir='ltr'><strong>viderit,</strong></span> <span class='ocrx_word' id='word_1_176' title='bbox 913 2452 998 2538; x_wconf 90' lang='lat' dir='ltr'><strong>quod</strong></span> <span class='ocrx_word' id='word_1_177' title='bbox 1019 2473 1109 2514; x_wconf 92' lang='lat' dir='ltr'><strong>mora</strong></span> 
     </span>
     <span class='ocr_line' id='line_1_27' title="bbox 147 2536 1108 2623; baseline -0.005 -20"><span class='ocrx_word' id='word_1_178' title='bbox 147 2537 344 2623; x_wconf 90' lang='lat' dir='ltr'><strong>reliquorum</strong></span> <span class='ocrx_word' id='word_1_179' title='bbox 367 2540 504 2623; x_wconf 89' lang='lat' dir='ltr'><strong>spatium</strong></span> <span class='ocrx_word' id='word_1_180' title='bbox 525 2548 653 2601; x_wconf 89' lang='lat' dir='ltr'><strong>nactum</strong></span> <span class='ocrx_word' id='word_1_181' title='bbox 674 2538 765 2601; x_wconf 89' lang='lat' dir='ltr'><strong>illum</strong></span> <span class='ocrx_word' id='word_1_182' title='bbox 795 2540 935 2622; x_wconf 85' lang='lat' dir='ltr'><strong>effugere</strong></span> <span class='ocrx_word' id='word_1_183' title='bbox 963 2536 1108 2618; x_wconf 80' lang='lat' dir='ltr'><strong>nolebat3</strong></span> 
     </span>
     <span class='ocr_line' id='line_1_28' title="bbox 147 2621 1108 2709; baseline -0.003 -22"><span class='ocrx_word' id='word_1_184' title='bbox 147 2645 267 2707; x_wconf 87' lang='lat' dir='ltr'><strong>magna</strong></span> <span class='ocrx_word' id='word_1_185' title='bbox 287 2625 434 2709; x_wconf 91' lang='lat' dir='ltr'><strong>proponit</strong></span> <span class='ocrx_word' id='word_1_186' title='bbox 458 2625 514 2705; x_wconf 82' lang='lat' dir='ltr'><strong>iis,</strong></span> <span class='ocrx_word' id='word_1_187' title='bbox 546 2625 600 2708; x_wconf 90' lang='lat' dir='ltr'><strong>qui</strong></span> <span class='ocrx_word' id='word_1_188' title='bbox 622 2624 811 2705; x_wconf 88' lang='lat' dir='ltr'><strong>occiderint,</strong></span> <span class='ocrx_word' id='word_1_189' title='bbox 845 2624 1000 2708; x_wconf 72' lang='lat' dir='ltr'><strong>praemia,</strong></span> <span class='ocrx_word' id='word_1_190' title='bbox 1035 2621 1108 2684; x_wconf 94' lang='lat' dir='ltr'><strong>sub-</strong></span> 
     </span>
     <span class='ocr_line' id='line_1_29' title="bbox 148 2707 1109 2795; baseline -0.003 -23"><span class='ocrx_word' id='word_1_191' title='bbox 148 2709 244 2772; x_wconf 90' lang='lat' dir='ltr'><strong>mittit</strong></span> <span class='ocrx_word' id='word_1_192' title='bbox 267 2709 412 2773; x_wconf 89' lang='lat' dir='ltr'><strong>cohortes</strong></span> <span class='ocrx_word' id='word_1_193' title='bbox 436 2709 593 2795; x_wconf 90' lang='lat' dir='ltr'><strong>equitibus</strong></span> <span class='ocrx_word' id='word_1_194' title='bbox 617 2707 768 2773; x_wconf 88' lang='lat' dir='ltr'><strong>subsidio.</strong></span> <span class='ocrx_word' id='word_1_195' title='bbox 804 2707 996 2793; x_wconf 79' lang='lat' dir='ltr'><strong>Comprobat</strong></span> <span class='ocrx_word' id='word_1_196' title='bbox 1010 2707 1109 2772; x_wconf 92' lang='lat' dir='ltr'><strong>homi-</strong></span> 
     </span>
     <span class='ocr_line' id='line_1_30' title="bbox 147 2793 1108 2880; baseline -0.003 -22"><span class='ocrx_word' id='word_1_197' title='bbox 147 2793 201 2858; x_wconf 76' lang='lat' dir='ltr'><strong>nis&#39;</strong></span> <span class='ocrx_word' id='word_1_198' title='bbox 215 2794 383 2858; x_wconf 90' lang='lat' dir='ltr'><strong>consilium</strong></span> <span class='ocrx_word' id='word_1_199' title='bbox 397 2793 532 2876; x_wconf 83' lang='lat' dir='ltr'><strong>fortuna,</strong></span> <span class='ocrx_word' id='word_1_200' title='bbox 557 2803 588 2858; x_wconf 89' lang='lat' dir='ltr'><strong>et</strong></span> <span class='ocrx_word' id='word_1_201' title='bbox 604 2817 701 2880; x_wconf 91' lang='lat' dir='ltr'><strong>quum</strong></span> <span class='ocrx_word' id='word_1_202' title='bbox 716 2817 814 2858; x_wconf 92' lang='lat' dir='ltr'><strong>unum</strong></span> <span class='ocrx_word' id='word_1_203' title='bbox 829 2817 938 2860; x_wconf 91' lang='lat' dir='ltr'><strong>omnes</strong></span> <span class='ocrx_word' id='word_1_204' title='bbox 954 2802 1108 2878; x_wconf 89' lang='lat' dir='ltr'><strong>peterent,</strong></span> 
     </span>
     <span class='ocr_line' id='line_1_31' title="bbox 148 2878 1110 2967; baseline -0.003 -24"><span class='ocrx_word' id='word_1_205' title='bbox 148 2881 183 2943; x_wconf 94' lang='lat' dir='ltr'><strong>in</strong></span> <span class='ocrx_word' id='word_1_206' title='bbox 197 2881 268 2967; x_wconf 88' lang='lat' dir='ltr'><strong>ipso</strong></span> <span class='ocrx_word' id='word_1_207' title='bbox 282 2878 420 2943; x_wconf 90' lang='lat' dir='ltr'><strong>fluminis</strong></span> <span class='ocrx_word' id='word_1_208' title='bbox 435 2879 517 2943; x_wconf 90' lang='lat' dir='ltr'><strong>vado</strong></span> <span class='ocrx_word' id='word_1_209' title='bbox 534 2879 749 2964; x_wconf 88' lang='lat' dir='ltr'><strong>deprehensus</strong></span> <span class='ocrx_word' id='word_1_210' title='bbox 764 2879 998 2944; x_wconf 90' lang='lat' dir='ltr'><strong>Indutiomarus</strong></span> <span class='ocrx_word' id='word_1_211' title='bbox 1014 2879 1110 2944; x_wconf 90' lang='lat' dir='ltr'><strong>inter·</strong></span> 
     </span>
     <span class='ocr_line' id='line_1_32' title="bbox 148 2964 1110 3052; baseline -0.003 -23"><span class='ocrx_word' id='word_1_212' title='bbox 148 2966 262 3047; x_wconf 90' lang='lat' dir='ltr'><strong>ficitur,</strong></span> <span class='ocrx_word' id='word_1_213' title='bbox 287 2975 443 3052; x_wconf 88' lang='lat' dir='ltr'><strong>caputque</strong></span> <span class='ocrx_word' id='word_1_214' title='bbox 466 2966 533 3028; x_wconf 88' lang='lat' dir='ltr'><strong>eius</strong></span> <span class='ocrx_word' id='word_1_215' title='bbox 562 2965 697 3030; x_wconf 86' lang='lat' dir='ltr'><strong>refertur</strong></span> <span class='ocrx_word' id='word_1_216' title='bbox 726 2967 759 3028; x_wconf 90' lang='lat' dir='ltr'><strong>in</strong></span> <span class='ocrx_word' id='word_1_217' title='bbox 789 2975 909 3029; x_wconf 88' lang='lat' dir='ltr'><strong>castra:</strong></span> <span class='ocrx_word' id='word_1_218' title='bbox 939 2964 1110 3028; x_wconf 87' lang='lat' dir='ltr'><strong>redeuntes</strong></span> 
     </span>
     <span class='ocr_line' id='line_1_33' title="bbox 151 3048 1109 3137; baseline -0.004 -23"><span class='ocrx_word' id='word_1_219' title='bbox 151 3073 168 3114; x_wconf 92' lang='lat' dir='ltr'><strong>e</strong></span> <span class='ocrx_word' id='word_1_220' title='bbox 191 3053 282 3134; x_wconf 90' lang='lat' dir='ltr'><strong>uites,</strong></span> <span class='ocrx_word' id='word_1_221' title='bbox 307 3073 385 3137; x_wconf 91' lang='lat' dir='ltr'><strong>quos</strong></span> <span class='ocrx_word' id='word_1_222' title='bbox 407 3060 554 3135; x_wconf 88' lang='lat' dir='ltr'><strong>possunt,</strong></span> <span class='ocrx_word' id='word_1_223' title='bbox 589 3060 812 3116; x_wconf 86' lang='lat' dir='ltr'><strong>consectantur</strong></span> <span class='ocrx_word' id='word_1_224' title='bbox 834 3061 928 3136; x_wconf 89' lang='lat' dir='ltr'><strong>atque</strong></span> <span class='ocrx_word' id='word_1_225' title='bbox 950 3048 1109 3113; x_wconf 89' lang='lat' dir='ltr'><strong>occidunt.</strong></span> 
     </span>
     <span class='ocr_line' id='line_1_34' title="bbox 149 3075 1111 3221; baseline -0.004 -21"><span class='ocrx_word' id='word_1_226' title='bbox 149 3075 222 3200; x_wconf 62' lang='lat' dir='ltr'><strong>Iilac</strong></span> <span class='ocrx_word' id='word_1_227' title='bbox 236 3159 271 3200; x_wconf 89' lang='lat' dir='ltr'><strong>rc</strong></span> <span class='ocrx_word' id='word_1_228' title='bbox 288 3137 414 3221; x_wconf 85' lang='lat' dir='ltr'><strong>cognita</strong></span> <span class='ocrx_word' id='word_1_229' title='bbox 429 3158 538 3200; x_wconf 89' lang='lat' dir='ltr'><strong>omnes</strong></span> <span class='ocrx_word' id='word_1_230' title='bbox 553 3135 741 3200; x_wconf 86' lang='lat' dir='ltr'><strong>Eburonum</strong></span> <span class='ocrx_word' id='word_1_231' title='bbox 762 3146 793 3200; x_wconf 90' lang='lat' dir='ltr'><strong>et</strong></span> <span class='ocrx_word' id='word_1_232' title='bbox 807 3137 1005 3216; x_wconf 86' lang='lat' dir='ltr'><strong>Nerviorum,</strong></span> <span class='ocrx_word' id='word_1_233' title='bbox 1030 3154 1111 3220; x_wconf 85' lang='lat' dir='ltr'><strong>quae</strong></span> 
     </span>
     <span class='ocr_line' id='line_1_35' title="bbox 152 3219 1113 3309; baseline -0.002 -25"><span class='ocrx_word' id='word_1_234' title='bbox 152 3231 376 3301; x_wconf 82' lang='lat' dir='ltr'><strong>convenerant,</strong></span> <span class='ocrx_word' id='word_1_235' title='bbox 401 3224 511 3307; x_wconf 89' lang='lat' dir='ltr'><strong>copiae</strong></span> <span class='ocrx_word' id='word_1_236' title='bbox 533 3221 710 3304; x_wconf 87' lang='lat' dir='ltr'><strong>discedunt,</strong></span> <span class='ocrx_word' id='word_1_237' title='bbox 734 3221 892 3309; x_wconf 91' lang='lat' dir='ltr'><strong>pauloque</strong></span> <span class='ocrx_word' id='word_1_238' title='bbox 907 3219 1018 3284; x_wconf 90' lang='lat' dir='ltr'><strong>habuit</strong></span> <span class='ocrx_word' id='word_1_239' title='bbox 1039 3227 1113 3304; x_wconf 91' lang='lat' dir='ltr'><strong>post</strong></span> 
     </span>
     <span class='ocr_line' id='line_1_36' title="bbox 151 3305 849 3391; baseline -0.001 -21"><span class='ocrx_word' id='word_1_240' title='bbox 151 3307 184 3370; x_wconf 92' lang='lat' dir='ltr'><strong>id</strong></span> <span class='ocrx_word' id='word_1_241' title='bbox 206 3307 326 3372; x_wconf 84' lang='lat' dir='ltr'><strong>factum</strong></span> <span class='ocrx_word' id='word_1_242' title='bbox 350 3305 470 3371; x_wconf 82' lang='lat' dir='ltr'><strong>Caesar</strong></span> <span class='ocrx_word' id='word_1_243' title='bbox 493 3307 679 3391; x_wconf 89' lang='lat' dir='ltr'><strong>quietiorem</strong></span> <span class='ocrx_word' id='word_1_244' title='bbox 701 3306 849 3371; x_wconf 70' lang='lat' dir='ltr'><strong>Galliam,</strong></span> 
     </span>
    </p>
   </div>
   <div class='ocr_carea' id='block_1_5' title="bbox 530 3460 717 3470">
    <p class='ocr_par' dir='ltr' id='par_1_6' title="bbox 530 3460 717 3470">
     <span class='ocr_line' id='line_1_37' title="bbox 530 3460 717 3470; baseline 0.005 -2"><span class='ocrx_word' id='word_1_245' title='bbox 530 3460 717 3470; x_wconf 52' lang='lat'><strong>-0———4</strong></span> 
     </span>
    </p>
   </div>
   <div class='ocr_carea' id='block_1_6' title="bbox 0 0 1293 3966">
    <p class='ocr_par' dir='ltr' id='par_1_7' title="bbox 0 0 1293 3966">
     <span class='ocr_line' id='line_1_38' title="bbox 0 0 1293 3966; baseline 0 0"><span class='ocrx_word' id='word_1_246' title='bbox 0 0 1293 3966; x_wconf 95' lang='lat' dir='ltr'><strong> </strong></span> 
     </span>
    </p>
   </div>
  </div>
 </body>
</html>
