2562 3966
268 309 271 316 ι
367 229 503 296 cour.
526 230 556 293 v
579 230 672 295 cnr.
695 231 832 295 sc-ru
971 211 973 220 ’
1019 231 1078 307 ror

122 401 341 488 hortaturque,
369 423 413 468 ne
441 405 490 468 sui
517 407 551 469 in
579 411 767 488 perpetuum
801 402 958 468 liberandi
986 413 1080 489 atque

122 487 296 552 ulciscendi
316 488 474 552 Romanos
496 512 554 575 pro
576 491 624 571 iis,
648 511 726 574 quas
748 489 936 575 acceperint,
958 489 1081 552 iniuriis

124 575 321 638 occasionem
347 573 728 640 dimittantzinterfcctos
758 597 828 638 esse
857 574 978 658 legatos
1001 573 1081 639 duos

123 679 331 744 magnamque
359 673 482 744 partem
513 661 669 726 exercitus
698 661 842 724 interisse
872 659 1081 741 demonstrat;

124 743 201 808 nihil
223 766 294 808 esse
315 746 433 828 negotii
462 746 565 811 subito
594 762 777 830 oppressam
804 746 976 831 legionem,
1000 765 1082 829 quae

33 858 36 864 ·
124 851 195 892 cum
229 827 383 893 Cicerone
414 830 546 912 hiemet,
587 830 737 912 interfici3
771 853 806 896 se
839 830 881 895 ad
913 851 983 894 eam
1011 852 1082 895 rem

124 913 287 1062 prolitetdur
315 915 498 981 adiutorem.
545 916 654 980 Facile
690 917 751 980 hac
786 917 927 981 oratione
956 915 1081 978 Nerviis

147 1019 240 1063 ersua
263 1008 303 1064 et.
956 1039 959 1046 -

125 1022 146 1088 p
187 1085 238 1148 39.
261 1085 374 1172 Itaque
390 1087 554 1151 confestim
565 1087 702 1150 dimissis
714 1089 831 1150 nuntiis
845 1087 886 1150 ad
898 1084 1082 1166 Ceutrones,

127 1169 272 1252 Crudios,
288 1170 441 1254 LevaooS,
461 1173 672 1254 Pleumoxios,
692 1171 887 1252 Ceidunnos,
904 1173 958 1256 qui
974 1191 1083 1234 omncs

127 1255 184 1320 sub
196 1278 304 1321 eorum
314 1257 446 1342 imperio
459 1269 540 1339 sunt,
554 1280 648 1344 quam
659 1261 814 1322 maximas
827 1265 938 1321 manus
951 1266 1084 1341 possunt

127 1351 243 1426 cogunt
264 1351 295 1406 et
317 1341 356 1406 de
377 1343 549 1428 improviso
572 1342 614 1406 ad
641 1343 804 1407 Ciceronis
832 1344 966 1408 hiberna
988 1342 1082 1404 advo-

126 1425 200 1508 lant,
223 1427 363 1492 nondum
385 1429 427 1492 ad
448 1451 520 1492 eum
541 1429 626 1492 fama
639 1428 679 1492 de
695 1429 809 1492 Titurii
829 1437 930 1494 morte
952 1427 1083 1513 perlata.

127 1511 210 1576 Huic
231 1535 355 1600 quoque
385 1514 507 1595 accidit,
538 1513 623 1600 quod
644 1514 702 1578 fuit
723 1535 864 1596 necesse,
887 1524 922 1577 ut
942 1512 1085 1577 nonnulli

126 1597 250 1681 milites,
274 1601 327 1684 qui
349 1599 529 1684 lignationis
551 1601 796 1686 munitionisque
811 1621 909 1662 causa
930 1600 964 1661 in
987 1598 1084 1661 silvas

128 1682 362 1766 discessissent,
389 1687 555 1770 repentino
583 1687 725 1771 equitum
756 1684 893 1749 adventu
920 1684 1085 1768 intercipe

126 1779 243 1832 rentur.
294 1769 354 1832 His
387 1772 610 1834 circumventis
637 1793 754 1855 magna
782 1792 877 1832 manu
909 1769 1085 1848 Eburones,

126 1854 245 1935 Nervii,
268 1854 426 1919 Aduatuci
447 1866 541 1941 atque
563 1856 675 1920 horum
696 1857 836 1920 omnium
853 1856 930 1919 socii
945 1863 977 1918 et
992 1853 1086 1919 clien-

128 1949 176 2004 tes
198 1939 355 2024 legionem
384 1963 567 2026 oppugnare
593 1943 756 2027 incipiunt.
806 1941 915 2004 Nostri
944 1940 1088 2004 celeriter·

128 2025 170 2089 ad
191 2047 280 2088 arma
302 2036 499 2109 concurrunt,
522 2026 642 2091 vallum
665 2027 889 2090 conscendunt.
932 2026 1037 2111 Aegre
1058 2025 1087 2086 is

129 2109 198 2174 dies
220 2121 422 2194 sustentatur,
446 2112 530 2198 quod
558 2133 682 2176 omnem
712 2133 801 2197 spem
823 2112 929 2176 hostes
951 2115 984 2174 in
1007 2109 1087 2174 cole·

128 2197 221 2260 ritate
243 2197 404 2281 ponebant
425 2206 519 2284 atque
533 2198 617 2261 hanc
631 2197 737 2282 adepti
751 2198 916 2260 victoriam
930 2191 1088 2282 inperpe-

128 2289 218 2345 tuum
240 2303 274 2344 se
295 2283 363 2347 fore
384 2284 521 2347 victores
544 2282 754 2348 confidebant.

172 2367 224 2430 40.
253 2367 418 2432 Mittuntur
437 2369 478 2431 ad
498 2367 670 2432 Caesarem
691 2368 856 2432 confestim
874 2365 914 2430 ab
936 2365 1090 2432 Cicerone

130 2451 254 2516 litterae
283 2455 405 2538 magnis
435 2455 603 2539 propositis
632 2455 796 2538 praerniiS,
821 2453 845 2514 si
868 2451 1088 2537 pertulissent:

132 2535 271 2602 obsessis
294 2538 437 2610 omnibus
459 2541 520 2602 viis
540 2540 628 2602 missi
652 2540 900 2623 intercipiuntur.
930 2537 1034 2606 Noctu
1049 2558 1091 2600 ex

132 2625 274 2704 materia,
288 2645 381 2709 quam
393 2626 573 2689 munitionis
587 2643 763 2690 causacum
787 2632 974 2704 ortaverant,
987 2630 1089 2685 turres

133 2708 303 2772 admodum
327 2715 399 2771 CXX
424 2711 599 2772 excitantur
614 2647 794 2772 incredibili
809 2708 989 2790 celeritatep
1010 2729 1091 2793 quae

133 2794 245 2858 deesse
269 2797 355 2879 operi
375 2795 573 2877 videbantur,
596 2795 808 2880 perficiuntur.
832 2791 949 2859 Hostes
963 2803 1092 2878 postero

134 2879 186 2943 die
207 2879 305 2943 multo
326 2881 498 2944 maioribus
521 2881 638 2943 coactis
662 2881 759 2964 copiis
779 2889 883 2943 castra
898 2888 1090 2964 oppugnant,

133 2965 252 3029 fossam
281 2964 448 3050 complent.
488 2965 611 3030 Eadem
640 2966 775 3046 ratione,
810 2987 872 3050 qua
907 2965 1018 3049 pridie,
1051 2962 1092 3026 ab

133 3051 250 3113 nostris
285 3049 448 3114 resistitur.
496 3052 567 3114 Hoc
595 3050 680 3114 idem
712 3049 841 3136 reliquis
875 3051 1025 3114 deinces
1057 3047 1093 3110 fit

135 3133 257 3199 diebus.
297 3136 392 3199 Nulla
424 3159 498 3222 pars
526 3135 673 3200 nocturni
701 3137 851 3220 temporis
879 3135 920 3198 ad
952 3071 1093 3197 adorem

135 3222 365 3304 intermittitur,
409 3243 473 3286 non
506 3225 625 3306 aegris,
659 3241 724 3283 non
756 3220 927 3286 vulneratis
960 3217 1093 3281 facultas

137 3307 252 3392 quietis
276 3308 375 3370 datur.
419 3307 644 3392 Quaecumque
667 3306 708 3368 ad
739 3307 876 3390 proximi
909 3305 972 3368 diei
997 3325 1093 3388 oppu-

135 3394 317 3475 gnationem
351 3415 429 3540 opus
460 3402 548 3472 sunt,
578 3401 673 3455 noctu
700 3401 936 3475 comparantur3
976 3389 1094 3452 multae

134 3488 304 3562 praeustae
327 3500 364 3540 su
388 3500 431 3560 es,
455 3499 587 3564 magnus
609 3475 778 3540 muralium
793 3475 928 3561 pilorum
944 3495 1094 3538 numerus
