2562 3966
170 236 234 307 114
430 239 492 302 DE
514 238 658 303 BELLO
682 228 873 304 GALLICO

168 409 333 475 institutas
362 419 480 492 turres,
511 410 686 475 testudines
714 411 966 497 munitionesque
993 409 1131 476 hostium

169 495 358 577 admiratum
381 496 506 582 legione
528 497 682 582 producta
704 497 866 581 cognoscit
886 516 950 559 non
973 495 1131 561 decimum
1223 495 1227 500 ’
1260 482 1262 526 ⁵

171 603 328 667 quemque
356 603 426 644 esse
453 581 611 667 reliquum
640 579 771 644 militem
805 583 873 644 siue
905 580 1054 646 vulnere:
1088 603 1131 646 ex
1224 625 1226 629 -

170 666 220 729 his
244 666 388 730 omnibus
411 666 529 730 iudicat
550 667 660 742 rebus,
692 675 808 751 quanto
831 687 903 730 cum
929 666 1071 751 periculo
1098 676 1130 734 et

172 761 290 837 quanta
313 774 385 815 cum
406 753 521 815 virtute
543 774 595 817 res
619 753 682 814 sint
711 750 956 816 administratae.
1002 751 1129 836 Cicero·

169 858 243 900 nem
272 857 331 922 pro
361 839 428 900 eius
457 838 569 901 merito
598 836 818 922 legionemque
847 836 1022 919 collaudat3
1057 859 1129 901 cen·

170 923 310 986 turinnes
348 922 530 1006 singillatim
565 921 773 1007 tribunosque
810 922 942 993 militum
979 922 1127 1007 appellat,

170 1025 305 1093 quorum
327 1010 488 1093 egregiam
509 1007 606 1070 finisse
628 1009 777 1071 virtutem
799 1009 978 1072 testimonio
1000 1006 1128 1071 Cicero·

169 1093 219 1155 nis
242 1103 444 1177 cognoverat.
485 1093 537 1156 De
564 1115 640 1156 casu
668 1091 779 1156 Sabini
812 1101 843 1156 et
870 1091 983 1156 Cottae
1011 1094 1127 1155 certius

170 1199 212 1240 ex
234 1179 366 1263 captivis
389 1180 560 1262 cognoscit.
604 1178 736 1243 Postero
759 1176 810 1241 die
840 1178 990 1242 concione
1019 1177 1128 1241 habita
1215 1234 1217 1238 .

169 1285 236 1326 rem
252 1273 374 1348 gestam
388 1265 543 1349 proponit,
567 1264 683 1327 milites
699 1262 878 1328 consolatur
899 1271 931 1326 et
945 1260 1125 1327 confirmat:

170 1348 255 1433 quod
277 1347 498 1412 detrimentum
522 1348 616 1435 culpa
638 1357 669 1412 et
690 1348 866 1412 temeritate
888 1348 984 1432 legati
1014 1349 1054 1411 sit
1076 1369 1127 1411 ac-

169 1444 312 1517 ceptum,
335 1433 396 1497 hoc
418 1436 567 1519 aequiore
590 1437 695 1499 animo
717 1433 884 1498 ferundum
906 1432 1015 1516 docet,
1042 1432 1128 1519 quod

168 1516 322 1582 beneficio
346 1519 476 1584 deorum
497 1519 719 1584 immortalium
741 1528 773 1582 et
794 1519 908 1583 virtute
938 1539 1048 1583 eorum
1070 1539 1125 1582 ex·

167 1605 254 1691 piato
275 1604 474 1669 incommodo
496 1627 600 1692 neque
614 1605 758 1669 hostibus
781 1603 902 1667 diutina
923 1603 1050 1668 laetatio
1072 1625 1127 1669 ne·

169 1709 230 1774 que
253 1690 329 1772 ipsis
352 1689 475 1776 longior
498 1691 587 1756 dolor
608 1691 812 1776 relinquatur.

232 1772 283 1837 53.
312 1775 441 1839 Interim
463 1776 504 1840 ad
526 1775 703 1840 Labienum
732 1798 790 1861 per
811 1776 926 1840 Remos
948 1774 1128 1840 incredibili

168 1858 328 1924 celeritate
362 1860 402 1925 de
434 1863 567 1925 victoria
593 1860 740 1925 Caesaris
766 1861 857 1925 'fama
886 1861 1058 1946 perfertur,
1092 1869 1127 1923 ut

169 1965 266 2029 quum
288 1945 328 2010 ab
356 1945 496 2010 hibernis
519 1945 681 2012 Ciceronis
708 1945 795 2010 milia
821 1969 971 2032 passuum
1000 1946 1127 2009 abesset

168 2031 293 2094 circiter
315 2038 375 2112 LX,
405 2054 505 2117 eoque
534 2041 607 2117 post
633 2032 743 2096 horam
771 2054 887 2096 nonam
915 2031 979 2095 diei
1007 2029 1127 2094 Caesar

166 2117 374 2200 pervenisset,
398 2127 470 2180 ante
492 2117 628 2182 mediam
651 2126 777 2181 noctem
805 2116 846 2179 ad
873 2125 980 2201 portas
1007 2125 1124 2179 castro·

167 2221 238 2264 rum
261 2201 381 2268 clamor
404 2212 555 2284 oreretur,
600 2224 640 2265 uo
664 2201 800 2265 clamore
817 2201 1005 2286 significatio
1027 2203 1123 2265 victo·

167 2287 235 2350 riae
268 2286 500 2372 gratulatioque
527 2287 567 2349 ab
626 2288 702 2350 emis
735 2286 876 2350 Labieno
909 2287 1008 2351 fieret.
1052 2285 1124 2350 Hac

166 2371 250 2435 sarna
271 2372 313 2435 ad
335 2371 491 2434 Treveros
513 2371 635 2457 perlata
656 2371 897 2454 Indutiomarus,
922 2373 976 2457 qui
997 2379 1124 2456 postero

168 2457 219 2521 die
242 2466 347 2520 castra
367 2455 501 2520 Labieni
520 2478 702 2542 oppugnare
719 2456 912 2539 decreverat,
935 2467 1031 2522 noctu
1052 2479 1124 2542 pro·

165 2540 247 2626 fugit
269 2543 439 2626 copiasque
462 2563 571 2605 omnes
592 2543 626 2605 in
648 2541 806 2606 Treveros
828 2542 961 2607 reducit.
1005 2541 1125 2606 Caesar
1215 2605 1219 2612 ,

166 2627 301 2691 Fabium
329 2648 401 2690 curn
430 2649 488 2690 sua
518 2627 643 2713 legione
664 2629 794 2691 remittit
817 2629 851 2690 in
873 2627 1021 2710 hiberna,
1055 2629 1125 2713 ipse

167 2734 239 2776 cum
265 2709 367 2775 tribus
397 2711 574 2797 legionibus
605 2714 723 2776 circum
750 2712 1006 2778 Samarobrivam
1032 2715 1124 2777 trinis

166 2797 307 2862 hibernis
329 2796 469 2862 hiemare
484 2799 645 2862 constituit
668 2807 707 2879 et,
732 2798 815 2884 quod
837 2800 915 2862 tanti
930 2808 1034 2863 motus
1049 2798 1125 2864 (aar,

166 2882 229 2947 liae
252 2884 455 2964 exstiterant,
484 2893 582 2948 totam
610 2883 747 2948 hiemem
776 2885 845 2968 ipse
877 2883 918 2946 ad
951 2886 1125 2949 exercitum

165 2988 296 3033 manere
325 2968 474 3033 decrevit.
519 2969 601 3033 Nam
629 2968 684 3032 illo
714 2969 914 3033 incommodo
947 2969 987 3033 de
1014 2969 1126 3034 Sabini

165 3063 266 3118 morte
288 3053 409 3138 perlato
432 3077 541 3119 omnes
563 3053 629 3119 fere
653 3053 776 3119 Galliae
799 3055 942 3118 civitates
971 3054 1010 3119 de
1039 3054 1125 3119 bello

167 3135 396 3219 consultabant,
419 3142 545 3204 nuntios
568 3138 805 3225 legationesque
827 3143 861 3204 in
882 3163 991 3204 omnes
1017 3139 1125 3226 partes

167 3222 367 3287 dimittebant
390 3234 432 3307 et,
455 3225 531 3310 quid
553 3223 668 3311 reliqui
691 3224 813 3290 consilii
835 3236 1001 3311 caperent,
1029 3235 1125 3311 atque

166 3308 251 3372 unde
280 3309 403 3372 initium
433 3309 510 3372 belli
532 3308 638 3391 fieret,
674 3332 714 3373 ex
737 3309 883 3374 lorabant
909 3320 1125 3396 nocturnaque

166 3394 200 3455 in
233 3392 311 3458 locis
345 3393 478 3458 desertis
509 3394 643 3459 concilia
670 3331 841 3458 habebant
884 3394 996 3482 Neque
1024 3395 1124 3461 ullum

166 3477 233 3542 fere
254 3478 349 3541 totius
372 3478 484 3542 hiemis
507 3491 630 3566 tempus
654 3481 722 3544 sine
745 3479 955 3545 sollicitudine
978 3479 1124 3546 Caesaris
