2562 3966
196 204 257 268 110
449 204 510 268 DE
531 201 676 270 BELLO
699 201 890 269 GALLIOO

194 375 287 438 stium
311 374 542 440 confertissima
563 383 612 440 est
639 375 709 438 visa
736 375 834 438 irrum
859 379 890 438 ’t.
933 374 982 440 Ne
1004 374 1149 441 Vorenus

194 460 321 545 quidem
342 469 408 524 tum
431 482 502 524 sese
523 460 607 524 vallo
630 460 776 540 continet,
800 482 833 523 se
879 462 1018 534 omnium
1032 461 1150 524 veritus

195 545 459 610 existimationem
481 545 691 632 subsequitur.
742 545 896 608 Mediocri
918 546 1019 630 spatio
1040 543 1150 609 relicto

193 629 283 694 Pulio
305 630 403 714 pilum
425 632 458 694 in
480 630 586 694 hostes
607 630 746 694 immittit
774 639 868 716 atque
889 653 984 694 unum
1009 651 1050 692 ex
1072 629 1149 695 mul-

193 714 327 778 titudine
347 717 736 799 procurrentemtraiicit3
767 737 828 799 quo
850 737 1000 806 percusso
1023 723 1055 778 et
1076 709 1149 778 exa·
1270 760 1273 779 ,

193 801 312 865 nimato
333 800 417 864 hunc
447 802 542 864 scutis
571 811 748 886 protegunt,
775 801 810 863 in
836 801 960 864 hostem
987 799 1053 864 tela
1082 801 1148 866 uni·

193 886 277 949 versi
299 887 470 950 coniiciunt
497 908 602 973 neque
629 886 704 948 dant
732 885 934 971 regrediendi
959 884 1148 950 facultatem.

193 969 403 1055 Transfigitur
437 979 560 1034 scuttun
593 971 719 1034 Pulioni
748 980 779 1033 et
804 981 950 1034 verutum
978 973 1012 1034 in
1044 971 1148 1035 balteo

193 1054 347 1140 defigitur.
402 1055 527 1120 Avertit
562 1056 613 1120 hic
645 1077 737 1120 casus
770 1057 920 1141 vaginam
948 1066 979 1122 et
1010 1055 1149 1140 gladium

193 1139 327 1206 educere
350 1141 476 1204 conanti
504 1141 650 1206 dextram
682 1150 823 1206 moratur
851 1163 988 1224 manum,
1007 1141 1148 1242 impedi·
1205 1191 1207 1196 .
1274 1225 1275 1232 ἵ

192 1235 258 1296 tum
279 1248 320 1288 ue
353 1225 464 1290 hostes
501 1227 742 1296 circumsistunt.
800 1227 964 1292 Succurrit
1004 1229 1149 1290 mimicus

185 1309 240 1377 illi
260 1249 406 1376 lorensis
429 1322 461 1376 et
482 1311 638 1376 laboranti
661 1311 816 1376 subvenit.
853 1311 905 1374 Ad
919 1312 1004 1376 hunc
1019 1335 1052 1375 se
1075 1333 1148 1375 con-

192 1395 295 1459 festim
324 1419 344 1460 a
371 1396 503 1462 Pulione
531 1399 632 1460 omnis
661 1396 826 1461 multitudo
857 1398 1031 1461 convertit:
1060 1395 1150 1460 illum

192 1489 302 1546 veruto
325 1482 517 1546 arbitrantur
539 1485 687 1546 occisum.
737 1481 852 1546 Gladio
880 1485 1053 1546 comminus
1082 1505 1149 1546 rem

191 1569 273 1650 gerit
293 1567 440 1632 Vorenus
462 1577 556 1653 atque
573 1561 640 1632 ¹uno
670 1567 834 1632 interfecto
857 1567 996 1654 reliquos
1017 1566 1148 1653 paulum

191 1651 354 1801 propellit;
368 1676 472 1738 ¹quum
496 1653 639 1738 cupidius
651 1654 755 1735 instat,
778 1652 930 1718 inlocum
946 1653 1084 1718 deiectus
1100 1654 1146 1716 in·

182 1738 337 1803 eriorem
374 1738 518 1802 concidit.
574 1739 660 1802 Huic
690 1761 799 1802 rursus
840 1739 1053 1803 circumvento
1090 1738 1150 1801 fert

191 1821 366 1890 subsidium
386 1823 487 1905 Pulio,
511 1833 605 1910 atque
628 1822 721 1888 ambo
744 1823 916 1888 incolumes
935 1823 1148 1909 compluribus

191 1907 362 1972 interfectis
385 1931 507 1972 summa
529 1931 600 1974 cum
629 1909 723 1974 laude
753 1931 823 1974 sese
849 1910 932 1974 intra
960 1911 1148 1982 munitiones

190 1994 354 2078 recipiunt.
404 1993 458 2058 Sic
484 1995 608 2060 fortuna
636 1996 669 2058 in
692 1997 891 2060 contentione
920 2005 952 2058 et
978 1995 1147 2059 certamine

190 2087 356 2163 utrumque
376 2081 536 2162 versavit,
565 2089 599 2144 ut
628 2079 708 2145 alter
738 2079 830 2146 alteri
855 2081 999 2144 inimicus
1029 2077 1146 2142 auxilio

190 2162 347 2249 salutique
377 2173 475 2247 esset,
505 2188 608 2250 neque
638 2165 803 2230 diiudicari
832 2176 958 2250 posset,
986 2174 1055 2229 uter
1083 2166 1145 2228 utri

189 2249 304 2314 virtute
326 2249 547 2316 anteferendus
569 2251 740 2316 videretur.
1138 2284 1142 2292 ·

252 2331 304 2397 45.
329 2333 455 2413 Quanto
485 2345 554 2402 erat
575 2337 608 2399 in
635 2336 703 2400 dies
730 2337 857 2420 gravior
885 2345 979 2422 atque
1006 2336 1147 2420 asperior

190 2422 390 2504 oppugnatio,
421 2431 453 2484 et
478 2423 615 2485 maxime
643 2419 727 2507 quod
756 2443 872 2506 magna
900 2430 990 2506 parte
1012 2420 1146 2484 militum
1263 2465 1266 2468 -

190 2503 332 2570 confecta
363 2505 548 2571 vulneribus
574 2529 627 2568 res
657 2506 698 2570 ad
725 2508 916 2590 paucitatem
946 2505 1147 2570 defensorum

212 2601 399 2672 emanarat,
434 2600 521 2655 tanto
555 2590 730 2656 crebriores
765 2590 888 2657 litterae
914 2594 1077 2677 nuntiique
1105 2591 1147 2654 ad

190 2612 359 2746 Gaesarem
387 2675 606 2758 mittebantur3
637 2698 769 2763 quorum
796 2699 871 2762 pars
894 2677 1091 2762 deprehensa
1112 2680 1144 2740 in

189 2769 360 2846 conspectu
381 2771 558 2832 nostrorum
574 2761 708 2826 militum
723 2783 794 2826 cum
808 2763 949 2827 cruciatu
963 2762 1144 2828 necabatur.

188 2845 268 2910 Erat
286 2869 369 2911 unus
389 2848 474 2912 intus
495 2846 630 2911 Nervius
652 2849 779 2912 nomine
800 2847 938 2930 Vertico‚
962 2847 1030 2912 loco
1052 2857 1144 2912 natus

189 2930 329 3014 honesto,
353 2933 406 3019 qui
428 2955 448 2996 a
468 2933 571 3018 prima
591 2932 755 2998 obsidione
778 2933 819 2996 ad
841 2931 1027 2998 Ciceronem
1041 2933 1144 3018 perfu-

211 3025 278 3082 erat
300 3039 452 3105 suamque
475 3020 504 3084 ei
525 3017 621 3082 fidem
642 3019 848 3102 praestiterat
889 3018 952 3082 Hic
974 3040 1066 3082 servo
1089 3041 1145 3103 spe

188 3040 343 3168 {bematis
366 3104 551 3190 magnisque
579 3104 751 3188 persuadet
770 3105 933 3189 praemiis,
966 3113 1001 3167 ut
1023 3102 1144 3168 litteras

189 3187 230 3252 ad
260 3187 430 3255 Gaesarem
459 3190 589 3254 deferat.
638 3189 706 3254 Has
735 3187 789 3252 ille
817 3191 851 3252 in
876 3187 980 3253 iaculo
1007 3188 1143 3274 illigatas
1201 3216 1203 3220 ¹

189 3272 280 3340 effert
300 3282 332 3338 et
354 3272 466 3340 Gallus
487 3276 571 3340 inter
592 3273 702 3339 Gallos
718 3275 786 3338 sine
800 3273 867 3342 ulla
881 3297 934 3338 sus
957 3275 1059 3338 icione
1074 3296 1144 3338 ver-

189 3365 273 3422 satus
303 3358 352 3442 ad·
374 3357 545 3424 Gaesarem
570 3361 724 3444 pervenit
774 3358 827 3423 Ab
857 3382 894 3424 eo
924 3297 964 3424 cis
993 3358 1142 3445 periculis

190 3439 350 3509 Ciceronis
372 3443 567 3528 les-ionisque
589 3445 797 3530 cognoscitur.
924 3445 927 3450 ’
