2532 3968
180 270 289 342 XLIV
533 273 790 340 PRAEFATIO.

181 448 266 512 enim
287 445 382 510 vind.
408 469 456 532 pr.
480 467 651 532 omnesque
667 445 886 530 Oudendorpii
908 443 982 510 libri
1004 443 1140 510 habent.
1260 473 1261 534 j

180 531 390 617 Nipperdeius
403 553 445 594 ex
452 531 551 595 Paris.
564 531 702 596 secundo
716 530 871 616 etScalig.
885 537 1142 597 aeauaosrace·
1260 543 1261 552 ’

180 621 235 704 pit,
278 617 341 693 uod
359 639 400 680 ex
415 616 619 682 antecedente
636 624 758 682 deducti
772 621 874 680 ortum
891 638 961 680 esse
976 616 1139 682 existimo.

275 751 282 766 .
307 703 357 784 16,
380 725 476 787 quum
498 712 592 766 antea
606 712 770 766 narratum
785 702 834 782 sit,
857 700 1037 784 Lentulum,
1055 699 1140 766 Cae-

183 791 262 852 saris
293 788 432 852 adventu
462 788 604 873 cognito,
635 787 755 853 Asculo
784 787 979 873 profugisse,
1009 789 1074 850 iam
1102 787 1144 852 in

181 872 273 938 libris
306 872 336 937 le
360 874 437 936 'turz
483 879 615 953 Recepto
652 878 755 938 Firmo
790 881 977 953 expulsoque
1008 875 1142 938 Lentulo

184 982 208 1024 a.
234 982 261 1038 a.
285 981 310 1021 s.
349 968 445 1043 taque
466 957 569 1022 Aldus
585 965 697 1022 Asculo
714 981 770 1043 pro
786 963 889 1023 Firmo
904 959 1017 1042 posuit,
1040 957 1141 1044 idque

181 1042 236 1108 vul
260 1066 278 1106 o
301 1042 417 1108 deinde
440 1043 557 1108 editum
580 1053 638 1109 est.
665 1043 772 1107 Etiam
786 1043 998 1128 Nipperdeius
1022 1051 1141 1110 Aratio

182 1067 346 1215 prolusit,
376 1134 478 1193 Firmo
509 1129 549 1192 ab
578 1128 805 1214 interpolatore
840 1129 977 1213 quodam
1012 1127 1141 1194 illatum

182 1237 253 1279 esse
276 1215 460 1277 existimans
484 1237 524 1278 ex
548 1213 682 1299 epistola
703 1213 760 1278 illa
781 1214 910 1298 Pompei
935 1213 1021 1299 apud
1032 1213 1140 1280 Cicer.

181 1299 222 1363 ad
244 1300 309 1362 Att.
333 1298 419 1380 VIII,
445 1300 484 1362 12
506 1299 544 1382 Β,
562 1300 590 1381 1,
614 1302 668 1385 qui
690 1297 862 1364 Caesarem
890 1299 1040 1381 ,Firmo
1055 1322 1140 1386 pro·

182 1388 377 1470 gressum‘
408 1384 536 1448 scribat.
565 1385 610 1448 At
638 1382 860 1469 interpolator,
885 1386 939 1469 qui
960 1382 1049 1448 illam
1072 1385 1141 1472 epi-

183 1469 296 1535 stolam
320 1471 477 1555 cognitam
497 1469 647 1551 habebat,
671 1481 702 1536 et
724 1493 819 1554 aegre
841 1469 971 1552 ferebat,
994 1471 1141 1536 Firmum

184 1555 336 1641 oppidum
367 1578 386 1616 a
414 1553 553 1620 Caesare
582 1565 745 1640 receptum
774 1555 826 1618 hic
849 1555 974 1620 silentio
996 1563 1139 1640 praeter·

184 1641 283 1723 mitti,
307 1649 475 1726 utrumque
498 1641 602 1725 potius
625 1663 740 1705 nomen
764 1641 944 1725 scripsisset
966 1651 1142 1730 auctorque

183 1727 358 1791 exstitisset
379 1725 599 1790 Kranerianae
615 1726 862 1789 emendationis:
886 1732 1018 1806 Recepto
1034 1732 1139 1791 Firmo

183 1819 407 1890 assutaque
437 1818 601 1892 expulso
631 1817 769 1876 Lentulo.
797 1811 840 1874 At
868 1813 936 1874 sive
960 1833 1031 1875 cum
1052 1810 1142 1878 aldo

185 1908 217 1961 et
238 1896 440 1982 Nipperdeio,
464 1899 531 1961 sive
555 1919 626 1960 cum
647 1896 796 1960 Kranero
818 1896 967 1978 facimus,
991 1896 1142 1982 displicet

183 1993 269 2046 certe
285 1983 379 2045 etiam
394 1982 436 2063 1d,
461 1983 544 2068 quod
559 1981 713 2046 Lentulus
730 1989 878 2063 expulsus
894 1981 1019 2063 dicitur,
1043 2003 1142 2068 quem

183 2078 274 2130 ante
298 2066 446 2130 Caesaris
469 2068 638 2132 adventum
660 2067 837 2154 profugisse
860 2067 953 2132 modo
975 2079 1141 2131 narratum

183 2162 239 2216 est.
264 2151 464 2237 Quapropter
480 2175 518 2216 ex
536 2164 566 2217 et
576 2160 730 2233 pulsoque
745 2153 941 2239 seiungenda
957 2174 1027 2216 esse
1049 2161 1143 2218 ratus

183 2239 310 2322 scripsi:
334 2243 465 2318 Recepto
481 2244 583 2303 Firmo
608 2261 653 2302 aa
676 2246 825 2302 itinere
842 2243 1141 2319 pulsoquaLsa·

181 2331 253 2388 iulo.
287 2323 440 2386 Pulsus
471 2333 537 2388 erat
566 2324 651 2386 haud
681 2323 776 2387 dubie
805 2321 975 2405 Lentulus,
1005 2346 1071 2392 non
1092 2324 1143 2388 ita

184 2407 352 2493 expulsus,
383 2407 525 2472 Firmum
555 2418 661 2472 autem
688 2431 726 2472 aa
758 2416 867 2473 itiitere
889 2421 1040 2488 receptum
1062 2408 1142 2475 dioi-

185 2504 251 2575 tur,
284 2492 549 2579 quemadmodum
579 2492 648 2556 aliis
679 2491 757 2557 locis
794 2489 952 2577 oppidumv
999 2492 1142 2560 uoddam

186 2601 225 2643 ea
248 2587 355 2642 itinera
378 2591 583 2656 oppriauatum
607 2577 651 2662 (b.
675 2576 714 2642 G.
737 2577 778 2662 Π,
805 2577 855 2640 12.
878 2577 935 2659 111,
952 2516 1007 2664 2Il
1027 2599 1142 2641 narra·

182 2673 241 2727 tur.
263 2662 392 2726 -Sub
421 2661 517 2725 finem
546 2685 583 2725 ca
605 2664 657 2725 itis
685 2671 871 2728 transductis
897 2685 953 2747 pro
985 2670 1142 2728 traductis

184 2749 257 2816 dedi
272 2769 313 2810 ex
328 2747 428 2809 Paris.
446 2769 508 2810 sec.
523 2758 554 2811 et
569 2685 663 2811 Iliad.
680 2770 742 2833 pr.;
766 2771 806 2813 ex
821 2749 934 2815 iisdem
948 2748 1142 2814 transdu-

183 2856 276 2898 cere
300 2855 327 2895 c.
350 2833 392 2895 30
437 2855 539 2918 uoque
561 2835 679 2919 recepi.
1073 2895 1076 2902 .

246 2917 385 3090 Eosd)em
408 2855 505 2982 liluos
529 2930 654 2984 secutus
678 2941 704 2983 o.
730 2920 768 2986 19
785 2927 915 2984 consitio
938 2922 1061 3006 scripsi.
1085 2919 1141 3008 (N.
1256 2967 1257 2970 κ

183 3012 323 3071 concilio.

251 3089 287 3154 Ο.
311 3090 352 3154 22
380 3088 454 3153 libri
482 3111 557 3153 mss.
586 3090 666 3154 haee
688 3089 755 3155 fere
777 3089 911 3156 habent:
934 3097 1030 3156 Facta
1048 3103 1140 3173 pote-

184 3189 261 3240 state
284 3199 322 3241 ea
346 3183 459 3256 oppido
482 3183 615 3258 mittitur,
639 3199 734 3256 aeque
757 3183 794 3241 ab
818 3185 957 3257 soprius
972 3183 1143 3244 Domitiani

183 3270 291 3326 milites
322 3268 496 3342 discedunt,
522 3283 609 3340 quarn
637 3269 667 3325 ia
698 3278 891 3343 conspectura
920 3269 1062 3327 Caesaris
1085 3270 1140 3329 de·

183 3353 321 3410 ducatur.
347 3354 427 3410 Cura
450 3369 492 3412 eo
515 3352 713 3413 desolate
735 3371 805 3412 sua
828 3359 914 3412 orat
936 3361 1026 3427 atque
1050 3355 1141 3414 obss·

183 3445 256 3506 crat,
281 3439 394 3495 atriti
411 3445 543 3511 paraui,
567 3446 752 3513 ueteremque
780 3441 940 3498 amicitiara
963 3455 1133 3499 commemo-

182 3527 233 3576 rat
254 3521 453 3594 Caesarisque
481 3526 512 3581 ia
542 3540 575 3583 se
603 3526 750 3596 beneficia
778 3527 922 3599 exponi&
947 3541 1026 3598 auae
1048 3530 1140 3584 eraut
