2562 3966
396 206 532 274 OOMM.
556 207 584 272 V
607 207 699 272 OAP.
725 207 858 272 11-15.
1062 206 1104 275 95

151 381 258 467 plnres
280 388 447 469 praeterea
467 379 604 444 minores
626 379 819 465 superiectae
846 378 968 444 insulae
998 381 1103 446 existi·

150 475 291 550 mantur3
314 467 353 532 de
376 464 490 551 quibus
511 462 623 528 insulis
644 462 786 528 nonnulli
813 464 1009 550 seripserunt
1035 465 1103 530 dies

150 554 314 618 continuos
336 549 465 635 triginta
486 548 545 614 sub
566 548 680 613 bruma
701 570 771 615 esse
785 558 917 614 nootem.
940 548 1005 618 Nos
1023 549 1103 616 nihil

149 637 189 702 de
212 658 250 703 eo
271 633 561 723 percontationibus
589 634 840 720 reperiebamus,
862 635 924 699 nisi
945 636 1039 700 sertis
1061 657 1104 702 ex

149 743 232 809 aqua
260 723 414 786 mensuris
441 720 603 785 breviores
636 741 706 784 esse
739 741 834 806 quam
865 720 898 783 in
931 721 1102 786 continenti
1137 721 1138 724 ’

148 815 257 872 noctes
283 806 480 874 videbamus.
519 805 622 870 Huius
652 813 701 870 est
729 803 891 890 longitudo
914 804 1035 889 lateris,
1067 815 1103 870 ut

148 891 215 956 fert-
231 891 357 959 illorum
379 892 493 978 opinio,
516 890 785 976 septingentorum
807 889 937 957 milium.
959 890 1102 957 Tertium

148 985 198 1042 est
218 988 329 1044 eontra
350 976 595 1062 septentriones;
624 977 674 1039 oui
695 977 779 1061 parti
800 973 888 1040 nulla
908 983 957 1040 est
978 976 1102 1041 obieeta

148 1069 249 1145 terra,
276 1062 333 1128 sed
362 1063 429 1128 eius
458 1060 592 1146 angrrlus
620 1060 728 1124 lateris
750 1061 886 1127 maxime
907 1059 948 1126 ad
970 1059 1101 1126 Germa·

147 1147 231 1216 niam
253 1156 383 1234 spectat
416 1145 488 1212 Hoo
509 1145 597 1210 milia
616 1167 768 1231 passuum
789 1146 969 1231 octingenta
987 1148 1019 1213 in
1034 1147 1100 1212 lon·

147 1233 322 1318 gitudinem
343 1254 414 1299 esse
436 1232 643 1298 existimatur.
675 1230 725 1294 Ita
745 1232 846 1296 omnis
867 1231 971 1296 insula
999 1242 1047 1296 est
1068 1233 1119 1324 in,

147 1319 280 1382 circuitu
301 1318 399 1382 vicies
421 1324 548 1381 eentum
568 1315 689 1381 milium
710 1338 869 1402 passuum.

211 1403 261 1466 la
293 1403 347 1467 Ex
367 1402 416 1468 his
432 1400 577 1468 omnibus
596 1401 692 1487 longe
707 1410 780 1466 sunt
797 1401 1023 1485 humanissimi,
1047 1405 1101 1490 qui

146 1485 295 1552 Cantium
323 1487 479 1569 incolunt,
531 1508 591 1552 uae
618 1509 656 1550 re
679 1487 707 1552 ‘o
737 1496 785 1552 est
811 1489 967 1552 maritima
989 1489 1099 1571 omnis,

146 1595 249 1658 neque
271 1572 405 1638 multum
427 1595 447 1638 a
469 1510 593 1637 Gallius
637 1574 644 1587 '
670 1581 761 1636 erunt
783 1572 1019 1638 consuetudine.
1048 1572 1099 1638 In·

146 1661 276 1724 teriores
305 1657 449 1745 plerique
477 1656 633 1722 frumenta
660 1679 725 1721 non
747 1669 863 1741 serunt,
887 1657 944 1722 sed
965 1656 1046 1722 laete
1069 1668 1101 1724 et

146 1763 243 1806 earne
270 1745 383 1808 vivunt
410 1742 610 1829 pellibusque
637 1756 710 1808 sunt
731 1744 846 1807 vestiti.
881 1742 1001 1809 Omnes
1023 1766 1099 1809 vero

147 1849 181 1892 se
208 1827 353 1892 Britanni
377 1831 460 1893 vitro
489 1826 646 1910 inficiunt,
680 1828 765 1914 quod
794 1828 973 1894 caeruleum
1005 1829 1100 1894 efficit

148 1911 293 1997 colorem,
316 1922 410 2000 atque
421 1913 481 1978 hoo
495 1911 687 1978 horridiores
703 1915 823 1978 suntin
837 1935 944 2000 pugna
955 1923 1099 2000 aspectu3

146 1997 324 2085 capilloque
352 2008 425 2064 sunt
444 1999 599 2085 promisso
626 2006 720 2084 atque
742 1999 827 2064 omni
847 2008 936 2085 parte
959 2001 1099 2085 eorporis

144 2104 218 2146 rasa
237 2094 366 2169 praeter
385 2092 481 2169 eaput
502 2093 534 2148 et
554 2081 680 2148 labrum
706 2085 859 2169 superius.
891 2084 1018 2150 Uxores
1044 2085 1098 2148 ha-

144 2167 221 2234 bent
243 2168 318 2232 deni
339 2167 538 2255 duodenique
560 2169 641 2232 inter
660 2190 694 2232 se
713 2191 893 2234 communes
908 2178 941 2234 et
960 2171 1098 2235 maxime

144 2253 258 2318 fratres
287 2276 359 2320 oum
387 2254 535 2318 fratribus
564 2261 710 2340 parentes
733 2276 773 2319 ue
795 2276 867 2321 oum
889 2253 1013 2339 liberis;
1041 2256 1098 2320 sed

144 2340 198 2424 qui
228 2348 300 2403 sunt
328 2363 369 2404 ex
397 2339 445 2404 his
473 2339 555 2422 nati,
589 2359 698 2404 eorum
748 2339 883 2404 abentur
906 2339 1005 2423 liberi,
1035 2363 1096 2427 quo

143 2425 279 2509 primurn
301 2425 390 2511 virgo
412 2446 555 2511 quaeque
576 2423 712 2489 deducta
733 2433 790 2489 est.

209 2509 259 2573 15.
291 2509 423 2596 Equites
445 2509 582 2575 hostium
603 2508 816 2596 essedariique
839 2513 953 2577 aeriter
976 2510 1097 2597 proelio

141 2615 216 2658 oum
238 2595 378 2681 equitatu
406 2604 513 2660 nostro
541 2595 574 2658 in
602 2595 714 2659 itinere
736 2595 961 2678 conflixerunt,
991 2606 1097 2662 tamen

143 2689 177 2744 ut
205 2681 305 2744 nostri
333 2679 477 2744 omnibus
498 2679 640 2766 partibus
663 2681 839 2765 superiores
866 2681 981 2746 fuerint
1002 2691 1096 2768 atque

141 2787 198 2829 eos
212 2765 253 2845 in
275 2763 370 2829 silvas
386 2765 546 2851 collesque
565 2764 787 2850 compulerint3
811 2765 868 2830 sed
882 2766 1095 2852 compluribus

142 2849 315 2914 interfectis
338 2850 481 2936 oupidius
503 2851 638 2915 insecuti
659 2849 826 2916 nonnullos
849 2873 890 2914 ex
904 2854 969 2917 suis
985 2853 1095 2916 amise-

143 2944 226 2998 runt.
259 2935 302 2998 At
322 2934 370 2998 illi
392 2937 569 3000 intermisso
592 2935 692 3021 spatio
707 2935 958 3021 imprudentibus
980 2939 1094 3013 nostris

141 3028 239 3106 atque
261 3022 419 3106 oooupatis
440 3021 474 3085 in
495 3021 665 3086 munitione
687 3031 862 3086 castrorum
884 3021 985 3086 subito
1005 3045 1039 3086 se
1055 3045 1096 3086 ex

142 3104 232 3168 silvis
255 3105 413 3170 eiecerunt
433 3107 552 3206 impetu
575 3127 614 3170 ue
636 3107 669 3168 in
691 3127 745 3169 eos
767 3105 859 3189 fanto,
883 3108 936 3194 qui
958 3116 1047 3171 erant
1060 3108 1094 3170 in

141 3191 277 3254 statione
305 3213 363 3276 pro
393 3200 504 3255 oastrrs
533 3213 570 3254 oo
596 3192 693 3273 ocati,
727 3193 842 3256 aeriter
874 3202 1094 3278 pugnaverunt

144 3273 329 3361 duabusque
343 3277 447 3340 missis
463 3275 602 3340 subsidio
618 3275 797 3340 oohortibns
812 3298 831 3340 a
847 3275 984 3342 Caesare
999 3285 1093 3364 atque

143 3357 192 3422 his
220 3361 331 3446 primis
360 3359 518 3446 legionum
547 3361 695 3442 duarum,
723 3384 819 3447 quum
841 3361 901 3424 hae
920 3363 1093 3448 perexiguo

145 3443 322 3510 intermisso
353 3445 414 3511 looi
443 3447 543 3531 spatio
572 3448 654 3510 inter
683 3467 716 3508 se
750 3448 977 3528 constitissent,
1010 3467 1093 3514 novo
