2490 3974
429 267 571 334 OAPUT
594 267 726 332 79-82.
807 279 810 287 ‘
986 265 1049 329 229

97 437 146 500 dit
168 447 199 501 et
221 455 325 501 castra
346 440 466 506 munire
489 441 600 524 coepit.
624 437 717 517 Quod
738 448 903 524 postquam
918 437 1048 502 Caesari

96 523 276 586 nuntiatum
297 531 353 606 est,
376 522 474 586 milite
497 523 536 587 ab
560 545 654 608 opere
670 523 802 588 deducto
826 524 935 586 castris
957 543 1048 607 prae-

4 655 5 658 *
97 606 178 671 sidio
206 608 384 692 Asprenate
413 607 599 693 proconsule
628 630 700 672 cum
728 607 903 694 legionibus
926 606 1047 670 duabus

95 690 208 756 relicto
229 694 299 778 ipse
321 715 392 757 oum
407 693 554 778 expedita
568 695 658 778 copia
678 694 711 756 in
727 717 797 760 eum
812 693 915 757 locum
931 693 1048 756 citatim

96 777 259 841 contendit
280 777 452 863 classisque
474 789 562 864 parte
592 779 632 842 ad
658 778 820 864 Thapsum
845 777 955 842 relicta
976 776 1048 840 reli-

98 883 176 946 quas
197 885 304 926 naves·
317 863 405 928 iubet
425 875 495 948 post
510 864 645 928 hostium
666 872 788 948 tergum
804 884 896 947 quam
910 864 1048 927 maxime

97 945 139 1009 ad
161 946 234 1011 litus
250 948 367 1032 appelli
381 951 567 1034 signumque
583 971 672 1012 suum
688 949 864 1029 observare,
882 971 942 1034 quo
959 949 1048 1032 signo

96 1030 186 1095 dato¹
208 1031 309 1096 subito
346 1033 481 1098 clamore
517 1033 598 1098 facto
641 1055 681 1096 ex
702 1035 871 1119 improviso
907 1033 1048 1098 hostibus

96 1117 218 1180 aversis
241 1119 417 1184 incuterent
437 1127 599 1200 terrorem,
621 1127 656 1182 ut
677 1118 849 1204 perturbati
871 1141 908 1184 ac
929 1127 1048 1204 perter-

95 1201 148 1264 riti
169 1203 328 1287 respicere
349 1215 421 1288 post
441 1210 531 1288 terga
553 1214 747 1290 cogerentur.
928 1229 931 1235 ¹
956 1227 957 1232 ¹

160 1286 210 1374 81.
234 1286 305 1366 Quo
333 1299 498 1374 postquam
528 1287 648 1352 Caesar
675 1291 820 1374 pervenit
849 1301 880 1352 et
909 1287 1047 1352 animad-

94 1373 191 1434 vertit
219 1375 319 1436 aciem
350 1396 407 1458 pro
434 1373 518 1440 vallo
541 1373 693 1458 Scipionis
722 1379 841 1454 [contra
866 1372 1048 1458 elephantos

95 1455 208 1521 dextro
232 1459 420 1544 sinistroque
449 1481 546 1522 cornu
572 1458 742 1540 collocatis]
767 1468 797 1522 et
821 1459 919 1522 nihilo
945 1458 1047 1521 minus

92 1549 217 1624 partem
231 1543 364 1607 militum
380 1552 483 1608 castra
496 1567 560 1609 nou
574 1545 730 1628 ignaviter
743 1545 874 1624 munire,
897 1545 965 1628 ipse
980 1543 1049 1608 acis

92 1625 210 1710 triplici
243 1628 401 1710 collocata,
434 1629 557 1712 legione
589 1636 615 1690 X
647 1636 770 1713 Xlllque
800 1629 910 1693 dextro
938 1649 1048 1708 cornu,

92 1717 166 1772 Xllll
190 1721 222 1776 et
249 1720 321 1774 Vllll
347 1715 475 1778 'sinistro
503 1716 662 1798 oppositis,
685 1723 710 1774 V
731 1714 854 1798 legIone
883 1715 916 1776 in
938 1720 1049 1798 quarta

92 1797 161 1858 acie
184 1796 224 1860 ad
244 1799 314 1882 ipsa
336 1820 453 1863 cornua
476 1801 578 1885 quinis
599 1798 778 1864 cohortibus
801 1807 909 1862 contra
929 1797 1048 1862 bestias

93 1880 263 1964 collocatis,
281 1883 682 1968 sagittariis‚'funditoribus
702 1885 736 1946 in
747 1886 886 1969 utrisque
902 1881 1048 1950 cornibus

93 1963 142 2028 dis
166 1967 252 2031 ositis
268 1966 393 2054 levique
408 1979 564 2033 armatura
575 1970 656 2032 inter
668 1970 788 2054 equites
802 1970 967 2032 interiecta
980 1968 1048 2051 ipse

92 2071 133 2134 pe
157 2050 226 2115 'bus
248 2054 366 2116 circum
381 2054 495 2118 milites
511 2075 701 2118 concursans
719 2057 913 2138 virtutesque
926 2062 1049 2116 vetera·

91 2157 204 2198 norum
226 2138 408 2224 proeliaque
427 2141 589 2224 superiora
610 2161 857 2202 commemorans
870 2137 1048 2222 blandeque

93 2221 258 2304 appellans
289 2224 409 2288 animos
438 2245 545 2288 eorum
572 2223 737 2288 excitabat.
770 2224 902 2288 Tirones
933 2231 1047 2304 autem,

92 2307 147 2389 qui
168 2329 337 2394 numquam
359 2309 393 2370 in
412 2311 481 2373 acie
500 2309 708 2389 dimicassent,
732 2307 925 2389 hortabatur,
943 2317 978 2372 ut
995 2327 1048 2371 ve-

4 2447 5 2454 ,
92 2401 274 2456 tarenorum
305 2394 451 2456 virtutem
480 2393 710 2458 aemularentur
732 2415 901 2480 eorumque
918 2392 1047 2476 famam,

92 2477 206 2558 locum,
228 2499 344 2542 nomen
371 2481 503 2543 victoria
527 2488 618 2564 parta
640 2488 791 2563 cuperent
812 2477 982 2563 possidere.

155 2562 206 2625 82.
228 2561 338 2647 Itaque
357 2565 389 2626 in
408 2563 631 2628 circumeundo
644 2566 814 2629 exercitum
826 2563 1049 2628 animadvertit

90 2649 197 2712 hostes
228 2648 312 2712 circa
338 2648 457 2713 vallum
483 2648 640 2734 trepidare
669 2657 770 2734 atque
790 2648 872 2714 ultro
906 2651 1046 2733 citroque

91 2731 224 2818 pavidos
247 2754 435 2797 concursare
458 2743 489 2798 et
509 2734 602 2798 modo
626 2757 660 2796 se
681 2737 763 2798 intra
784 2745 889 2818 portas
906 2736 1046 2819 recipere
1095 2751 1102 2758 ’

4 2863 5 2870 1
91 2816 184 2882 modo
220 2818 435 2882 inconstanter
469 2819 735 2904 immoderateque
771 2820 906 2904 prodire.
941 2818 1047 2898 Quum

91 2901 176 2966 idem
205 2923 224 2964 a
249 2902 391 2987 pluribus
421 2903 627 2968 animadverti
656 2913 797 2990 coeptum
827 2913 919 2986 esset,
936 2903 1046 2968 subite

92 2987 188 3088 legati
219 2990 403 3074 evocatique
433 2988 599 3054 obsecrare
622 2988 799 3074 Caesarem,
822 3013 863 3054 ne
891 2989 1048 3054 dubitaret

93 3095 119 3136 sr
163 3095 215 3134 um
238 3072 332 3137 dare:
362 3075 527 3138 victoriam
550 3073 611 3137 sibi
631 3076 790 3160 propriam
813 3097 832 3138 a
853 3075 901 3138 dis
922 3077 1046 3140 immor·

90 3095 206 3222 talibus
239 3159 395 3243 portendi.
428 3157 603 3224 Dubitante
640 3158 776 3224 Caesare
812 3169 905 3244 atque
939 3181 1047 3223 eorum

92 3243 192 3306 studio
215 3242 440 3329 cupiditatique
462 3247 626 3308 resistente
656 3244 778 3330 sibique
807 3245 973 3329 eruptione·
990 3265 1046 3328 pu·

92 3331 180 3412 gnari
208 3351 271 3392 non
300 3327 426 3413 placere
457 3329 637 3394 clamitante
659 3339 690 3394 et
711 3331 821 3394 etiam'
836 3337 929 3414 atque
952 3331 1043 3392 etiam

93 3414 189 3476 aciem
212 3422 407 3478 sustentante
429 3413 533 3478 subito
556 3414 666 3480 dextro
681 3437 779 3479 cornu
794 3414 915 3476 iniussu
931 3413 1045 3477 Caesa·

92 3498 133 3561 ris
154 3497 282 3562 tubicen
304 3521 323 3562 a
344 3498 494 3563 militibus
525 3509 650 3564 coactus
681 3521 793 3564 cauere
816 3499 926 3582 coepit.
971 3496 1042 3576 Quo
