2562 3970
493 241 739 308 PRAEFATIO
954 233 1094 303 Lxxxt

145 419 256 494 maes
284 419 436 494 dissipari
460 421 553 479 iussit
573 434 780 495 peponesque
809 424 837 476 et
866 417 1038 491 oppidanos
1067 415 1097 472 in

148 505 197 566 tos
219 505 296 564 loeis
319 505 494 563 oooasari:
517 515 557 576 at,
578 507 641 564 sine
663 506 778 564 amicas
799 505 862 561 siae
879 503 1019 561 inimicas
1036 500 1099 560 Do-

146 592 249 652 aazias
270 606 324 648 eos
346 593 506 660 onpastios
528 593 681 659 transiret,
705 590 784 648 adsit
802 589 838 647 de
860 588 985 647 insidiis
998 587 1099 660 sospi-

148 681 283 750 sorem,
308 691 396 748 wan
418 677 449 732 in
471 679 558 749 apris
581 682 610 734 et
625 691 745 751 pecora
765 681 794 734 et
808 675 942 732 nomines
964 671 1099 732 animad-

149 765 279 820 verteret
291 762 411 818 versari
426 769 573 835 tamqnam
592 764 754 820 amicornm
770 761 917 828 aduentu,·
939 760 1000 816 sin
1018 764 1051 816 at
1068 758 1097 814 in

149 846 279 905 dodinae
297 848 377 916 fines
398 848 519 907 veniret.
538 848 660 922 mnodo
682 846 855 919 diripienda
878 844 985 902 milites
1008 843 1100 900 dissi·

148 937 298 1006 parentur
320 931 513 1005 dispersique
535 933 742 990 caederentur.
771 923 920 1009 Plerique
950 921 1100 988 editores:

149 1017 188 1074 si
194 1032 215 1073 n
230 1029 334 1088 aero,
350 1022 383 1074 at
394 1017 425 1074 in
440 1017 658 1087 nostinmfines
671 1024 736 1076 cett.
750 1010 958 1094 scr-ipsemnt3
974 1010 1006 1071 in
1018 1006 1101 1070 eodi-

147 1095 243 1160 ‘cibus
269 1095 341 1158 Par.
379 1117 441 1160 sec.
471 1097 558 1160 Leid.
589 1119 637 1182 pr.
668 1095 759 1160 Scal-
785 1095 878 1158 Vasc.
901 1115 961 1158 nec
983 1114 1047 1158 non
1068 1093 1101 1154 in

149 1179 246 1244 vind.
270 1188 418 1245 aduentus
439 1195 471 1244 at
492 1191 523 1246 in
553 1189 681 1246 nostiam
706 1189 784 1258 fines
814 1178 969 1264 leguntur.
1003 1176 1100 1240 Plura

150 1262 285 1330 mumvit
311 1265 542 1350 Nipperdeius,
580 1268 634 1354 qui
667 1281 762 1351 quum
800 1264 898 1330 altera
927 1264 1101 1328 sententiae

150 1373 227 1500 pars
257 1373 276 1414 a
303 1350 411 1414 verbis
440 1366 473 1416 nt
494 1360 524 1416 in
547 1360 675 1417 hostiam
694 1361 773 1428 dats
795 1358 910 1416 reniret
930 1349 1100 1434 inciperet,

173 1457 214 1500 uc
236 1437 330 1500 etiam
351 1437 575 1504 transferenda
591 1460 662 1502 esse
689 1439 811 1500 censuit
831 1434 931 1500 verba
959 1442 1023 1498 sive
1045 1441 1102 1496 iai-

147 1529 255 1596 micas,
273 1543 354 1605 quae
369 1544 473 1606 supra,
489 1523 544 1586 ubi
558 1525 591 1586 in
607 1523 767 1589 codicibus
783 1522 970 1605 legerentur,
992 1519 1101 1603 inepta

146 1615 268 1670 sesceni.
301 1606 345 1668 At
374 1628 470 1692 quum
499 1607 621 1672 scribit:
653 1621 699 1682 at,
729 1615 808 1672 siae
836 1613 980 1671 amicas
1004 1609 1103 1668 Domi-

152 1700 213 1757 tius
235 1712 289 1758 aas
311 1701 469 1771 aapastics
493 1701 647 1768 transiret,
676 1701 754 1758 niisii
782 1699 818 1757 de
846 1699 970 1756 insidiis
999 1695 1102 1768 suspi—

147 1789 285 1858 caretur,
309 1799 374 1842 eum
398 1785 428 1842 in
452 1787 539 1856 apris
562 1792 590 1844 et
610 1801 725 1859 pecora
747 1790 775 1843 et
802 1785 936 1842 domines
964 1781 1102 1840 animad-

152 1875 282 1928 aertcret
313 1872 433 1928 uersari
464 1876 612 1942 tamqnam
645 1873 808 1929 amicornm
841 1870 989 1936 adversm
1021 1867 1056 1922 si
1062 1881 1103 1922 oe

147 1955 338 2013 inimicas
367 1961 400 2012 at
427 1957 457 2012 ia
487 1957 615 2014 hostiurn
638 1958 716 2025 fines
743 1957 865 2026 veniret,
885 1954 1005 2028 proedo
1028 1951 1103 2009 diri·

112 2037 114 2044 '
149 2041 266 2114 pieado
287 2041 394 2099 milites
423 2042 647 2115 dissiparentur
677 2042 868 2115 dispersique
896 2039 1103 2104 caederentur,

152 2118 295 2182 -haec
324 2119 390 2182 fere
419 2122 575 2184 sententia
597 2121 715 2202 evadit,
739 2119 934 2184 Pharnacem
957 2117 1016 2180 hac
1038 2125 1104 2178 tan-

147 2212 220 2268 nrm
243 2204 429 2285 conditione,
453 2205 480 2268 si
502 2205 659 2270 Domitius
682 2214 795 2270 amiens
818 2204 979 2288 angustias
1004 2211 1104 2264 trans-

153 2291 231 2371 iret,
265 2311 336 2352 eum
367 2289 406 2354 de
428 2290 551 2353 insidiis
581 2291 747 2376 quicquam
775 2290 930 2374 suspicari
955 2286 1104 2365 noluisse,

145 2397 252 2462 -quum
274 2375 368 2438 etiam
390 2374 461 2458 plus
483 2375 656 2440 Pharnacis
678 2377 833 2441 interesse
863 2373 1008 2452 deberet,
1038 2370 1103 2434 Do-

152 2461 277 2534 mitium
299 2459 377 2522 nihil
392 2462 518 2542 sentire,
543 2483 639 2546 quum
654 2460 1008 2537 inimicas-adventaret3
1031 2479 1106 2519 narn

143 2546 200 2608 'ita
221 2545 346 2610 demum
369 2545 500 2611 alterum
522 2545 609 2626 illud,
633 2546 715 2610 effici
733 2547 841 2632 potuit
866 2554 900 2608 ut
920 2543 1038 2629 praeda
1060 2541 1105 2604 di-

143 2630 302 2716 ripienda
314 2630 426 2692 milites
439 2631 667 2716 dissiparentur
678 2632 876 2717 dispersique
889 2629 1105 2696 caederentur.

143 2715 268 2800 itaque
291 2725 419 2800 praeter
442 2718 589 2779 omissam
609 2716 697 2780 illam
712 2715 898 2802 particulam
914 2723 960 2778 sin
984 2711 1108 2796 reliqua

151 2801 323 2865 sanissima
345 2822 414 2864 esse
436 2801 549 2865 iudica.

222 2884 378 2971 Corrupta'
401 2895 482 2968 sunt,
507 2909 587 2972 quac
609 2909 637 2950 c.
659 2887 703 2950 40
723 2889 757 2950 in
779 2885 869 2951 libris
885 2884 1045 2969 leguntur:
1070 2889 1108 2946 Aa

143 2976 287 3040 ‘Pontica
320 2995 359 3035 ere
386 2979 482 3036 attera
507 2985 598 3052 parte
625 2979 714 3050 tepio,
745 2995 832 3052 qoam
852 2979 976 3050 poulain
998 2989 1106 3034 aversa

154 3061 295 3121 hostibus
317 3065 466 3133 cessisset,
487 3063 605 3136 fossam
627 3069 723 3122 aretem
738 3065 900 3122 circumire
922 3063 1031 3120 acies
1054 3073 1106 3116 se·

155 3148 280 3206 cando
311 3156 421 3206 conato
454 3153 548 3224 esset,
578 3155 610 3206 at
637 3159 742 3223 aperto
770 3150 865 3207 tatere
887 3147 1108 3220 adpenderetur

156 3233 287 3300 hasten,
311 3235 342 3290 in
369 3234 437 3307 ipso
461 3235 591 3292 transita
617 3233 722 3307 fassae
744 3237 867 3304 confisa
899 3241 926 3292 et
958 3244 1107 3306 oppressa

158 3325 213 3376 est.
247 3310 490 3398 Oudendorpius
514 3335 584 3376 cum
607 3313 769 3399 Scaligero
800 3322 883 3378 acies
913 3309 1106 3386 deleverunt,

148 3393 367 3486 ¹Nipperdeius
390 3420 427 3462 oc
450 3405 665 3463 transcendere
691 3401 808 3484 posuit3
833 3419 891 3484 ego
907 3418 1034 3473 accessa
1061 3415 1108 3458 se-

155 3490 259 3548 cunda
282 3483 423 3568 scripsi..
