2562 3966
396 181 530 250 COMM.
552 184 614 249 VII
636 184 729 250 OAP,
751 181 887 246 ctu-oo
1057 181 1114 246 lot

168 375 261 440 quem
282 355 364 417 inter
387 377 459 421 suos
482 378 519 422 eo
535 357 585 420 die
608 353 726 420 dixisse
749 352 913 419 constabat
935 355 1066 419 menan
1088 378 1123 420 so

167 439 415 504 Avaricensibus
429 443 578 526 praemiis
596 461 700 525 neque
715 441 962 520 commissurum,
985 451 1021 503 ut
1034 443 1121 526 prius

168 526 335 612 quisquam
356 547 482 590 murum
503 525 696 607 ascenderet,
720 537 783 589 tres
806 545 879 587 suos
893 534 1005 588 nactus
1024 526 1122 590 mani·

190 609 293 674 ulares
323 619 417 696 atque
449 610 489 676 ab
512 613 550 674 iis
588 609 770 674 sublevatus
804 631 929 672 murum
964 611 1121 675 ascendit:

168 633 225 760 bos
247 697 314 780 ipse
337 718 445 760 rursus
469 696 608 782 singulos
621 704 791 780 exceptans
806 696 839 758 in
852 716 979 760 murum
1000 696 1121 760 extulit.

231 781 282 842 48.
306 782 432 845 Interim
460 784 493 864 ii,
517 784 571 868 qui
592 781 633 845 ad
654 780 785 844 alteram
807 790 929 865 partem
950 781 1066 866 oppidi,
1089 794 1123 845 ut

168 887 266 950 supra
277 865 569 948 demonstravimus,
585 866 765 930 munitionis
788 885 884 928 causa
901 878 1121 947 convenerant,

166 953 269 1037 primo
293 951 439 1017 exaudito
469 952 614 1033 clamore,
643 951 718 1015 inde
747 952 841 1014 etiam
863 950 983 1014 crebris
1005 953 1122 1015 nuntiis

167 1037 296 1118 incitati,
320 1036 470 1121 oppidum
493 1059 512 1100 a
533 1037 682 1101 Romanis
704 1036 814 1118 teneri,
837 1037 1017 1120 praemissis
1038 1038 1121 1123 equi·

167 1120 252 1185 tibus
275 1143 390 1206 magno
414 1143 568 1186 concursu
598 1144 635 1186 eo
663 1121 900 1186 contenderunt
949 1121 1068 1187 Eorum
1087 1135 1123 1186 nt

168 1207 300 1293 quisque
315 1209 433 1292 primus
448 1217 587 1289 venerat,
604 1207 662 1270 sub
678 1229 766 1272 muro
779 1206 971 1270 consistebat
982 1230 1122 1273 suorum-

168 1315 229 1378 que
250 1294 458 1377 pugnantium
484 1315 651 1357 nnmerum
674 1291 818 1376 augebat
863 1289 1005 1368 Quorum
1028 1315 1122 1379 quum

167 1399 284 1461 magna
312 1376 477 1442 multitudo
504 1378 713 1459 convenisset,
742 1377 1015 1460 matresfamiliae,
1043 1401 1123 1464 quae

167 1461 262 1548 paulo
285 1471 358 1526 ante
379 1463 528 1528 Romanis
544 1464 584 1527 de
600 1485 689 1527 muro
711 1483 822 1532 manns
844 1461 1026 1545 tendebant,
1051 1485 1123 1528 suos

167 1547 317 1612 obtestari
339 1557 370 1612 et
390 1570 478 1613 more
501 1547 623 1614 Gallico
645 1569 773 1633 passum
796 1545 944 1632 capillum
967 1558 1123 1613 ostentare
1215 1582 1219 1593 ·

167 1631 347 1732 liberosque
373 1635 632 1719 inconspectum
660 1633 801 1719 proferre
823 1643 1003 1716 coeperunt.
1046 1633 1124 1697 Erat

167 1717 316 1782 Romame
338 1741 399 1782 nec
414 1718 483 1784 loco
497 1741 558 1783 nec
571 1740 702 1782 numero
718 1738 820 1803 aequa
834 1721 1007 1802 contentio,
1031 1718 1123 1785 simul

169 1809 201 1867 et
222 1825 316 1866 cursu
338 1813 370 1867 et
391 1807 638 1891 spatio-pugnae
653 1802 814 1888 defatigati
828 1822 893 1866 non
902 1802 999 1868 facile
1014 1825 1122 1868 recen·

166 1897 215 1952 tes
238 1897 332 1974 atque
352 1891 491 1974 integros
514 1889 718 1954 sustinebant.

232 1973 284 2036 49.
308 1972 440 2057 Caesar,
471 1998 567 2062 quum
588 1976 697 2060 iniquo
726 1972 795 2038 loco
816 1975 952 2060 pugnari
973 1973 1122 2038 hostium·

189 2081 229 2122 ne
252 2060 361 2143 augeri
376 2063 482 2145 copias
500 2060 631 2142 videret,
647 2071 866 2144 praemetuens
883 2061 947 2122 suis
962 2059 1003 2122 ad
1018 2059 1123 2124 Titum

168 2082 311 2208 dextium
333 2143 483 2229 legatum,
512 2167 606 2231 quem
631 2144 804 2209 minoribus
832 2146 943 2208 castris
965 2144 1122 2230 praesidio

166 2228 352 2313 reliquerat,
389 2232 490 2312 misit,
528 2240 563 2294 ut
592 2230 737 2295 cohortes
767 2251 808 2292 ex
836 2232 948 2293 castris
979 2229 1122 2295 celeriter

168 2314 316 2378 educeret
337 2322 369 2377 et
391 2314 448 2379 sub
470 2315 578 2380 infimo
597 2315 676 2379 colle
692 2313 733 2378 ab
749 2315 860 2379 dextro
876 2313 973 2378 latero
988 2314 1122 2379 hostium

168 2401 389 2483 constitueret,
417 2411 467 2484 ut,
491 2402 518 2465 si
546 2410 673 2466 nostros
706 2398 775 2464 loco
806 2399 953 2485 depulsos
982 2401 1122 2480 vidisset,

167 2507 229 2632 puo
262 2487 365 2548 minus
401 2484 501 2550 libere
540 2485 646 2550 hostes
688 2485 944 2633 insetpuerentur,
980 2495 1123 2550 terreret.

184 2592 240 2718 ppo
270 2569 398 2654 paulum
431 2594 473 2636 ex
502 2594 539 2636 eo
568 2570 637 2642 loco
667 2593 737 2635 cum

786 2573 898 2654 egione
925 2591 1123 2719 progressus,

167 2677 188 2718 u

212 2655 223 2716 i
245 2657 437 2740 constiterat,
461 2666 608 2721 eventum
629 2677 754 2742 pugnae
777 2665 925 2741 exspecta
948 2667 988 2719 at.

232 2740 283 2803 50.
307 2740 413 2820 Quum
434 2744 586 2806 acerrime
602 2743 776 2805 comminus
791 2753 994 2826 pugnaretur,
1017 2741 1124 2806 hostes

168 2823 237 2890 loco
267 2833 298 2888 et
326 2849 472 2909 numero,
499 2829 600 2892 nostri
631 2829 747 2890 virtute
783 2825 992 2909 confiderent,
1021 2825 1123 2890 subito

168 2920 242 2973 sunt
263 2909 389 2975 Haedui
410 2913 471 2976 visi
493 2911 532 2976 ab
555 2912 653 2976 latere
674 2913 789 2975 nostris
812 2920 930 2997 aperto,
954 2934 1032 2998 quos
1045 2910 1124 2974 an-

168 3017 221 3058 sar
243 2994 283 3058 ab
306 2995 419 3060 derna
439 3007 529 3083 parte
551 2997 612 3060 alio
635 3019 770 3060 ascensu
791 3019 903 3060 manns
926 2994 1123 3062 distinendae

167 3102 264 3144 causa
285 3082 424 3146 miserat.
460 3083 505 3146 Hi
527 3081 730 3146 similitudine
746 3103 904 3147 armorum
918 3084 1123 3147 vehomenter

165 3176 291 3230 nostros
323 3177 573 3250 perterruerunt,
607 3189 645 3230 ac
676 3171 803 3232 tametsi
837 3167 957 3232 dextris
984 3164 1124 3231 humeris

167 3251 302 3314 exsertis
330 3251 677 3334 animadvertebantur,
708 3255 793 3336 quod
824 3254 948 3335 insigne
976 3260 1123 3338 pacatum

165 3357 236 3399 esse
260 3347 442 3420 consuerat,
465 3349 570 3404 tamen
598 3337 633 3400 id
660 3341 765 3422 ipsum
792 3340 841 3402 sui
868 3337 999 3403 fallendi
1029 3357 1124 3400 cansa

163 3420 282 3486 milites
316 3421 356 3486 ab
389 3422 532 3490 hostibus
565 3424 680 3487 factum
715 3421 945 3488 existimabant.
1001 3421 1124 3487 Eodem
