2562 3966
182 195 241 259 158
434 197 494 260 DE
516 195 659 260 BELLO
682 195 874 262 GALLIOO

181 375 248 430 erat
269 364 453 452 appellatus,
476 388 548 430 cum
569 387 684 452 magno
705 355 986 452 equitumsuorum
1001 389 1136 432 numero·

181 459 212 514 et
254 473 311 514 uos
334 474 374 516 ex
395 450 566 537 Aquitania
593 452 786 517 conduxerat
818 451 859 518 ad
881 474 952 516 eum
974 453 1130 536 pervenit.

234 473 294 600 32.
328 534 447 600 Caesar
475 535 604 600 Avmici
626 536 802 621 complures
834 536 902 601 dies
924 547 1132 602 commoratus
1197 543 1201 550 '

180 641 397 707 summamque
411 619 456 684 ibi
471 622 593 707 copiam
604 621 752 688 frumenti
768 633 799 686 et
811 622 924 706 reliqui
941 632 1132 687 commeatus

181 716 312 770 nanctus
341 707 514 770 exercitum
548 729 589 772 ex
615 705 723 770 labore
752 719 844 791 atque
877 709 984 792 inopia
1012 707 1131 770 refecit.

181 789 248 854 lam
276 813 374 877 prope
396 790 499 856 hieme
521 791 666 856 confecta
689 813 783 876 quum
805 793 873 878 ipso
896 793 971 855 anni
991 801 1132 877 tempore

181 874 222 938 ad
244 876 414 962 gerendum
444 873 561 940 bellum
589 887 754 942 vocaretur
779 886 813 942 et
832 875 872 940 ad
897 877 1018 940 hostem
1040 875 1132 962 profi-

182 961 256 1024 cisci
278 963 498 1041 constituisset,
531 962 598 1024 sive
626 983 696 1024 eum
726 983 765 1026 ex
793 961 959 1046 paludibus
982 961 1132 1048 silvisque

182 1044 295 1109 elicere
318 1048 384 1110 sive
407 1046 569 1111 obsidione
590 1069 733 1132 premere
755 1056 870 1130 posset,
894 1046 993 1131 legati
1004 1046 1046 1110 ad
1060 1067 1133 1110 eum

181 1132 339 1216 principes
367 1131 571 1198 Haeduorum
597 1132 729 1194 veniunt
760 1142 895 1213 oratum,
928 1143 962 1194 ut
993 1133 1131 1196 maxime

181 1216 360 1280 necessario
389 1226 529 1302 tempore
559 1216 676 1280 civitati
704 1215 882 1281 subveniat:
914 1238 1034 1281 summo
1062 1237 1132 1280 esse

182 1301 215 1363 in
246 1300 386 1385 periculo
418 1324 501 1382 rem,
536 1301 633 1386 quod,
668 1324 761 1387 quum
790 1300 905 1386 singuli
932 1302 1131 1386 magistratus

183 1386 353 1472 antiquitus
388 1389 489 1450 creari
521 1397 615 1471 atque
647 1387 766 1470 regiam
797 1395 984 1471 potestatem
1016 1408 1133 1450 annum

183 1469 322 1535 obtinere
345 1481 564 1552 consuessent,
588 1471 650 1538 duo
671 1473 887 1556 magistratum
909 1480 1020 1556 gerant
1045 1480 1076 1534 ct
1098 1493 1132 1534 se

183 1564 314 1640 uterque
336 1576 442 1619 eorum
466 1555 588 1642 legibus
618 1566 757 1623 creatum
783 1579 852 1621 esse
875 1557 967 1620 dicat
1011 1555 1132 1619 Horum

184 1661 252 1703 esse
275 1639 407 1705 alterum
430 1640 718 1724 Conuictolitauem,
742 1641 905 1708 florentem
927 1651 958 1706 et
979 1640 1132 1706 illustrem

184 1725 431 1808 adolescentem,
461 1725 594 1796 alterum
623 1725 750 1810 Cotum,
776 1729 993 1813 antiquissima
1015 1726 1134 1790 familia

183 1819 290 1874 natum
319 1823 412 1898 atque
440 1813 544 1896 ipsum
571 1811 732 1878 hominemx
756 1834 895 1878 summae
916 1814 1074 1897 potentiae
1104 1814 1134 1874 et

183 1919 317 1980 magnae
340 1898 544 1980 cognationis,
568 1898 658 1964 cuius
678 1897 776 1964 frater
791 1897 973 1964 Valetiacus
990 1898 1133 1982 proximo

184 2003 267 2044 anno
297 1981 430 2046 eundem
456 1985 508 2046 r'na
530 1983 672 2050 istratum
699 1985 840 2066 gesserit.
876 1981 1042 2049 Civitatem
1065 2003 1135 2045 esse

185 2087 308 2129 omnem
323 2069 356 2129 in
373 2069 483 2149 armis;
506 2006 640 2136 divisum
653 2079 805 2150 senatum,
825 2067 958 2132 divisum
975 2065 1133 2150 populum,

185 2171 257 2212 suas
291 2153 442 2237 cuiusque
475 2175 589 2218 eorum·
617 2152 788 2220 clientelas.
834 2151 927 2232 Quod
960 2153 986 2214 si
1019 2151 1134 2215 diutius

185 2232 287 2297 alatur
309 2241 528 2320 controversia,
551 2239 625 2319 fore,
648 2239 693 2300 uti
715 2260 788 2323 pars
810 2259 882 2302 cum
896 2247 986 2322 parte
1001 2236 1135 2298 civitatis

185 2319 342 2405 confligat
376 2320 413 2385 Id
440 2346 480 2388 ne
508 2323 644 2406 accidat,
670 2324 805 2407 positum
827 2324 860 2385 in
882 2325 949 2386 eius
972 2320 1135 2404 diligentia

186 2413 278 2492 atque
301 2409 492 2472 auctoritate.

248 2491 299 2554 33.
334 2490 465 2576 Caesar,
500 2493 558 2557 etsi
587 2517 607 2561 a
634 2491 717 2558 bello
741 2500 835 2578 atque
860 2490 949 2556 hoste
972 2491 1136 2558 discedere

185 2573 443 2642 detrimentosum
459 2600 527 2642 esse
543 2576 751 2658 existimabat,
773 2586 878 2642 tamen
892 2599 956 2642 non
976 2577 1136 2664 ignorans,

186 2672 303 2745 quanta
330 2685 370 2726 ex
391 2660 636 2728 dissensionibus
665 2660 864 2732 incommoda
892 2663 966 2726 oriri
991 2683 1137 2728 consues-

186 2756 327 2828 sentus
349 2757 436 2811 tanta
463 2757 494 2811 et
520 2756 585 2810 tam
607 2749 774 2814 coniuncta
794 2746 910 2833 populo
932 2747 1073 2812 Romano
1096 2749 1137 2812 ci·

186 2833 275 2914 vitas,
299 2855 391 2919 quam
413 2832 481 2917 ipse
504 2853 630 2920 semper
657 2832 785 2897 aluisset
814 2832 1021 2919 omnibusque
1042 2833 1137 2898 rebus

187 2928 337 2998 ornasset,
361 2916 402 2980 ad
422 2918 486 2980 vim
508 2925 603 3004 atque
624 2940 713 2984 arma
741 2918 954 3001 descenderet,
983 2929 1076 3004 atque
1100 2941 1138 2982 ea

187 3025 269 3088 pars,
289 3005 369 3090 quae
388 3001 490 3066 minus
507 3002 687 3086 confideret,
713 3003 832 3070 auxilia
846 3027 866 3066 a
879 3002 1138 3088 Vercingetorige

187 3098 378 3172 arcesseret,
412 3087 485 3152 huic
511 3089 559 3152 rei
585 3089 848 3174 praevertendum
877 3089 1068 3154 existimavit
1096 3100 1137 3170 et,

188 3174 270 3261 quod
297 3173 420 3260 legibus
452 3173 654 3239 Haeduorum
686 3174 742 3256 iis,
777 3174 830 3260 qui
859 3184 1014 3240 summum
1042 3174 1137 3258 magi-

188 3270 317 3323 stratum
340 3259 524 3342 obtinerent,
548 3260 703 3324 excedere
731 3281 771 3322 ex
797 3259 912 3324 finibus
934 3281 999 3323 non
1020 3257 1138 3346 liceret,

187 3366 227 3407 ne
256 3345 330 3429 quid
358 3345 397 3410 de
426 3347 494 3407 iure
522 3353 577 3408 aut
605 3343 644 3408 de
673 3344 795 3430 legibus
819 3367 925 3409 eorum
948 3344 1140 3408 deminuisse

189 3427 363 3514 videretur,
397 3431 520 3516 ipsein
549 3428 698 3496 Haeduos
728 3430 885 3516 proficisci
913 3430 1020 3493 statuit
1050 3451 1139 3492 sena·
