2532 3968
360 207 495 304 norm.
519 211 597 276 vm
619 209 713 278 our.
738 212 829 277 1-s.
1011 211 1074 278 raa

118 381 259 446 avinus
286 390 340 449 aut
366 382 499 468 privatis
527 381 585 446 hos
607 383 670 448 iliis
700 382 812 448 confisi
840 391 894 449 aut
923 385 1074 451 sociemc

117 465 318 532 consiliorum
330 465 547 552 contigerant
591 478 711 534 rustra:
727 491 801 535 nam
813 467 936 534 Cacsar
947 473 1074 556 magnis

116 551 279 620 itineribus
302 551 447 618 omnibus
469 551 549 616 locis
572 554 709 621 occurrit
728 575 789 619 nec
810 554 864 620 dat
882 554 940 619 ulli
955 557 1074 620 civitati

118 637 253 722 spatium
275 637 316 702 de
338 637 442 702 aliena
462 639 566 723 potius
600 661 694 724 quam
717 639 953 706 de'dornestica
974 640 1074 706 salute

116 721 290 808 cogitandi3
321 743 384 809 qua
407 722 575 801 celeritate·-
595 733 627 791 et
647 723 758 790 fideles
781 728 898 790 amicos
918 725 1075 792 retinebat

117 815 147 870 et
168 806 347 873 dubitantes
369 817 491 876 terrore
513 809 552 874 ad
569 809 764 875 conditiones
779 812 867 897 pacis
887 810 1072 876 adducebat

116 891 186 956 Tali
208 893 388 965 conditione
430 895 571 980 roposita
596 895 766 982 Bituriges,
788 919 885 982 quum
907 896 970 963 sibi
988 896 1079 976 ride·x

115 987 187 1044 rent
208 977 377 1044 clementia
427 981 545 1046 assuris
567 980 703 1048 reditum
724 989 834 1068 patere
853 983 888 1046 in
909 983 1073 1047 eiusami-

61 1118 62 1122 ,
116 1064 220 1128 citiam
242 1064 454 1152 finitimasque
477 1065 622 1130 civitates
644 1068 712 1132 sine
739 1065 808 1133 ulla
825 1089 928 1152 pocna
948 1067 1074 1132 dedisse

116 1147 242 1214 obsides
265 1159 359 1236 atque
380 1151 414 1220 in
435 1149 531 1216 fidem
545 1160 691 1238 receptas
714 1173 794 1234 esse,
816 1152 902 1218 idern
923 1151 1073 1218 iecerunt

178 1233 209 1298 4.
242 1233 364 1300 Caesar
384 1235 538 1302 militibus
558 1259 617 1322 pro
631 1245 719 1302 tanto
734 1237 842 1302 labore
858 1259 897 1302 ac
911 1238 1072 1323 patientia,

116 1321 171 1404 qui
197 1319 393 1386 brumalibus
422 1321 535 1388 diebus
563 1322 729 1389 itineribus
758 1322 960 1406 difficillimis,
981 1323 1073 1407 frigo·

25 1475 32 1486 ·
114 1403 202 1470 ribus
238 1405 445 1474 intolerandis
489 1407 724 1474 studiosissime
759 1419 999 1493 permanserant
1041 1409 1072 1472 in

115 1489 240 1572 labora,
274 1491 416 1558 ducenos
443 1494 617 1576 sestertios,
652 1493 886 1562 centurionibus
915 1503 961 1559 tot
988 1493 1074 1559 milia

114 1597 275 1642 nummum
297 1578 435 1664 praedae
459 1580 586 1643 nomine
616 1579 827 1644 condonanda
844 1578 1011 1664 pollicetur
1033 1578 1074 1642 le·

114 1661 325 1750 gionibusque
353 1664 387 1728 in
409 1663 554 1730 hiberna
569 1666 710 1730 remissis
739 1666 807 1750 ipse
830 1687 867 1729 se
887 1665 1000 1750 recipit
1024 1664 1074 1728 die

114 1753 160 1810 Xt
188 1748 348 1814 Bibracte.
392 1747 442 1814 Ibi
475 1769 572 1836 quum
603 1750 655 1814 ius
684 1749 811 1832 dicaret,
825 1823 828 1830 ¹
844 1749 1004 1835 Bituriges
1034 1749 1074 1814 ad

115 1855 187 1900 eum
213 1833 336 1920 legatos
362 1836 489 1899 mittunt
518 1835 672 1901 auxilium
699 1837 841 1922 petitum-
862 1843 972 1900 contra
1000 1833 1074 1900 Oar·

113 1928 217 2003 nutes,
243 1939 323 2006 quos
344 1919 488 1986 intulisse
510 1919 629 1990 bellum
651 1921 713 1986 sibi
734 1919 957 2008 querebantur.
1003 1919 1074 2002 Qua

9 2019 14 2024 '
113 2027 150 2070 rc
171 2027 208 2070 co
255 2007 315 2088 ta,
349 2029 447 2092 quum
463 2005 543 2070 dies
572 2029 636 2073 non
650 2006 795 2094 amplius
819 2006 930 2070 docem
952 2014 985 2070 et
1005 2014 1074 2070 octo

113 2091 148 2154 in
185 2091 217 2156 hi
242 2091 328 2156 ernis
357 2100 442 2156 esset
475 2101 632 2174 moratus,
666 2091 809 2178 legiones
829 2099 894 2154 XIV
921 2101 952 2162 et
977 2098 1010 2154 Vl
1034 2113 1075 2156 cx

113 2175 256 2242 hibernis
278 2175 320 2240 ab
341 2177 443 2242 Arare
466 2176 587 2260 educit,
615 2199 694 2264 quas
715 2177 761 2242 ibi
784 2176 953 2243 collocatas
977 2174 1074 2264 expli·

113 2261 238 2328 candae
258 2263 306 2326 rei
321 2261 547 2327 frumentariae
562 2284 661 2328 causa
674 2265 834 2349 superiore
849 2262 1073 2327 commentario

113 2346 364 2414 demonstratum
393 2357 457 2416 cst:
489 2348 533 2412 ita
568 2370 645 2416 cunr
670 2348 792 2412 duabus
824 2346 1001 2432 legionibus
1035 2348 1073 2410 ad

8 2502 16 2508 ,
112 2432 353 2520 persequendos
377 2431 534 2502 Carnutes
554 2435 774 2519 proficiscitur.

177 2517 208 2584 5.
243 2516 349 2596 Quum
369 2519 454 2584 fama
476 2519 634 2584 exercitus
657 2519 699 2582 ad
720 2519 827 2586 hostes
845 2527 930 2584 esset
941 2517 1071 2602 perlata,

112 2602 298 2670 calamitate
323 2613 499 2670 ceterorum
526 2603 613 2680 ducti
646 2603 802 2679 Carnutes
835 2603 969 2668 desertis
995 2603 1073 2668 vicis

112 2688 317 2776 oppidisque,
346 2713 428 2776 quae
461 2688 645 2756 tolerandae
659 2689 772 2757 hiemis
788 2711 886 2752 eausa
898 2688 1073 2754 constitutis

111 2783 247 2860 repente
268 2775 392 2860 exiguis
419 2775 460 2840 ad
481 2776 704 2840 securitatem
719 2775 871 2840 aedificiis
893 2773 1074 2838 incolebant

127 2881 231 2946 nuper
264 2861 348 2926 enim
370 2860 500 2924 devicti⁴
519 2859 683 2945 complura
715 2859 831 2946 oppida
863 2858 1072 2945 dimiserant),

135 2947 143 2962 ⁶
221 2945 459 3032 siproiugiunt
505 2944 626 3010 Cacsar
649 2955 848 3030 erumpentes
873 2965 912 3008 eo
935 2945 1074 3008 maxime

110 3039 257 3117 temporo
278 3033 448 3108 acemimas
470 3039 675 3116 tempestates
700 3053 798 3116 quum
827 3029 935 3096 subire
956 3027 1083 3115 milites,

110 3115 229 3199 nollet,
263 3117 297 3180 in
331 3115 446 3202 oppido
476 3113 651 3184 Carnumm
684 3114 817 3182 Genabo
850 3123 954 3182 castra
984 3115 1074 3200 ponit

110 3210 207 3288 atque
228 3203 262 3266 in
285 3211 372 3268 tecta
395 3202 510 3286 partim
540 3199 719 3283 Gallorum,
747 3201 865 3286 partim
894 3221 975 3286 quae
989 3217 1071 3262 ‘con-

110 3287 207 3358 iectis
226 3287 374 3354 celeriter
396 3286 574 3360 stramentis
596 3288 803 3350 tentoriorum
831 3283 1073 3372 integendorum

109 3374 218 3458 gratis
238 3381 330 3438 arant
348 3371 557 3453 inaedificata,
589 3369 705 3438 milites
728 3370 896 3456 compegit.
939 3368 1072 3456 Equites

108 3467 221 3524 tamen
243 3467 275 3524 et
297 3457 480 3522 auxiliarios
502 3455 626 3543 pedites
647 3457 681 3520 in
705 3476 815 3552 omnes
828 3463 942 3606 lpprtes
967 3455 1074 3550 mittit

153 3560 240 3604 Caeam.
