2490 3974
200 235 262 302 246
462 236 592 300 BELLI
612 233 908 300 HISPANIENSIS

200 406 274 470 bam
300 429 411 472 versus
439 408 599 506 prosecuti
627 415 701 470 sunt
721 427 785 486 eos,
814 405 868 490 qui
894 411 1108 484 commeatus
1148 403 1197 466 ad

200 500 305 556 castra
324 492 456 577 Pompei
477 513 518 553 ex
540 491 655 577 oppido
703 489 857 555 ortabant.
883 489 936 553 Ex
956 489 1006 552 his
1029 489 1145 574 capti
1174 497 1193 548 L

200 598 271 640 eum
292 578 439 642 iumentis
460 575 502 640 ad
522 586 630 641 nostra
651 515 779 640 altuni
799 584 873 638 sunt
893 573 1192 638 castra'Eodem

199 660 251 726 die
273 661 311 741 Q.
333 661 482 742 Marcius,
503 659 647 726 tribunus
666 660 800 725 militum
815 659 869 744 qui
882 659 991 724 fiiisset
1012 657 1189 744 Pompei,

199 746 240 810 ad
250 768 308 817 nos
323 745 506 832 transfugit;
518 754 550 810 et
559 747 660 811 noctis
671 747 765 810 tertia
778 743 928 829 vigiliain
939 741 1061 831 oppido
1077 765 1186 807 acer-

199 831 278 896 rime
288 840 461 917 pugnatum
474 839 532 914 est,
547 832 717 917 ignemque
724 829 858 894 multum
870 829 1024 894 miserunt
1033 829 1107 905 [sic
1120 839 1182 892 ut:

205 937 298 980 omne
311 939 412 1002 genus
425 923 550 981 telorum
561 915 675 1001 quibus
687 917 772 1000 ignis
790 936 847 1000 per
864 915 965 977 iactus
984 911 1109 976 solitus
1126 923 1183 976 est

199 1002 302 1082 mittit
327 1001 394 1067 Hoc
405 1000 573 1086 praeterito
588 1009 728 1085 tempore
741 999 839 1066 Gaius
849 997 1044 1078 Fundanius,
1061 1020 1179 1083 eques

198 1085 368 1166 Romanus,
392 1108 433 1150 ex
454 1085 563 1150 castris
586 1085 841 1150 adversariorum
861 1081 903 1147 ad
923 1105 981 1146 nos
1003 1082 1177 1167 confugit.

263 1171 312 1234 12.
334 1170 465 1235 Postero
488 1171 538 1234 die
560 1192 602 1234 ex
622 1170 747 1255 legione
757 1166 931 1234 vernacula
951 1165 1072 1230 milites
1091 1178 1177 1230 sunt

199 1257 282 1341 capti
304 1254 345 1319 ab
367 1255 523 1342 equitibus
544 1257 660 1320 nostris
682 1263 715 1335 Il,
743 1255 796 1340 qui
818 1252 965 1320 dixerunt
986 1274 1022 1315 se
1044 1275 1173 1340 servos

199 1362 279 1404 esse.
307 1337 412 1418 Quum
440 1340 593 1421 venirent,
624 1341 741 1426 cogniti
769 1348 842 1403 sunt
867 1360 887 1400 a
914 1335 1082 1420 militibus,
1110 1340 1172 1424 qui

198 1435 291 1490 antea
305 1447 376 1490 cum
396 1424 497 1490 Fabio
513 1433 545 1490 et
565 1425 663 1490 Pedio
678 1425 802 1489 fuerant
816 1433 847 1488 et
861 1421 1019 1488 Trebonio
1041 1420 1168 1508 [trans-

197 1509 363 1596 fiigerantl.
378 1509 436 1574 Eis
450 1509 492 1574 ad
506 1509 732 1597 ignoscendum
754 1507 842 1573 nulla
855 1507 989 1571 facultas
1004 1516 1054 1571 est
1071 1507 1166 1587 data,
1221 1555 1222 1582 t

199 1603 230 1659 et
251 1617 271 1658 a
291 1594 441 1660 militibus
463 1597 579 1660 nostris
600 1594 756 1660 interfecti
778 1602 860 1658 sunt.
891 1591 980 1656 Idem
1002 1595 1164 1677 temporis

199 1682 282 1765 eapti
302 1679 467 1762 tabellarii,
490 1682 545 1766 qui
565 1703 586 1744 a
615 1679 765 1745 Corduba
791 1678 832 1745 ad
857 1677 1044 1762 Pompeium
1065 1678 1164 1741 missi

199 1775 290 1828 erant
320 1787 549 1865 perperamque
581 1765 622 1830 ad
654 1774 762 1829 nostra
797 1771 902 1828 casua
931 1773 1160 1847 pervenerant,

197 1852 346 1935 praecims
368 1848 513 1914 manibus
526 1851 616 1914 missi
631 1859 704 1916 sunt
725 1849 809 1914 facti.
830 1848 905 1911 Pari
927 1845 1159 1912 consuetudine
1221 1867 1222 1888 i

197 1933 305 2020 vigilia
327 1935 467 2000 secunda
488 1957 529 1999 ex
551 1958 569 1999 o
592 1935 666 2021 pido
681 1935 787 2020 ignem
808 1931 939 1997 multum
954 1931 1156 2018 telorumque

197 2019 428 2084 multitudinem
458 1958 605 2086 iactando
636 2019 720 2084 bene
747 2040 897 2102 magnum
925 2025 1049 2101 tempus
1080 2039 1154 2082 eon·
1221 2049 1222 2064 π

198 2114 399 2190 sumpserunt
413 2104 653 2192 compluresque
664 2102 848 2186 vulneribus
860 2103 1041 2167 affecerunt.
1057 2101 1153 2166 Prae-

197 2191 288 2253 terito
321 2199 462 2274 tempore
493 2190 594 2254 noctis
628 2191 825 2275 eruptionem
857 2187 898 2251 ad
924 2185 1080 2272 legionem
1117 2195 1151 2248 Vl

198 2273 349 2356 fecerunt,
373 2297 470 2361 quum
490 2277 524 2338 in
547 2297 641 2360 opere
662 2274 763 2338 nostri
785 2271 913 2338 distenti
936 2281 1050 2352 essent,
1071 2273 1150 2336 acri-
1221 2291 1222 2328 ῑ

197 2368 308 2444 terque
336 2381 479 2444 pugnare
508 2369 695 2445 coeperunt3
725 2380 859 2445 quorum
886 2357 935 2420 vis
964 2378 999 2420 re
1021 2378 1149 2420 ressaa

197 2444 322 2524 nostris,
345 2446 404 2509 etsi
432 2443 582 2529 oppidani
608 2445 768 2530 superiore
797 2441 867 2508 loco
894 2441 986 2508 defen
1009 2439 1146 2518 citantur.
1221 2497 1222 2518 ,

197 2527 241 2590 Hi
256 2549 351 2613 quum
367 2531 562 2614 eruptionem
575 2530 680 2593 facere
702 2529 888 2613 coepissent,
910 2536 1016 2590 tamen
1036 2527 1146 2590 virtute
1221 2545 1222 2600 t

197 2611 330 2675 rnilitum
350 2623 537 2696 nostrorum,
561 2615 621 2678 etsi
648 2613 796 2678 inferiore
823 2611 892 2678 loeo
919 2610 1144 2696 premebantur,
1221 2609 1222 2684 Ῑ

197 2711 302 2762 tamen
337 2697 455 2783 repulsi
491 2699 666 2764 adversarii
700 2696 784 2764 bene
826 2693 932 2776 multis
968 2695 1143 2768 vulneribus
1221 2685 1222 2768 f

197 2783 301 2848 affecti
322 2784 355 2845 in
377 2781 525 2868 oppidum
548 2805 583 2847 se
605 2782 813 2849 contulerunt.

262 2867 311 2931 13.
333 2867 464 2932 Postero
480 2866 532 2934 die
546 2868 714 2954 Pompeius
730 2890 770 2936 ex
785 2871 897 2932 castris
908 2867 973 2932 suis
988 2865 1142 2930 brachium

198 2953 300 3037 eoepit
328 2951 369 3015 ad
397 2951 523 3034 flumen,
541 2952 684 3037 Salsum3
715 2962 746 3016 et
774 2975 870 3053 quum
897 2951 996 3017 nostri
1028 2952 1140 3036 equites
1221 2979 1222 3040 }

197 3039 288 3120 pauci
309 3037 343 3100 in
365 3039 497 3102 statione
518 3038 650 3102 fuissent
672 3060 692 3102 a
712 3037 856 3123 pluribus
878 3036 1003 3122 reperti,
1027 3034 1140 3099 desta
1221 3047 1222 3108 j

197 3121 282 3186 tione
317 3133 390 3186 sunt
424 3121 539 3187 deiecti
575 3131 606 3188 et
642 3123 738 3187 occisi
772 3130 849 3186 tres
884 3121 932 3185 Eo
965 3120 1016 3184 die
1048 3119 1138 3184 Aulus

197 3201 338 3292 Valgius,
355 3209 506 3272 senatoris
520 3205 613 3289 filius,
629 3209 717 3272 cuius
737 3208 834 3272 frater
847 3208 881 3270 in
896 3206 1006 3271 eastris
1020 3205 1138 3290 Pompei

197 3289 316 3372 fuisset,
339 3291 483 3356 omnibus
499 3293 568 3356 suis.
579 3292 675 3376 rebus
697 3291 816 3372 relictis
831 3313 947 3378 equum
969 3289 1138 3355 conscendit

198 3384 230 3440 et
250 3375 338 3461 fugit.
360 3375 546 3462 speculator
568 3377 607 3442 de
628 3375 752 3462 legione
780 3385 804 3441 ll
824 3376 1017 3462 Pompeiana
1038 3385 1135 3460 captus

197 3485 216 3527 a
237 3460 389 3526 militibus
412 3471 443 3525 et
457 3462 638 3528 interfectus
654 3462 878 3548 est3idemque
893 3462 1041 3547 temporis
1054 3461 1134 3546 glans
