2534 3970
167 133 170 138 .
350 122 354 133 ι
432 47 542 133 Ψ)

155 161 158 165 ’
189 208 198 226 ,
247 239 254 247 κ
285 159 301 226 ³ss
328 103 549 287 ebusan
570 199 664 264 αΑΡ.
687 199 823 264 ιιι-αα.
1027 201 1068 266 ol

115 393 188 436 cum
216 371 330 437 nostris
358 370 602 454 contendebant3
629 378 740 456 postca
765 369 849 436 vallo
875 372 993 458 pedum
1012 380 1069 436 .x11

113 457 146 520 in
180 459 314 522 circuitu
347 455 541 544 quindecim,
558 455 680 521 milium
713 453 896 543 crebrisque
929 457 1068 538 castellis

114 541 346 607 circummuniti
372 542 487 628 oppido
517 564 587 606 sese
613 541 825 607 continebant.
874 541 940 607 Ubi
965 545 1068 608 vineis

111 627 189 690 actis
213 649 330 714 aggere
357 636 515 692 exstructo
540 627 651 691 turrim
677 625 788 712 procul
814 628 961 692 constitui
980 627 1067 696 vide·

113 721 201 796 runt,
230 715 367 798 primum
394 712 526 780 irridere
547 735 603 776 ex
631 734 722 778 muro
757 720 850 798 atque
878 715 1067 800 increpitare

111 798 254 881 vocibus,
268 799 351 898 quod
369 808 457 864 tanta
470 797 661 864 machinatio
672 797 712 861 ab
724 806 811 862 tanto
822 797 923 882 spatio
934 799 1066 866 instruc·

111 892 209 948 retur:
257 883 424 948 urbusnam
449 883 594 948 manibus
623 892 677 947 aut
698 881 813 968 quibus
833 883 954 948 viribus
974 907 1065 971 praa-

113 969 218 1032 sertim
273 971 393 1034 omines
421 968 561 1034 tantulae
594 977 730 1033 sannae
765 967 852 1054 (nam
880 969 1065 1057 plenumque

111 1051 291 1118 homiuibus
312 1053 412 1120 Gadis
427 1077 504 1140 prae
523 1053 739 1138 magnitudine
754 1075 922 1139 corporum
937 1077 1065 1124 suorum

110 1135 249 1204 brevitas
276 1149 387 1204 nostra
415 1141 606 1225 contemptui
632 1138 693 1226 est)
715 1139 795 1202 tanti
821 1141 925 1204 oneris
953 1143 1065 1208 turrim

111 1223 141 1286 iu
161 1245 254 1290 muro
278 1247 349 1290 sese
371 1223 528 1290 collocare
551 1222 768 1290 confiderent?

170 1311 221 1374 31.
244 1310 311 1376 Ubi
332 1333 407 1376 vero
429 1311 551 1376 moveri
573 1319 604 1376 ct
626 1311 877 1396 appropinquare
899 1312 1063 1378 moenibus

111 1393 261 1479 videnmt,
285 1418 370 1461 nova
391 1405 486 1482 atque
506 1397 656 1460 inusitata
678 1395 783 1480 specie
806 1399 953 1462 commoti
977 1398 1063 1484 lega·

110 1486 155 1543 tos
186 1481 227 1545 sd
258 1480 430 1546 Caesarem
459 1480 499 1546 de
527 1502 606 1566 paee
633 1481 794 1562 miserrmt,
825 1483 879 1568 qui
908 1482 951 1547 ad
979 1484 1062 1549 bunc

110 1565 236 1630 modum'
265 1565 379 1632 locuti:
408 1589 472 1633 non
501 1567 683 1630 existimare
710 1565 869 1631 Romanos
906 1568 974 1632 sine
1003 1592 1062 1654 ope

109 1647 211 1716 divina
232 1650 355 1716 bellum
398 1673 496 1734 erere,
520 1653 574 1736 qui
595 1660 701 1716 tantae
717 1651 889 1716 altitudinis
903 1653 1061 1718 machina-

110 1735 203 1800 tiones
224 1746 316 1802 tanta
337 1675 495 1802 ceieritate
517 1758 702 1822 promovere
723 1746 864 1822 possent,
885 1760 919 1802 se
942 1760 1061 1826 suaque

109 1823 207 1886 omnia
234 1845 345 1888 corum
374 1825 521 1910 potestati
547 1824 731 1907 permittere
754 1822 910 1887 dixerunt.
956 1823 1061 1888 Unum

109 1915 210 1988 petere
237 1930 279 1972 ac
306 1907 485 1994 deprecari:
514 1909 541 1973 si
569 1907 649 1973 forte
677 1929 734 1992 pro
757 1929 815 1972 sua
835 1907 1003 1974 clementia
1023 1933 1061 1976 ac

108 1992 355 2077 mausuetudine,
378 2016 472 2080 quam
492 1994 555 2079 ipsi
575 1991 615 2057 ab
639 1991 710 2056 aliis
726 1992 878 2076 audirent,
902 1997 1060 2062 statuisset

108 2072 286 2142 Aduatucos
308 2101 379 2144 esse
408 2078 663 2159 conservandos,
692 2099 733 2142 ne
763 2100 797 2142 se
825 2081 921 2144 armis
949 2079 1058 2167 despo

108 2157 199 2226 liaret.
243 2162 316 2228 Sibi
345 2187 453 2229 omnes
482 2164 549 2230 fere
576 2163 725 2229 finitimos
753 2185 822 2227 osso
848 2165 991 2231 inimicos
1021 2189 1059 2232 ac

108 2265 178 2310 suae
197 2249 310 2313 virtuti
329 2249 489 2332 invider03
512 2271 533 2313 a
553 2248 666 2335 quibus
690 2270 724 2312 se
746 2248 914 2314 defendere
934 2251 1058 2315 traditis

109 2332 194 2396 armis
215 2357 281 2400 non
303 2344 441 2420 possent.
485 2334 553 2400 Sibi
572 2343 743 2422 praestare,
765 2334 793 2398 si
814 2337 847 2398 in
862 2357 934 2400 eum
949 2358 1058 2402 casum

109 2413 342 2502 deducerentur,
392 2423 515 2486 uamvis
548 2419 703 2484 fortunam
731 2419 888 2505 apopulo
916 2421 1057 2486 Romano

108 2503 182 2648 3⁸⁶²·
197 2527 292 2592 quam
315 2506 355 2570 ab
372 2444 426 2570 dis
448 2529 506 2592 per
520 2507 693 2572 cruciatum
708 2505 852 2582 interfici,
874 2507 955 2571 inter
978 2529 1056 2594 quos

127 2592 254 2654 ommari
275 2601 490 2657 consuessent.

164 2673 214 2737 32.
236 2675 290 2740 Ad
311 2676 391 2742 hacc
414 2675 532 2741 Caesar
554 2676 732 2762 respondit:
749 2675 796 2740 Se
810 2677 912 2762 magis
927 2698 1054 2742 consue-

108 2756 208 2824 tudine
230 2783 289 2826 sua
315 2783 410 2862 quam
438 2765 549 2828 merito
577 2784 686 2828 eorum
708 2762 867 2825 civitatem
882 2783 1054 2827 conserva

109 2849 212 2926 mrum,
236 2848 264 2910 si
283 2869 386 2933 prrus,
410 2870 505 2934 quam
518 2869 643 2914 murum
660 2848 747 2912 aries
758 2848 921 2932 attigisset,
945 2869 980 2912 se
1002 2847 1054 2912 de·

109 2923 268 2995 didissent:
303 2931 359 2996 sed
392 2933 560 2998 deditionis
588 2931 708 2998 nullam
737 2954 807 2998 esse
841 2931 1053 3010 conditionem

110 3012 163 3074 uisi
183 3017 276 3080 armis
298 3017 430 3082 caditis.
475 3017 517 3084 Sc
538 3019 581 3100 id,
608 3016 693 3104 quod
713 3020 746 3082 in
767 3017 893 3082 Nerviis
915 3017 1052 3101 iecisset,

111 3092 251 3197 facturum
279 3101 483 3190 finitimisque
509 3105 750 3188 imperaturum,
778 3124 819 3166 ne
842 3124 938 3251 {uam
967 3101 1052 3174 dedi-

110 3185 180 3246 ticiis
199 3185 307 3270 populi
327 3188 462 3254 Romani
482 3190 629 3254 iniuriam
647 3185 836 3264 inferrent&
872 3188 1053 3254 enuntiate

110 3264 145 3327 ud
164 3289 242 3352 suos,
265 3294 345 3358 quae
366 3275 604 3360 imperarentur,
631 3273 736 3338 facere
758 3273 913 3338 dixerunt.
929 3271 1052 3346 *Armo-

109 3367 170 3415 rum
193 3377 307 3441 magna
332 3358 604 3442 matutinatis
630 3381 720 3424 muro
746 3359 781 3422 in
807 3359 937 3440 fossam,
971 3379 1051 3446 quac

111 3445 171 3500 erat
188 3449 260 3505 ante
274 3443 432 3530 oppidum.
453 3447 547 3528 iacta,
570 3448 616 3510 sic
635 3453 671 3510 ut
688 3465 786 3530 prope
796 3465 956 3588 pummam
969 3446 1051 3508 muri
