2538 3978
343 239 479 305 OOMM.
502 239 550 303 111
573 240 666 304 OAP.
691 239 866 304 lto-112.
1021 237 1081 302 137

123 411 159 474 lit
182 410 425 476 dimicationem.
463 410 565 476 Simul
596 415 684 478 enirn
701 409 837 475 diductis
860 410 958 496 copiis
976 409 1084 495 pluri·

125 497 184 560 lus
208 497 268 560 viis
290 497 503 582 pugnabatur,
538 507 583 562 et.
601 519 717 580 magna
749 495 949 559 multitudine
983 517 1082 560 naves

123 579 235 667 longas
259 604 413 668 occupare
441 581 547 646 hostes
580 583 791 663 conabantur3
826 603 959 666 quarum
993 589 1084 644 erant

125 673 145 727 L
167 666 285 731 auxilio
315 669 433 744 missae
455 668 496 730 ad
517 669 703 752 Pompeium
725 667 908 753 proelioque
930 667 963 728 in
985 665 1083 730 Thes·

125 750 206 820 salia
227 752 309 816 lacto
331 753 459 817 domum
480 755 649 834 redierant,
672 752 746 815 illae
768 753 912 816 triremes
928 773 1036 815 omnes
1053 759 1084 816 et

127 838 370 922 quinqueremes
393 847 485 923 aptae
507 841 743 924 instructaeque
765 837 910 901 omnibus
932 835 1027 899 rebus
1042 835 1084 899 ad

127 922 352 1006 navigandum,
375 934 501 1009 praeter
522 925 580 988 has
603 931 688 1005 XXII,
713 945 793 1008 quae
815 922 966 1007 praesidii
988 943 1085 986 causa

77 1079 79 1083 ,
124 1006 343 1072 Alexandriae
359 1031 430 1072 esse
446 1019 644 1090 consuerant,
661 1018 838 1072 constratae
855 1030 981 1088 omnes3
1005 1029 1084 1093 quas

126 1093 155 1156 si
178 1095 427 1178 occupavissent,
466 1097 569 1159 classe
602 1094 732 1160 Caesari
765 1103 875 1178 erepta
901 1102 1024 1177 portum
1048 1113 1086 1156 ac

124 1200 214 1242 mare
248 1189 348 1242 totum
369 1182 403 1242 in
434 1201 491 1243 sua
523 1189 679 1266 potestate
712 1177 873 1259 haberent,
908 1185 1085 1242 commeatu

125 1262 317 1348 auxiliisque
339 1263 510 1330 Caesarem
544 1264 760 1350 prohiberent.
796 1263 901 1351 ltaque
928 1272 1016 1326 tanta
1038 1271 1085 1326 est

124 1350 326 1414 contentione
348 1359 462 1432 actum,
485 1361 603 1436 quanta
617 1351 670 1435 agi
684 1349 801 1430 debuit,
824 1372 920 1435 quum
935 1348 982 1412 illi
1005 1346 1085 1412 eele-

126 1455 193 1496 rem
216 1436 250 1496 in
271 1457 310 1497 ea
330 1457 365 1498 re
387 1437 560 1516 victoriam,
591 1435 623 1498 hi
646 1435 780 1498 salutem
803 1457 891 1504 suam
914 1434 1085 1500 consistere

124 1517 281 1582 viderent.
318 1519 382 1582 sed
414 1543 482 1584 rem
516 1521 650 1586 obtinuit
683 1519 802 1584 Caesar
835 1539 1008 1604 omnesque
1030 1541 1085 1582 eas

125 1625 226 1666 naves
250 1613 281 1666 et
302 1604 450 1690 reliquas,
474 1629 556 1692 quae
579 1616 669 1669 erant
689 1607 723 1668 in
737 1604 913 1686 navalibuS,
935 1603 1084 1686 incendit,
1182 1633 1185 1646 ¹

128 1687 213 1772 quod
234 1697 299 1752 tam
310 1689 373 1754 late
395 1693 477 1754 tueri
498 1714 599 1777 parva
620 1713 717 1755 manu
738 1713 803 1754 non
819 1698 957 1775 poterat,
980 1688 1085 1752 confe-

127 1774 264 1858 stimque
286 1775 327 1838 ad
347 1776 486 1839 Pharum
509 1777 644 1841 navibus
666 1775 783 1839 milites
806 1776 961 1860 exposuit.

194 1859 264 1922 112.
287 1859 409 1924 Pharus
432 1871 480 1926 est
494 1863 527 1924 in
541 1862 647 1926 insula
661 1863 757 1924 turris
772 1883 889 1944 magna
910 1859 1085 1942 altitudine,

127 1943 268 2008 mirificis
291 1968 310 2009 o
333 1945 438 2010 eribus
462 1957 638 2030 exstructa;
677 1969 757 2032 quae
780 1968 895 2010 nomen
918 1945 958 2009 ab
981 1944 1085 2008 insula

126 2031 260 2114 accepit.
303 1968 395 2094 llaec
426 2032 530 2096 insula
563 2033 688 2098 obiecta
719 2031 937 2096 Alexandriae
959 2041 1086 2116 portum
1141 2091 1152 2100 ,

129 2115 241 2197 efficit;
265 2115 321 2178 sed
336 2139 355 2178 a
370 2116 585 2202 superioribus
601 2117 782 2203 regionibus
803 2117 837 2179 in
859 2115 1087 2201 longitudinem

127 2221 279 2284 passuum
302 2207 415 2265 DCCCC
438 2204 471 2266 in
492 2225 579 2268 mare
602 2206 691 2268 iactis
721 2201 857 2267 molibus
881 2211 1015 2286 angusto
1038 2202 1086 2264 iti-

126 2307 203 2348 nere
226 2295 257 2349 et
278 2296 374 2371 ponte
396 2309 468 2352 cum
491 2289 606 2372 oppido
629 2289 839 2373 coniungitur.
872 2286 910 2349 In
932 2287 991 2350 hac
1014 2295 1086 2350 sunt

128 2370 233 2434 insula
255 2371 414 2435 domicilia
435 2372 667 2458 Aegyptiorum
690 2384 721 2438 et
741 2375 831 2436 vicus
847 2371 953 2458 oppidi
967 2372 1086 2456 magni·
1160 2411 1162 2416 ·

126 2455 253 2539 tudine;
277 2481 338 2542 quo
361 2457 416 2522 ubi
438 2480 656 2542 quaecumque
678 2481 776 2522 naves
799 2458 1010 2543 imprudentia
1032 2466 1086 2520 aut

126 2551 314 2626 tempestate
335 2544 465 2628 paulum
488 2567 544 2608 suo
567 2544 661 2608 eursu
683 2544 896 2625 decessertmt,
919 2543 977 2606 has
1000 2564 1086 2606 more

130 2627 326 2710 praedonum
350 2629 485 2713 diripere
509 2641 710 2693 consuerunt.
734 2629 778 2692 Iis
802 2641 905 2692 autem
927 2629 1043 2708 invitis,
1067 2650 1086 2691 a

130 2710 243 2797 quibus
266 2712 387 2776 Pharus
410 2723 544 2790 tenetur,
578 2737 642 2779 non
664 2725 768 2800 potest
791 2737 860 2778 esse
882 2723 1011 2798 propter
1033 2735 1086 2776 an-

127 2799 250 2881 gustias
272 2798 406 2862 navibus
429 2801 573 2863 introitus
596 2802 629 2863 in
651 2811 787 2885 portum.
824 2799 895 2862 Hoc
917 2808 982 2861 tum
1004 2799 1085 2861 veri·
1111 2834 1113 2838 Α

128 2893 179 2944 tus
203 2881 323 2947 Caesar
345 2884 488 2949 hostibus
504 2887 659 2970 inpugna
681 2887 840 2970 occupatis
863 2883 1015 2947 militibus
1031 2905 1086 2945 ex·

152 2970 238 3031 ositis
260 2968 397 3032 Pharum
412 2971 580 3054 prehendit
595 2981 689 3055 atque
705 2971 749 3033 ibi
763 2970 956 3055 praesidium
971 2969 1086 3054 posuit.

127 2991 252 3130 auibus
275 3063 322 3118 est
343 3053 438 3118 rebus
462 3057 616 3134 effectum,
639 3057 685 3118 uti
705 3065 771 3120 tuto
794 3057 984 3118 frumentum
999 3054 1086 3116 auxi-

129 3137 235 3224 liaque
258 3139 394 3204 navibus
417 3141 461 3204 ad
484 3165 557 3205 eum
581 3143 758 3225 supportari
784 3150 924 3226 possent.
959 3139 1088 3202 Dimisit

128 3226 213 3288 enim
236 3227 353 3290 circum
376 3247 485 3292 omnes
522 3227 694 3310 ropinquas
710 3228 889 3310 provincias
905 3234 998 3311 atque
1013 3224 1087 3287 inde

129 3308 248 3373 auxilia
270 3313 425 3375 evocavit.
448 3249 590 3397 Reliquis
614 3311 720 3395 oppidi
741 3311 884 3396 partibus
908 3311 954 3373 sic
969 3319 1017 3373 est
1030 3333 1086 3394 pu-

129 3405 268 3478 gnatum,
292 3405 327 3458 ut
349 3419 452 3482 aequo
468 3395 590 3481 proelio
607 3396 833 3477 discederetur,
857 3406 889 3458 et
902 3396 1007 3458 neutri
1022 3393 1087 3480 pel·

129 3479 268 3544 lerentur
306 3480 352 3567 (id
386 3482 567 3547 efficiebant
598 3482 765 3567 angustiae
797 3480 882 3566 loci),
917 3481 1088 3566 paucisque
