2538 3978
197 233 260 295 102
485 231 547 298 DE
569 233 712 298 BELLO
736 234 869 300 OIVILI

260 403 311 468 46.
337 402 454 468 Caesar
476 407 617 490 receptui
637 429 766 472 suorum
787 408 901 470 timens
923 415 1027 471 crates
1050 405 1091 469 ad
1105 427 1166 470 ex·

195 499 330 552 tremum
352 489 506 554 tumulum
529 502 638 555 contra
658 491 780 558 hostem
799 492 932 577 proferri
954 501 986 556 et
1007 491 1161 554 adversas

196 573 309 656 locari,
339 578 424 639 intra
450 575 507 638 has
540 577 691 641 mediocri
720 577 885 642 latitudine
917 577 1036 642 fossam
1067 575 1161 640 tectis

196 659 348 724 militibus
379 659 494 724 obduci
524 661 615 725 iussit
648 662 751 728 locum
774 687 813 728 ue
847 664 880 726 in
910 683 1018 728 omnes
1051 669 1159 744 partes

196 767 291 829 quam
313 747 451 809 maxime
473 747 628 831 impediri.
652 749 725 833 Ipse
739 688 862 813 idoneis
882 747 959 812 locis
982 745 1159 810 fimditores

194 831 353 912 instruxit,
377 841 411 896 ut
432 833 590 916 praesidio
605 832 720 898 nostris
743 857 777 898 se
799 832 1024 919 recipientibus
1041 839 1160 894 essent.

195 916 255 979 His
278 917 374 980 rebus
418 920 606 1002 comparatis
628 919 787 1005 legionem
808 919 919 983 reduci
940 919 1039 981 iussit.
1067 915 1163 978 Pom·

195 1003 302 1086 peiani
323 1002 383 1066 hoc
397 1002 583 1067 insolentius
599 1015 693 1090 atque
709 1005 860 1069 audacius
876 1014 1000 1069 nostros
1015 1023 1160 1087 premere

195 1097 226 1151 et
242 1089 360 1152 instare
383 1101 556 1174 coeperunt
572 1103 739 1176 cratesque
755 1115 812 1176 pro
829 1091 1002 1153 munitione
1018 1086 1161 1150 obiectas

193 1173 415 1258 propulerunt,
444 1185 478 1240 ut
504 1175 605 1240 fossas
634 1177 903 1241 transcenderent.
942 1171 1036 1254 Quod
1063 1193 1161 1258 quum

194 1259 469 1324 animadvertisset
492 1261 620 1342 Caesar,
643 1265 772 1345 veritus,
795 1285 836 1326 ne
859 1285 923 1326 non
945 1258 1077 1338 reducti,
1102 1255 1161 1320 sed

193 1345 304 1408 reiecti
325 1346 518 1428 viderentur,
542 1350 707 1432 maiusque
731 1349 955 1413 detrimentum
977 1351 1156 1429 caperetur,

157 1444 164 1461 ⁸
197 1452 217 1492 a
240 1431 343 1494 medio
371 1432 440 1497 fere
470 1435 570 1518 spatio
599 1456 672 1498 suos
695 1457 753 1519 per
780 1433 963 1514 Antonium,
988 1430 1041 1516 qui
1064 1429 1092 1492 ei
1114 1426 1159 1490 le-

197 1517 283 1598 gioni
311 1528 485 1602 praeerat,·
507 1519 687 1583 cohortatus
718 1519 795 1584 tuba
825 1521 950 1604 signum
972 1516 1042 1580 dari
1064 1523 1162 1598 atque

177 1603 228 1665 -in
251 1602 357 1666 hostes
380 1605 533 1688 impetum
564 1605 634 1668 fieri
660 1606 759 1668 iussit.
789 1605 904 1670 Milites
926 1601 1061 1688 legionis
1087 1606 1158 1670 Vltlt

185 1687 298 1752 subito
334 1691 506 1774 conspirati
538 1688 604 1774 pila
641 1692 844 1756 coniecemmt
878 1699 908 1754 et
941 1711 982 1751 ex
1009 1685 1157 1748 inferiore

194 1772 263 1838 loco
287 1774 441 1840 adversus
464 1773 580 1839 clivum
600 1776 722 1840 incitati
744 1800 838 1840 cursu
860 1774 1050 1860 praecipites
1066 1771 1157 1834 Pom-

193 1861 324 1944 peianos
355 1872 487 1946 egerunt
509 1872 540 1925 et
561 1871 652 1947 terga
677 1873 802 1928 vertere
826 1869 1014 1946 coegerunt3
1045 1855 1159 2005 qqibus

194 1946 235 2008 ad
264 1947 480 2031 recipiendum
511 1957 612 2011 crates
643 1949 782 2012 directae
812 1947 1012 2031 longuriique
1043 1966 1060 2006 0
1085 1943 1157 2004 iecti

195 2040 227 2096 et
247 2032 410 2098 institutae
432 2034 535 2098 fossae
554 2055 668 2118 magno
691 2033 915 2118 impedimento
938 2031 1072 2094 fuerunt.
1095 2025 1161 2090 No·

196 2118 252 2179 stri
267 2139 352 2198 vero,
370 2121 424 2204 qui
439 2120 514 2183 satis
527 2118 687 2182 habebant
703 2121 771 2184 sine
783 2119 970 2182 detrimento
983 2112 1159 2191 discedere,

196 2202 411 2288 compluribus
426 2204 601 2270 interfectis
616 2205 646 2268 V
661 2207 787 2270 omnino
805 2227 933 2270 suorum
950 2201 1074 2264 amissis
1092 2200 1159 2286 qui-

194 2289 333 2352 etissime
362 2313 396 2355 se
428 2301 618 2376 receperunt
647 2291 804 2376 pauloque
837 2292 917 2354 citra
950 2309 1021 2354 eum
1055 2285 1157 2349 locum

193 2373 263 2438 aliis
293 2377 529 2460 comprehensis
559 2376 693 2441 collibus
726 2378 914 2440 munitiones
948 2371 1157 2459 perfecerunt.

234 2459 308 2532 47.
331 2461 412 2525 Erat
433 2485 517 2526 nova
547 2473 578 2524 et
604 2463 755 2526 inusitata
784 2461 861 2527 belli
890 2461 971 2524 ratio
994 2479 1090 2542 quum
1111 2464 1158 2517 tot

194 2544 395 2614 castellorum
423 2569 556 2615 numero
586 2558 736 2633 tantoque
760 2549 861 2633 spatio
885 2557 916 2610 et
942 2545 1036 2608 tantis
1059 2543 1158 2604 muni·
1253 2543 1254 2552 ’

192 2630 330 2694 tionibus
354 2641 385 2696 et
406 2642 471 2698 toto
492 2633 665 2698 obsidionis
687 2656 804 2718 genere
826 2644 894 2696 tum
917 2632 1012 2694 etiam
1026 2626 1157 2712 reliquis

193 2715 299 2780 rebus.
322 2718 404 2782 Nam
420 2723 546 2804 quicum
570 2742 611 2784 ue
625 2719 758 2786 alterum
782 2718 930 2784 obsidere
953 2716 1058 2780 conati
1074 2721 1159 2790 sunt,

193 2803 356 2886 perculsos
386 2814 479 2890 atque
513 2807 545 2868 in
586 2827 653 2869 mos
686 2804 793 2868 hostes
821 2804 924 2868 adorti
953 2815 1007 2867 aut
1036 2796 1157 2885 proelio
1251 2811 1252 2818 ³

194 2899 358 2974 superatos
374 2900 428 2954 aut
443 2891 549 2977 aliqua
565 2891 738 2956 offensione
750 2903 908 2976 permotos
925 2889 1156 2961 continuerunt,

194 2997 290 3059 quum
311 2977 372 3059 ipsi
393 2997 524 3041 numero
555 2979 695 3062 equitum
722 2977 919 3062 militumque
940 2979 1158 3060 praestarent3

193 3082 290 3126 causa
312 3071 417 3124 autem
440 3062 613 3127 obsidionis
644 3063 722 3126 hacc
744 3062 810 3126 lere
834 3084 904 3128 esse
927 3059 1099 3136 consuevit,
1123 3070 1160 3118 ut

192 3146 348 3210 frumento
371 3146 477 3212 hostes
507 3148 719 3233 prohiberent.
744 3149 788 3211 At
809 3158 875 3213 tum
897 3150 1039 3230 integras
1062 3151 1158 3226 atque

191 3232 365 3296 incolumes
395 3236 502 3318 copias
534 3234 654 3298 ansar
675 3234 824 3298 inferiore
859 3233 991 3298 militum
1024 3249 1158 3292 numero

191 3319 380 3400 continebat,
394 3343 491 3405 quum
506 3319 552 3382 illi
564 3323 703 3386 omnium
715 3343 823 3384 rerum
835 3322 927 3405 copia
939 3315 1159 3380 abundarent:

191 3403 331 3485 quotidie
355 3407 438 3470 enim
460 3429 593 3488 magnus
609 3407 749 3492 undique
764 3407 893 3472 navium
915 3423 1065 3468 numerus
1082 3421 1160 3463 con-

190 3486 347 3570 veniebat,
373 3514 453 3576 quae
477 3501 685 3561 commeatum
708 3502 939 3577 supportarent,
957 3511 1058 3574 neque
1074 3483 1163 3550 ullus
