2538 3978
378 231 512 297 COMM.
534 232 583 296 III
605 231 698 298 OAP.
723 231 858 297 79-80.
1038 228 1100 293 119

142 423 251 466 omnes
307 405 465 468 rovinoias
498 405 702 488 civitatesque
735 403 871 468 dimissis
904 399 1027 488 proelio
1059 399 1102 465 ad

140 487 251 574 Dyrrh
313 489 375 553 'um
403 489 486 553 iacto
512 489 607 553 latius
635 489 835 575 inflatiusque
864 488 974 568 multo,
1005 507 1102 571 quam

140 595 193 636 res
226 583 294 638 erat
328 583 426 659 gesta,
459 574 544 638 fama
568 573 807 660 percrebuerat:
836 573 964 660 pulsum
991 570 1101 654 fugere

142 657 312 722 Gaesarem
350 681 428 723 aene
444 658 589 724 omnibus
604 661 702 746 copiis
718 659 852 724 amissis.
874 659 967 724 Haec
988 657 1103 720 itinera

140 742 256 808 infesta
283 681 474 826 reddiderat,
497 745 577 809 haec
606 745 748 810 civitates
774 744 942 810 nonnullas
969 740 1010 808 ab
1034 741 1102 804 eius

141 830 279 892 amicitia
300 829 471 894 avertebat.
487 829 612 908 Quibus
635 830 748 895 accidit
768 830 875 912 rebus,
898 839 933 894 ut
954 826 1101 914 pluribus

141 913 263 978 dimissi
283 914 451 979 itineribus
473 937 493 979 a
520 913 658 980 Caesare
685 915 726 979 ad
747 913 919 981 Domitium
942 925 973 978 et
995 936 1015 978 a
1035 913 1101 978 Do⁴

138 1000 228 1064 mitio
250 999 292 1063 ad
314 999 483 1067 Caesarem
511 1000 600 1066 nulla
622 1002 745 1066 ratione
770 1002 831 1064 iter
852 1001 1007 1065 conficere
1028 1021 1101 1084 pos-

142 1093 222 1148 sent.
245 1084 310 1149 Sed
331 1085 463 1152 Allobro
487 1109 530 1167 es,
560 1086 696 1152 Raucilli
718 1096 813 1172 atque
834 1086 896 1171 Egi
918 1084 1100 1166 familiares,

141 1191 220 1256 quos
242 1171 418 1256 perfugisse
440 1109 486 1236 ad
502 1172 688 1260 Pompeium
710 1171 1003 1252 demonstravimus,
1027 1191 1102 1234 con-

141 1257 255 1340 spicati
275 1258 309 1319 in
337 1258 450 1324 itinere
480 1257 696 1344 exploratores
723 1257 857 1321 Domitii
886 1279 942 1320 seu
969 1256 1104 1341 pristina

142 1362 201 1405 sua
216 1342 452 1425 consuetudine,
469 1343 553 1429 quod
568 1366 632 1408 una
645 1344 679 1406 in
701 1341 807 1407 Gallia
828 1341 913 1406 bella
928 1348 1102 1434 gesserant,

144 1447 201 1490 seu
230 1425 332 1510 gloria
359 1426 433 1491 elati
462 1437 584 1511 cuncta,
612 1440 647 1493 ut
669 1437 759 1492 erant
786 1433 1104 1511 aeta,exposuer1mt

142 1519 175 1574 et
197 1509 343 1574 Caesaris
380 1512 584 1577 rofectionom
600 1523 631 1579 et
646 1513 817 1577 adventum
836 1511 968 1597 Pompei
989 1510 1104 1575 docue-

140 1604 225 1659 runt.
247 1596 278 1659 A
307 1535 420 1682 quihus
447 1597 607 1662 Domitius
637 1600 752 1662 certior
779 1597 958 1662 factusvix
980 1595 1103 1659 1111111-

140 1695 250 1745 rarum
272 1684 373 1768 spatio
389 1683 580 1748 antecedens
599 1683 737 1748 hostium
758 1681 913 1747 beneficio
928 1679 1104 1767 periculum

141 1767 255 1830 vitavit
277 1777 308 1832 et
329 1767 371 1831 ad
390 1768 571 1854 Aeginium,
602 1768 687 1854 quod
715 1776 764 1832 est
789 1766 946 1832 obiectum
969 1766 1104 1851 [opposi-

141 1851 282 1939 1111111111]
306 1853 501 1936 Thessaliae,
525 1852 657 1918 Caesari
677 1854 819 1918 venienti
841 1853 987 1918 occurrit.

207 1936 257 2000 80.
281 1937 457 2004 Coniuncto
478 1941 620 2006 exercitu
636 1939 756 2004 Caesar
772 1937 934 2024 Gomphos
949 1935 1103 2022 pervenit,

141 2022 228 2170 {uod
249 2033 298 2088 111
319 2024 470 2111 oppidum
490 2028 627 2111 primum
641 2023 825 2089 Thessaliae
847 2021 1048 2088 venientibus
1063 2019 1103 2084 ab

171 2109 257 2192 piro;
288 2132 368 2196 quae
400 2133 479 2198 gens
512 2112 621 2196 paucis
656 2119 729 2174 ante
756 2108 919 2174 mensibus
947 2107 1030 2172 ultro
1063 2105 1105 2169 ad

143 2191 313 2258 Gaesarem
335 2195 457 2282 legatos
478 2199 620 2279 miserat,
642 2206 677 2260 111
699 2196 764 2258 suis
786 2194 930 2260 omnibus
951 2191 1105 2258 facultati-

143 2278 203 2342 bus
224 2290 375 2364 uteretur,
397 2283 655 2368 praesidiumque
681 2281 722 2345 ab
745 2302 783 2344 eo
804 2279 938 2344 militum
959 2278 1104 2363 petierat

143 2362 208 2429 Sed
222 2387 260 2430 eo
282 2366 367 2431 fama
379 2369 443 2431 iam
458 2376 686 2453 praecurrerat,
709 2387 805 2452 quam
820 2387 916 2450 supra
930 2364 1104 2443 docuimus,

144 2449 183 2514 de
197 2450 318 2538 proelio
332 2452 565 2540 Dyrrhachino,
581 2451 666 2539 quod
685 2450 791 2516 multis
806 2459 938 2516 auxerat
951 2447 1104 2535 partibus.

143 2533 254 2622 Itaque
283 2537 533 2621 Androsthenes,
565 2546 694 2624 praetor
722 2535 916 2618 Thessaliae,
947 2556 1043 2621 quum
1071 2554 1105 2595 se

142 2622 294 2689 victoriae
315 2624 448 2710 Pompei
469 2626 615 2690 comitem
642 2644 714 2688 esso
735 2621 843 2687 mallet
869 2644 962 2707 quam
986 2619 1106 2684 socium

145 2704 291 2773 Caesaris
312 2711 346 2772 in
374 2708 471 2774 rebus
500 2709 653 2791 adversis,
683 2729 809 2773 omnem
830 2729 872 2772 ex
952 2707 978 2770 is
1000 2701 1104 2770 multi-

142 2791 284 2859 tudinem
314 2815 490 2860 servorum
507 2817 546 2860 ac
574 2794 748 2859 liberorum
776 2794 810 2857 in
838 2729 989 2877 opidim
1019 2789 1105 2874 cogit

143 2887 316 2968 portasque
337 2880 514 2969 praecludit
536 2889 568 2945 11
589 2880 630 2944 ad
657 2878 837 2964 Scipionem
857 2815 1105 2962 i'ompeiumque
1141 2907 1143 2911 ν

143 2966 271 3029 nuntios
293 2968 396 3047 mittit,
419 2975 454 3030 ut
476 2964 538 3030 sibi
558 2965 698 3030 subsidio
720 2965 865 3028 veniant:
889 2985 924 3026 11
946 2958 1106 3026 confidere

144 3050 370 3115 munitionibus
392 3049 511 3151 oppidi,
534 3052 561 3115 si
576 3051 723 3115 celeriter
745 3057 946 3114 succurratur
954 3069 967 3129 3.
984 3043 1106 3130 longin-

144 3155 240 3280 guam
267 3147 535 3222 oppugnatronem
569 3137 723 3200 sustinere
755 3155 820 3200 non
851 3155 956 3219 posse.
1001 3128 1106 3216 Scipio

165 3220 286 3284 11111111
308 3223 506 3286 exercituum
524 3220 564 3286 ab
579 3219 780 3307 Dyrrhachio
796 3219 920 3304 cognito
942 3215 1106 3280 Larissam

139 3300 284 3389 legiones
318 3307 509 3389 adduxerat,
541 3306 713 3392 Pompeius
745 3303 893 3380 noudum¹
922 3297 1107 3367 Thessaliae
1165 3315 1166 3319 ’

145 3395 295 3478 appropin
317 3392 423 3457 uabat.
453 3389 573 3456 Caesar
588 3391 700 3458 eastris
715 3389 844 3454 munitis
859 3385 962 3486 scalas
983 3405 1106 3451 111111111-

140 3472 254 3563 losque
275 3415 317 3543 ad
338 3478 537 3565 repentinam
566 3477 832 3562 oppugnationem
854 3473 925 3538 fierr
947 3481 980 3534 et
1001 3475 1109 3534 crates
