2490 3974
445 264 587 329 oarur
609 265 723 328 u-n.
999 265 1062 328 aas
1135 343 1145 349 ,

91 436 208 501 aditus
232 457 445 520 ascensusque
475 434 589 499 habeat
621 433 774 499 difficiles.
812 433 861 498 Ita
892 435 933 499 ab
966 458 1006 522 op
1028 459 1061 500 u·

94 521 311 607 gnationibus
333 530 447 584 natura
467 519 529 583 loci
552 521 748 599 distinentur,
783 528 818 581 ut
840 521 984 586 civitates
1006 459 1062 585 ih·-

94 608 236 691 spaniae
258 628 322 671 non
342 604 436 684 facile
458 604 498 668 ab
521 605 611 670 hoste
644 605 815 688 capiantur.
851 604 890 667 Id
919 606 1003 692 quod
1029 609 1060 670 in

8 731 9 734 =
95 690 165 756 boc
188 693 321 776 contigit
352 689 445 754 bello.
482 690 563 754 Nam
596 712 692 776 quum
725 690 809 753 inter
841 689 997 775 Ateguam
1031 703 1063 756 et

8 815 11 854 g
94 774 251 857 Ucubim,
286 797 367 862 quae
389 775 505 860 oppida
526 797 623 860 supra
645 783 719 837 sunt
741 777 867 860 scripta,
890 776 1061 862 Pompeius

8 883 10 892 ’
96 861 217 926 habuit
238 873 340 925 castra
362 861 530 925 constituta
551 862 584 924 in
607 871 779 943 conspectu
807 859 940 925 duorum
973 863 1060 948 oppi-

96 946 228 1027 dorum,
251 946 291 1010 ab
314 947 379 1009 suis
412 947 522 1009 castris
556 947 683 1009 circiter
714 945 803 1008 milia
857 968 986 1010 assuum
1013 956 1059 1008 llll

96 1053 236 1178 grumas
259 1041 307 1095 est
329 1029 490 1096 excellens
512 1040 636 1112 natura,
671 1030 727 1116 qui
758 969 936 1115 appellatur
958 1041 1062 1096 castra

128 1117 327 1180 ostumiana:
361 1113 405 1178 ibi
437 1115 589 1200 praesidii
621 1135 719 1182 rausa
752 1115 915 1180 castellum
944 1115 1062 1182 Caesar

7 1215 8 1220 ’
99 1199 216 1265 habuit
237 1203 448 1265 constitutum.

169 1287 200 1349 9.
225 1284 339 1372 [Quod]
363 1286 541 1372 Pompeius,
564 1285 648 1371 quod
670 1285 782 1350 eodem
803 1287 877 1372 iugo
899 1287 1063 1374 tegebatur

7 1429 8 1458 ,
101 1369 166 1435 loci
184 1381 307 1453 natue,
331 1381 363 1436 et
386 1380 542 1436 remotum
557 1381 624 1434 erat
640 1379 793 1436 castellam
812 1395 831 1435 a
852 1375 964 1436 castris
983 1371 1061 1438 an-

7 1517 8 1538 ,
102 1456 196 1538 saris,
216 1454 489 1521 animadvertebat
507 1455 570 1520 loci
586 1455 770 1522 difficultate
788 1465 828 1538 et,
849 1459 924 1544 quia
933 1456 1063 1522 flumine

7 1621 8 1628 ἵ
102 1539 198 1605 Salso
219 1540 496 1622 intercludebatur,
530 1563 594 1605 non
622 1563 693 1606 esse
715 1543 959 1607 commissurum
982 1543 1061 1608 Cae·

7 1677 8 1686 ,
104 1647 218 1706 sarem,
240 1640 276 1690 ut
296 1628 330 1689 in
351 1637 439 1690 tanta
460 1626 522 1691 loci
544 1626 729 1690 difficultate
744 1626 786 1690 ad
800 1627 977 1690 subsidium
990 1629 1061 1692 mit·

7 1709 8 1714 ’
103 1710 234 1774 tendum
256 1734 291 1774 se
313 1713 530 1776 committeret.
575 1711 625 1775 lta
659 1713 757 1776 fieus
790 1713 938 1798 opinione
970 1715 1063 1776 tertia

7 1853 8 1856 ,
104 1795 215 1881 vigilia
236 1795 395 1882 profectus
419 1795 585 1860 castellum
606 1818 790 1881 oppugnare
813 1799 925 1882 coepit.
956 1797 1061 1877 Quum

107 1883 421 1967 appropinquassent,
438 1880 575 1946 clamore
590 1883 757 1966 repentino
772 1881 969 1969 telorumque
984 1882 1062 1946 mul·

105 1966 237 2030 titudine
259 1968 358 2031 iactus
380 1967 486 2032 facere
508 1976 688 2051 coeperunt,
711 1967 758 2029 uti
779 1989 926 2051 magnam
941 1982 1061 2052 partem

106 2051 265 2115 hominum
287 2051 472 2116 vulneribus
496 2052 667 2117 afficerent.
705 2051 776 2131 Quo
808 2061 936 2137 peraeto
967 2075 1061 2138 quum

107 2157 149 2199 ex
169 2136 297 2202 castello
324 2158 503 2222 repugnare
537 2138 723 2221 coepissent,
756 2136 989 2222 maioribusque
1012 2161 1062 2202 ca·

108 2223 181 2284 stris
203 2220 334 2286 Caesari
355 2223 483 2286 nuntius
499 2232 584 2286 esset
598 2221 721 2304 allatus,
746 2242 816 2285 cum
833 2229 868 2284 111
884 2221 1061 2306 legionibus

107 2317 155 2372 est
175 2306 345 2391 profectus,
367 2317 402 2371 ut
417 2305 634 2371 laborantibus
657 2315 857 2370 'succurreret
878 2310 1009 2390 nostris3
1032 2318 1063 2372 et

108 2413 201 2476 quum
223 2392 262 2454 ad
286 2413 340 2456 eos
362 2393 656 2478 appropinquasset,
688 2392 765 2477 fuga
791 2393 947 2476 perterriti
971 2393 1062 2457 multi

108 2489 177 2540 sunt
197 2478 363 2557 interfecti,
401 2477 579 2562 complures
613 2478 706 2561 capti,
743 2477 913 2562 inquibus
936 2477 998 2543 duo
1022 2533 1028 2544 .
1053 2527 1060 2542 .

108 2561 194 2624 multi
215 2574 382 2646 praeterea
404 2563 500 2626 armis
523 2563 610 2626 exuti
632 2561 790 2648 ingemunt,
814 2584 946 2647 quorum
970 2573 1060 2628 scuta

112 2656 181 2711 sunt
201 2647 303 2712 relata
324 2655 431 2710 LXXX.
586 2709 588 2713 .

171 2733 218 2794 10.
240 2731 425 2819 Insequenti
447 2732 518 2796 luce
540 2732 710 2818 Arguetius
726 2755 766 2797 ex
781 2731 873 2797 ltalia
888 2755 960 2796 cum
975 2735 1061 2817 equi·

111 2824 174 2880 tatu
193 2820 289 2881 venit.
333 2818 365 2880 Is
389 2819 480 2903 signa
501 2817 746 2903 Saguntinorum
774 2817 880 2882 retulit
912 2819 1060 2902 quinque,

113 2921 187 2987 quae
209 2901 248 2964 ab
271 2903 436 3001 oppidanis
459 2904 553 2988 cepit.
590 2902 654 2967 Suo
684 2903 753 2966 loco
776 2904 980 2989 praeteritum
1003 2912 1060 2983 ost,

114 2985 192 3072 quod
213 3002 333 3071 equites
356 3010 397 3051 ex
418 2987 510 3051 Italia
532 3010 604 3052 curn
625 2989 804 3073 Asprenate
827 2987 868 3050 ad
891 2986 1061 3051 Caesarem
1172 3043 1176 3056 .

113 3072 276 3134 venissent.
291 3071 340 3136 Ea
349 3082 442 3137 nocte
453 3072 740 3158 Pompeiuscastra
752 3095 810 3136 sua
820 3073 959 3137 incendit
975 3082 1006 3135 et
1021 3073 1062 3136 ad

114 3155 288 3221 Cordubam
310 3179 420 3221 versus
448 3159 509 3223 iter
536 3157 641 3222 facere
674 3159 787 3243 coepit.
831 3157 902 3221 Rex
933 3159 1060 3221 nomine

113 3241 193 3322 Indo,
217 3244 364 3328 quicum
388 3245 528 3330 equitatu
550 3265 623 3307 suas
646 3245 753 3328 copias
776 3243 961 3322 adduxerat,
984 3241 1059 3309 dum

115 3327 250 3474 cupidius
272 3349 387 3413 agmen
409 3329 662 3393 adversariorum
684 3329 869 3412 insequitur,
907 3347 1060 3390 averna·

117 3433 150 3476 cu
161 3415 185 3476 is
207 3411 388 3496 legionariis
412 3423 564 3499 exceptus
587 3425 635 3478 est
657 3424 688 3476 et
709 3411 902 3476 interfectus.

172 3499 220 3562 11.
242 3497 372 3564 Postero
395 3497 446 3564 die
469 3500 589 3585 equites
612 3498 711 3563 nostri
732 3497 856 3582 longius
878 3496 919 3561 ad
941 3491 1057 3561 Gordu-
