2562 3966
172 221 232 282 na
426 219 487 303 on
509 217 653 282 sunno
677 205 868 282 ennnroo

170 391 282 455 harum
310 413 417 454 rerum
454 399 630 454 exstructos
659 390 796 454 tumulos
826 390 904 456 locis
935 392 1127 455 consecratis

171 479 348 562 conspicari
375 475 464 557 lioet3
497 497 602 560 neque·
630 497 725 562 saepe
755 476 885 556 accidit,
919 486 954 539 ut
979 477 1129 561 neglecta

171 565 326 650 quispiam
354 560 506 645 religione
530 573 585 624 aut
607 571 699 646 capta
726 562 810 646 apud
833 585 867 624 se
891 561 1049 626 occultare
1073 571 1128 626 aut

170 651 273 734 posita
293 647 405 712 tollere
428 646 568 726 auderet,
593 649 878 733 gravissimumque
894 649 924 710 ei
939 648 986 710 rei
1010 648 1128 733 suppli-

171 738 254 800 cium
277 756 349 797 cum
371 735 512 795 cruciatu
534 734 737 796 constitutum
760 742 829 816 est„

238 819 286 882 18.
332 816 417 882 Galli
447 839 480 880 se
511 839 619 881 omnes
653 817 693 881 ab
722 817 798 882 Dite
830 825 921 902 patre
952 815 1128 904 prognatos

100 937 103 942 ·
171 905 357 992 praedicant
377 902 473 986 idque
496 901 536 965 ab
560 902 724 966 druidibus
747 903 905 988 proditum
928 903 1046 968 dicunt.
1076 905 1127 970 Ob

173 1014 242 1056 eam
276 1011 404 1053 causam
437 989 539 1072 spatia
575 989 675 1052 omnis
712 991 863 1074 temporis
896 1011 960 1052 non
995 1012 1130 1056 numero

173 1078 304 1156 dierum,
328 1074 385 1137 sed
405 1075 545 1137 noctium
566 1071 694 1152 finiunt,
725 1075 793 1138 dies
815 1074 938 1138 natales
961 1083 992 1138 et
1013 1077 1129 1140 mensi·

172 1171 280 1226 umet
303 1181 457 1223 annorum
478 1159 568 1221 initia
590 1161 636 1221 sic
659 1159 836 1240 observant,
860 1170 895 1224 ut
916 1169 1041 1224 noctem
1060 1161 1128 1227 dies

173 1247 393 1332 subsequatur.
430 1245 468 1307 ln
491 1244 621 1328 reliquis
643 1247 728 1308 vitae
748 1247 901 1310 institutis
923 1246 984 1310 hoc
1005 1247 1071 1311 fere
1087 1247 1130 1310 ab

172 1333 303 1417 reliquis
327 1331 485 1410 differunt,
510 1329 594 1415 quod
610 1351 683 1393 suos
706 1330 833 1412 liberos,
856 1333 918 1393 nisi
935 1355 1032 1418 quum
1055 1332 1129 1395 ado-

172 1420 326 1497 leverunt,
350 1425 384 1478 ut
405 1437 519 1478 munus
542 1414 672 1479 militiae
692 1419 848 1480 sustinere
870 1419 1000 1502 possint,
1023 1417 1130 1502 palam

174 1505 214 1568 ad
232 1517 270 1566 ‘se
293 1502 382 1564 adire
412 1524 475 1565 non
502 1502 665 1585 patiuntur
693 1501 855 1588 filiumque
884 1503 997 1586 puerili
1027 1513 1130 1586 aetate

173 1592 206 1650 in
228 1587 355 1674 publico
371 1590 404 1650 in
419 1596 590 1674 conspectu
604 1589 703 1670 patris
727 1591 874 1651 assistere
891 1597 943 1673 tur
967 1588 1128 1652 educunt.

239 1673 288 1738 19.
332 1673 417 1753 Viri,
452 1681 586 1758 quantas
613 1675 764 1756 pecunias
795 1673 834 1738 ab
862 1611 1013 1737 uxoribus
1047 1675 1131 1739 dotis

173 1762 300 1826 nomine
323 1768 522 1844 acceperunt,
545 1768 649 1821 tantas
665 1781 706 1820 ex
722 1761 787 1823 suis
801 1759 894 1823 bonis
914 1762 1130 1826 aestimatione

173 1847 257 1910 faeta
279 1867 351 1908 enm
373 1843 498 1907 dotibus
515 1845 754 1908 communicant.
785 1845 888 1908 Huius
912 1848 1013 1910 omnis
1035 1869 1131 1932 pecu·

172 1933 245 1995 niae
269 1931 459 1993 coniunctim
481 1931 562 1992 ratio
585 1929 719 1993 habetur
740 1930 922 2017 fructusque
946 1943 1129 1996 servantur:

173 2027 244 2080 uter
273 2038 381 2080 eorum
403 2017 469 2078 vita
499 2017 672 2100 superarit,
707 2017 748 2079 ad
771 2039 843 2080 eum
865 2038 939 2101 pars
965 2019 1131 2166 utriusque

175 2124 244 2166 cum
268 2100 422 2164 fructibus
446 2103 642 2184 superiorum
665 2111 843 2186 temporum
869 2105 1023 2186 pervenit.
1093 2105 1132 2166 iri

174 2190 208 2250 in
236 2209 365 2268 uxores,
397 2188 488 2256 sicuti
510 2188 543 2248 in
566 2187 697 2267 liberoS,
728 2189 812 2250 vitae
839 2189 990 2272 necisque
1011 2187 1131 2251 habent

174 2282 375 2358 potestatem3
410 2282 441 2336 et
471 2295 568 2357 quum
586 2273 825 2356 paterfamiliae
858 2272 1030 2337 illustriore
1059 2272 1134 2336 loco'

174 2368 267 2422 natus
284 2359 428 2437 decessit,
446 2359 513 2420 cius
529 2357 697 2442 propinqui
713 2358 903 2420 conveniunt
918 2369 958 2438 et,
975 2358 1015 2421 de
1030 2370 1131 2422 morte

175 2446 203 2508 si
224 2446 323 2507 resin
347 2445 556 2528 suspicionem
571 2443 667 2521 venit,
691 2440 730 2505 de
752 2442 904 2506 uxoribus
926 2445 960 2506 in
983 2444 1130 2508 servilem

174 2529 302 2593 modum
332 2529 546 2614 quaestionem
575 2525 693 2589 habent
723 2536 770 2607 et,
798 2530 832 2611 si
854 2538 1050 2613 compertum
1072 2531 1133 2610 est,

174 2619 185 2680 i
231 2617 241 2678 i
263 2627 357 2701 atque
374 2612 518 2678 omnibus
534 2613 698 2674 tormentis
713 2613 913 2678 excruciatas
928 2615 1131 2680 interficiunt.

175 2639 302 2765 lgdnera
326 2710 398 2762 sunt
425 2719 481 2782 pro
504 2695 590 2760 cultu
613 2695 778 2761 Gallorum
804 2699 974 2783 magnifica
996 2711 1027 2764 et
1050 2725 1133 2764 sum-

174 2797 303 2872 ptuosa3
327 2785 503 2868 omniaque,
520 2804 601 2868 quae
615 2785 697 2846 vivis
714 2784 802 2850 cordi
816 2785 915 2848 fuisse
931 2785 1132 2870 arbitrantur,

175 2875 208 2936 in
230 2873 336 2954 ignem
358 2870 509 2948 inferunt,
544 2869 638 2932 etiam
661 2869 824 2952 animalia,
859 2893 896 2934 ac
918 2872 1013 2956 paulo
1037 2897 1135 2958 supra

176 2959 259 3020 hanc
280 2958 464 3019 memoriam
487 2955 570 3016 servi
593 2963 625 3018 et
647 2953 796 3036 clientes,
831 2979 909 3043 quos
933 2958 973 3020 ab
996 2961 1034 3020 iis
1058 2959 1134 3022 dile·

176 3054 242 3108 ctos
265 3063 335 3107 esse
366 3039 546 3108 constabat.
580 3041 670 3102 iustis
693 3040 858 3105 funeribus
892 3043 1042 3108 confectis
1069 3068 1135 3109 una

176 3127 404 3192 cremabantur.

240 3215 291 3276 20.
308 3211 398 3290 Quae
414 3213 556 3275 civitates
571 3211 765 3276 commodius
778 3235 867 3277 suam
883 3237 950 3279 rem
972 3215 1135 3300 publicam

177 3298 395 3361 administrare
425 3298 662 3378 existimantur,
693 3298 812 3362 habent
834 3299 957 3384 legibus
980 3311 1133 3380 sanctum,

177 3386 204 3446 si
233 3385 301 3469 quis
334 3382 408 3468 quid
436 3383 476 3447 de
504 3404 539 3444 re
568 3382 695 3466 publica
718 3405 737 3446 a
758 3383 898 3449 finitimis
926 3408 1052 3451 rumore
1080 3395 1135 3450 aut

175 3469 261 3531 fania
283 3469 448 3553 acceperit,
471 3469 517 3530 uti
533 3467 574 3530 ad
594 3470 813 3553 magistratum
829 3471 951 3535 deferat
964 3493 1046 3534 neve
1062 3493 1134 3535 cum
