2562 3970
78 223 81 228 '
198 241 240 306 so
485 241 547 305 nu
568 241 712 306 sunno
735 241 868 306 civim

198 433 296 496 guum
318 411 423 476 attulit
444 413 562 476 nostris
591 411 632 476 ad
666 411 799 476 salutem
828 421 1036 476 momentum:
1069 411 1156 474 nacti

198 498 283 561 enim
305 499 441 582 spatium
463 520 497 561 se
519 499 553 560 in
573 496 646 562 loca
667 499 832 582 superiora
864 505 1060 582 receperunt.
1089 495 1155 559 De·

199 581 329 646 siderati
352 591 426 646 sunt
452 605 491 646 eo
521 581 572 646 die
606 583 761 668 sagittarii
793 583 920 646 circiter
948 587 999 664 CC,
1033 582 1155 668 equites

198 668 300 753 pauci,
324 667 470 733 calonum
493 678 586 752 atque
608 667 903 752 impedimentorum
929 674 993 731 non
1019 687 1155 752 magnus

198 772 359 816 numerus.

261 838 313 904 52.
335 839 395 908 His
435 847 542 902 tamen
578 837 723 904 omnibus
765 860 890 903 annona
925 838 1038 920 erevit,
1074 857 1157 922 quae

197 925 263 988 fere
284 945 336 987 res
357 936 422 987 non
444 923 546 987 solum
571 925 678 1009 inopia
705 925 892 1009 praesentis,
916 923 972 986 sed
995 925 1089 986 etiarn
1109 922 1156 986 fu·

197 1009 261 1072 turi
282 1009 432 1094 temporis
453 1010 565 1073 timore
586 1001 807 1093 ingravescere
828 1010 1004 1072 consuevit.
1025 1005 1156 1092 iamque

198 1094 239 1158 ad
253 1093 399 1158 denarios
414 1093 441 1156 L
455 1095 489 1156 in
510 1093 649 1179 singulos
671 1093 792 1158 modios
812 1114 938 1157 annona
959 1100 1155 1178 pervenerat,

198 1188 229 1242 et
250 1178 384 1243 miiitum
410 1179 495 1242 vires
524 1180 631 1264 inopia
659 1180 806 1244 frumenti
834 1179 1038 1260 deminuerat,
1061 1185 1156 1262 atque

197 1263 396 1328 incommoda
417 1266 450 1326 in
472 1257 540 1329 dies
555 1264 759 1349 augebantur,
782 1272 890 1328 ettam
912 1265 1021 1349 paucis
1043 1261 1156 1326 diebus

198 1372 229 1412 m
294 1372 314 1412 a
341 1358 408 1412 erat
435 1371 542 1419 rerum
570 1349 654 1414 facta
679 1349 884 1414 commutatio
910 1370 949 1412 ac
970 1371 1004 1412 se
1032 1349 1157 1414 fortuma

198 1371 415 1513 inbffdaverat,
444 1443 479 1496 ut
506 1435 607 1499 nostri
635 1457 751 1520 magna
778 1435 885 1518 inopia
906 1434 1157 1500 necessariarum

197 1541 303 1584 rerum
326 1519 591 1602 conflictarentur,
613 1519 660 1584 illi
675 1518 820 1584 omnibus
842 1518 1039 1582 abundarent
1059 1517 1156 1582 rebus

198 1604 438 1691 superioresque
453 1603 654 1668 haberentur.
671 1605 789 1670 Caesar
803 1605 841 1667 iis
864 1604 1050 1676 civitatibus,
1074 1623 1157 1688 quae

198 1691 240 1754 ad
262 1691 329 1754 eius
351 1689 521 1753 amicitiam
543 1699 752 1770 accesserant,
777 1689 860 1774 quod
881 1691 984 1755 minor
1006 1697 1072 1752 erat
1092 1689 1155 1752 fru-

198 1777 297 1840 menti
324 1775 425 1860 copia,
453 1796 550 1860 pecus
583 1774 774 1860 imperabat3
803 1774 930 1839 calones
963 1774 1003 1838 ad
1035 1773 1157 1858 longin-

199 1862 325 1947 quiores
340 1861 484 1924 civitates
499 1860 690 1942 dimittebat3
712 1861 780 1944 ipse
800 1869 997 1946 praesentem
1018 1860 1157 1945 inopiam

199 1945 312 2033 quibus
334 1955 458 2030 poterat
479 1945 627 2010 subsidiis
649 1945 820 2010 tutabatur.

262 2031 315 2095 53.
336 2029 427 2095 Haec
442 2029 604 2097 ¹Afranius
632 2031 839 2116 Petreiusque
869 2038 900 2094 et
926 2051 1035 2094 eorum
1064 2029 1158 2092 amici

222 2117 343 2182 leniora
359 2117 453 2180 etiam
470 2125 564 2202 atque
581 2115 729 2181 uberiora
742 2115 875 2180 Romam
886 2115 927 2178 ad
939 2136 1012 2180 suos
1023 2114 1158 2199 perscri-

197 2141 324 2266 bebant
353 2201 455 2266 Multa
479 2223 604 2266 rumore
628 2201 836 2286 fingebantur,
862 2210 896 2264 ut
921 2221 1022 2286 paene
1037 2195 1158 2264 bellum

200 2287 377 2353 confectum
405 2288 576 2352 videretur.
600 2285 730 2366 ‘Quibus
757 2285 868 2352 litteris
895 2287 1012 2350 nuntiis
1034 2307 1076 2348 ue
1096 2281 1159 2347 Ro·

198 2395 280 2438 mam
304 2371 434 2457 perlatis
455 2385 487 2436 m
551 2373 711 2437 idomum
737 2393 908 2436 concursus
930 2371 971 2434 ad
1052 2369 1159 2434 auium

198 2479 396 2544 magnaeque
418 2395 643 2544 graffifiones
671 2456 805 2537 fiebant3
827 2456 918 2520 multi
939 2478 981 2520 ex
1001 2453 1094 2518 Italia
1116 2451 1159 2517 ad

200 2543 258 2608 On.
291 2541 476 2628 Pompeium
508 2540 799 2628 proficiscebantur,
833 2541 896 2624 alii,
930 2551 965 2605 ut
996 2539 1158 2690 qrincipes

198 2628 295 2692 talem
320 2629 466 2693 nuntium
495 2627 646 2709 attulisse,
676 2626 730 2691 alii
765 2649 806 2691 ne
836 2635 984 2690 eventum
1028 2623 1082 2708 elli
1103 2645 1159 2688 ex-

199 2723 359 2799 spectasse
386 2724 439 2778 aut
470 2735 514 2777 ex
535 2711 681 2777 omnibus
713 2712 878 2776 novissimi
909 2714 1034 2776 venisse
1070 2707 1159 2780 vide·

200 2809 318 2866 rentur.

263 2884 316 2948 54.
354 2882 460 2962 Quum
496 2884 530 2948 in
565 2882 614 2948 his
651 2883 804 2968 augustiis
822 2903 893 2946 ures
931 2890 1023 2962 esset,
1060 2890 1160 2964 atque

201 2991 309 3035 omnes
345 2971 417 3033 viae
457 2967 497 3033 ab
531 2967 711 3032 Ananiams
750 2965 901 3032 militibus
938 2963 1161 3054 equitibusque

200 3054 429 3135 obsiderentur,
452 3075 513 3118 nec
533 3063 645 3139 pontes
660 3054 772 3140 perfici
792 3062 931 3138 possent,
954 3053 1087 3138 imperat
1099 3049 1160 3114 mi·

198 3139 307 3204 litibus
337 3138 464 3220 Caesar,
487 3147 522 3203 ut
541 3159 642 3202 naves
670 3138 795 3220 faciant,
827 3138 915 3202 ouius
936 3138 1061 3222 generis
1084 3157 1161 3200 eum

199 3223 415 3310 superioribus
430 3224 520 3288 annis
535 3245 611 3287 usus
632 3221 816 3288 Britanniae
836 3221 995 3288 docuerat.
1019 3220 1161 3286 Oarinae

200 3330 238 3373 ac
258 3311 363 3395 prima
381 3309 550 3373 statumina
562 3330 604 3372 ex
618 3306 683 3373 levi
697 3311 829 3373 materia
842 3307 977 3390 fiebant3
999 3306 1163 3392 reliquum

200 3415 313 3478 corpus
323 3396 452 3458 navium
466 3393 636 3458 viminibus
651 3403 834 3460 contextum
845 3393 938 3458 coriis
949 3394 1013 3456 inte
1037 3390 1161 3456 ebatur.

200 3477 445 3564 Hasperfectas
468 3480 565 3542 carris
587 3479 700 3542 iunctis
716 3477 844 3544 devehit
862 3488 957 3544 noctu
1012 3477 1065 3542 'ia
1085 3493 1161 3564 pas-
