2532 3968
479 269 734 334 PRAEFATIO.
835 305 837 309 ,
960 262 1083 330 XXVII

134 451 228 530 quain
250 443 371 506 moveri
391 463 565 527 possumus.
604 440 647 503 At
672 462 753 524 quae
774 438 966 522 Nipperdeio
987 436 1084 502 medi·

134 530 206 592 cina
219 529 289 591 visa
311 536 367 609 est,
391 549 486 611 quum
502 525 694 590 scriberetur
717 532 781 588 eius
805 523 861 608 (sc.
885 524 983 587 hostis
999 530 1084 586 exte·

133 611 239 698 rioris)
262 633 397 690 necessu,
420 613 547 675 minime
574 610 701 696 placere
723 618 840 694 potest,
869 629 965 695 quum
986 606 1085 671 verba

133 696 228 783 plane
248 697 358 762 inutile
374 705 479 760 essent
494 695 756 774 additamentum3
779 694 901 758 hostem
917 693 1000 758 onim
1022 692 1084 756 nisi

133 783 356 846 accesserit
383 783 590 850 munitionum
619 779 777 864 praesidia
805 778 1002 842 multitudine
1025 777 1084 839 cir-

133 866 337 931 cumfundere
359 889 423 929 non
443 888 546 950 posse,
568 865 691 950 puerile
719 874 766 945 est
787 864 910 928 docere.
947 861 991 926 Ut
1013 884 1084 925 curn

131 951 279 1018 Kranero
300 950 401 1015 verba
423 959 485 1014 sius
508 958 645 1015 discessu
666 973 707 1014 ex
729 949 987 1032 interpretatione
1006 955 1084 1032 'qua-

133 1040 206 1104 dem
227 1050 294 1110 orta
314 1039 495 1122 habeamus,
518 1063 583 1104 non
596 1041 658 1104 nisi
673 1039 728 1104 des
753 1039 922 1104 erataloci
937 1040 1084 1106 ernenda-

131 1127 217 1190 tione
233 1125 337 1190 iecere
351 1125 433 1190 licet.
456 1125 499 1188 At
514 1126 690 1190 emendatio
705 1063 795 1190 aisse
810 1149 847 1190 ee
869 1148 909 1188 uo
923 1123 1082 1206 facillima,

132 1233 229 1358 guum
250 1210 329 1274 nihil
350 1211 411 1274 nisi
433 1218 498 1273 eius
520 1212 560 1273 sit
586 1210 821 1294 exstirpandum
847 1148 969 1273 illatum
1000 1209 1084 1272 heud

76 1354 78 1357 .
154 1295 228 1359 ubie
250 1294 290 1358 ab
313 1317 360 1375 eo,
387 1297 437 1357 cui
458 1298 557 1380 primo
579 1297 734 1380 genitivus
758 1305 952 1362 munitionum
973 1296 1014 1360 ad
1035 1319 1084 1361 se·

131 1401 233 1528 puens
269 1378 460 1444 vocabulum
491 1389 654 1461 praesidia
689 1382 874 1448 referendus
907 1384 995 1445 visus
1026 1391 1082 1444 est.

149 1487 201 1548 em
223 1465 250 1527 si
265 1472 401 1530 discessu
423 1477 614 1533 munitionum
633 1470 861 1552 coniungimus,
885 1467 1085 1552 apertissima

132 1550 289 1634 sententis
328 1563 384 1616 est.
441 1549 559 1617 Caesar
599 1552 732 1618 alteram
765 1552 1085 1616 circumvallationem

131 1649 242 1725 contre
269 1641 458 1724 exteriorem
487 1639 608 1722 hostem
634 1639 770 1722 perfecit
792 1637 871 1700 XIV
898 1637 986 1699 milic
1014 1658 1089 1721 pus-¹

132 1745 223 1787 suurn
245 1725 377 1788 circuitu
407 1724 645 1805 amplectentem
669 1761 705 1769 -
731 1725 859 1787 interior
884 1723 1015 1785 munitio
1036 1720 1086 1784 XI

131 1808 219 1872 milia
235 1803 237 1810 ’
255 1805 404 1893 passuum
444 1811 576 1872 circuitu
619 1808 748 1873 tenebat
776 1847 816 1856 -
846 1817 881 1871 ut
914 1828 1009 1892 quum
1042 1807 1085 1868 ita

133 1901 322 1958 discederent
360 1895 549 1958 munitiones
589 1895 753 1978 maiusque
794 1893 926 1978 spatium
967 1890 1084 1974 ample·

131 1988 304 2058 cierentur,
331 1979 467 2042 hostium
490 1980 599 2063 copiae
621 1978 676 2042 ubi
695 1978 952 2062 aggrederentur,
975 1997 1085 2040 neces·

132 2067 214 2128 serio
238 2063 472 2145 distinerentur,
500 2066 543 2126 ita
565 2073 600 2127 ut
621 2063 780 2148 praesidia
802 2063 946 2148 quumvis
968 2083 1085 2145 magna

131 2147 330 2212 multitudine
360 2148 564 2212 circumfundi
595 2171 659 2212 non
692 2157 830 2233 possent
871 2146 1000 2231 Duplici
1029 2145 1085 2208 illa

131 2235 304 2298 munitione
331 2233 471 2318 profecto
502 2235 594 2298 etiam
619 2233 653 2295 id
674 2234 884 2313 efficiebatur,
912 2241 947 2296 ut
969 2231 1083 2295 Caesa·

130 2320 213 2396 riani
238 2328 305 2383 tuto
331 2319 371 2382 ab
401 2318 535 2382 hostium
558 2319 686 2382 incursu
708 2341 749 2381 ex
778 2319 889 2381 castris
919 2317 1029 2400 egredi
1054 2327 1085 2378 et

132 2403 174 2468 ad
202 2403 327 2488 singula
363 2403 494 2468 castella
530 2405 597 2466 sine
633 2403 697 2466 ullo
734 2403 873 2487 periculo
908 2421 1084 2466 commeare

130 2499 268 2575 possent.
305 2487 405 2573 quue
428 2488 630 2572 sequentibus
652 2487 759 2552 verbis
790 2487 961 2573 significari
986 2497 1083 2568 ratus,

131 2587 199 2655 eut,
234 2573 318 2660 quod
350 2574 383 2636 in
416 2575 560 2638 omnibus
590 2572 679 2636 libris
712 2573 843 2659 legitur,
874 2572 1082 2653 retinendum,

130 2659 246 2724 deinde
279 2681 319 2722 ex
351 2669 526 2744 temporum
554 2661 673 2722 ratione
707 2673 900 2736 cuperentur,
936 2657 1019 2742 quod
1051 2659 1083 2720 in
1149 2737 1150 2742 η

131 2743 240 2808 codice
276 2743 392 2806 Dresd.
425 2743 452 2806 B
483 2754 514 2807 et
540 2743 579 2806 ab
610 2743 707 2806 altera
732 2767 827 2808 manu
857 2753 1020 2806 exaratum
1050 2744 1083 2804 in
1137 2797 1139 2801 .

130 2827 220 2892 νηῒ·
246 2828 283 2891 Β·
307 2838 424 2910 exstat,
454 2837 668 2922 recipiendum
691 2857 762 2898 esse
784 2834 949 2920 putabam,
978 2841 1022 2896 ita
1051 2841 1086 2895 ut

129 2912 232 2977 Verba
257 2916 290 2976 in
315 2913 399 2976 hum
430 2923 555 2987 modum
586 2921 825 2984 constituerem:
851 2963 1014 2982 ......
1053 2929 1087 2980 ut

134 3029 173 3072 ne
200 3029 311 3086 mapnu
343 3014 459 3086 quidem
487 3013 687 3082 mulitudine,
721 3013 750 3068 si
778 3013 819 3068 itu
846 3011 988 3087 occidui,
1013 3009 1085 3066 dis·

136 3115 246 3158 sessu
266 3100 516 3156 munitionum
541 3097 704 3171 praesidia
726 3096 930 3170 circumfundi
947 3100 1083 3170 possent,

136 3178 301 3242 uut‘cum
325 3183 466 3256 periculo
496 3199 534 3241 eu
560 3183 674 3240 cestris
702 3183 809 3253 ceredi
835 3183 1083 3251 cuperentur.
1122 3209 1124 3215 ι
1164 3245 1166 3248 .

137 3267 261 3328 Dierum
276 3269 402 3340 trienna
417 3283 442 3326 e.
460 3283 487 3339 q.
504 3285 529 3324 s.
565 3261 608 3323 At
629 3281 713 3323 nunc
734 3261 872 3344 priorem
895 3257 1084 3321 sententiam
1123 3275 1124 3278 ’

134 3356 208 3432 post
221 3346 354 3410 verbum
372 3359 502 3426 possent
521 3368 572 3426 me
595 3347 734 3409 finivisse
757 3351 938 3428 sequentem
955 3363 995 3404 ex
1010 3339 1084 3425 Nip·
1167 3393 1170 3398 .

134 3433 258 3518 perdeii
280 3433 399 3496 ratione
421 3433 454 3493 in
476 3431 559 3494 hunc
581 3429 707 3494 modum
731 3430 929 3492 constituisse
943 3425 1084 3489 mallem:

135 3523 189 3584 Ac
215 3540 260 3581 ne
293 3539 358 3582 meni
386 3523 527 3597 periculo
556 3525 598 3580 eu'
630 3522 743 3579 rustris
776 3519 883 3592 effredi
911 3524 1081 3590 coeatur,
