2490 3974
169 244 231 308 248
418 242 547 306 BELLI
568 241 864 308 HISPANOENSIS

171 421 262 502 equo}
286 434 358 478 cum
378 411 484 499 pedite
513 411 726 499 congreditur,
756 436 796 479 ne
819 435 954 500 usquam
983 436 1050 498 par
1081 414 1140 479 ha·

169 499 271 564 betur.
293 499 331 564 Id
353 499 437 586 quod
457 501 491 562 in
505 499 565 564 hoc
587 499 703 563 eccidit
728 437 858 584 proelio.
876 499 981 578 Quum
1001 499 1140 584 pedites
1186 492 1191 517 ¹

170 585 233 650 levi
266 594 424 648 armatura
455 583 529 648 lecti
564 583 606 648 ad
640 606 779 670 pugnam
815 583 972 671 equitibus
1008 585 1140 648 nostris
1188 584 1197 647 l

170 669 430 756 necopinantibus
458 671 630 751 venissent,
659 669 756 756 idque
782 670 816 732 in
844 669 963 755 proelio
986 669 1138 733 animad-

168 777 297 820 versum
318 765 412 836 esset,
435 754 610 840 complures
633 755 786 841 exequie
808 754 1053 819 descenderunt.
1084 753 1139 817 Ita

170 845 285 925 exiguo
320 850 463 925 tempore
481 862 595 926 'eques
637 839 784 924 pedestre
821 839 929 925 [pedes
964 845 1135 924 equestre]

169 925 325 1011 proelium
345 925 451 990 facere
473 927 585 1010 eoepit,
608 947 708 1009 usque
728 947 765 989 eo
787 934 822 988 ut
836 924 963 988 caedem
978 925 1136 1008 proxime

169 1010 293 1076 avallo
314 1011 455 1074 iecerint.
476 1009 516 1072 ln
538 1032 599 1095 quo
620 1009 741 1097 proelio
769 1006 1021 1074 adversariorum
1047 1011 1135 1072 ceci-

169 1095 282 1160 derunt
304 1102 422 1175 GXXlll,
446 1094 684 1181 compluresque
711 1097 805 1158 armis
828 1096 922 1175 exuti,
944 1093 1038 1156 multi
1060 1094 1135 1158 vul-

168 1181 297 1245 neribus
320 1181 424 1244 affecti
444 1181 478 1244 in
501 1189 606 1243 castra
628 1189 701 1242 sunt
720 1179 850 1246 redacti.
873 1179 981 1243 Nostri
1002 1179 1136 1242 cecide-

169 1275 244 1329 runt
274 1274 323 1348 1113
352 1267 449 1329 saucii
477 1271 528 1327 Xll
556 1265 678 1351 pedites
701 1275 732 1330 et
761 1267 881 1350 equites
904 1273 939 1327 V.
961 1263 1041 1327 Eius
1066 1265 1136 1328 diei

171 1351 348 1437 insequenti
369 1341 514 1435 tempor&
538 1351 672 1434 pristina
699 1349 925 1416 consuetudine
954 1371 1012 1434 pro
1034 1371 1134 1414 muro

190 1438 303 1522 ugnari
331 1447 475 1520 coeptum
505 1444 561 1498 cst.
585 1435 691 1515 Quum
711 1435 794 1499 bene
819 1456 966 1518 magnam
987 1433 1133 1498 multitu-

168 1458 275 1584 dinem
300 1520 434 1586 telorum
461 1523 631 1606 ignemque
659 1522 776 1584 nostris
806 1518 1049 1584 defendentibus
1083 1521 1133 1582 in·

168 1607 324 1688 iecissent,
357 1605 528 1669 nefandum
565 1604 878 1690 crudelissimumque
909 1604 1031 1670 facinus
1056 1615 1134 1668 sunt

168 1693 309 1776 aggressi
340 1693 373 1754 in
405 1699 650 1776 conspectuque
674 1700 784 1755 nostro
817 1689 965 1774 hospites,
1002 1688 1059 1775 qui
1097 1691 1132 1752 in

169 1777 283 1860 oppido
306 1785 404 1858 erant,
426 1774 570 1861 iugulare
593 1787 624 1838 et
638 1775 679 1838 de
693 1797 783 1839 muro
798 1775 987 1860 praecipites
998 1776 1132 1850 mittere

168 1871 347 1946 coeperunt,
371 1863 462 1925 sicuti
477 1860 562 1946 apud
576 1860 748 1943 barbaros3
764 1859 851 1947 quod
871 1869 943 1944 post
963 1859 1130 1922 hominum

168 1949 352 2010 memoriam
372 1967 545 2046 numquam
567 1954 614 2014 est
635 1945 761 2010 factum

233 2033 282 2096 16.
305 2032 407 2095 Huius
438 2031 502 2094 diei
528 2040 670 2095 extremo
702 2038 842 2115 tempore
875 2052 895 2093 a
923 2028 1129 2113 Pompeianis

169 2116 249 2180 clam
271 2115 334 2203 [ad]
356 2124 482 2180 nostros
503 2113 686 2180 tabellarius
709 2125 758 2178 est
777 2119 902 2196 missus,
924 2122 959 2177 ut
981 2135 1020 2176 ea
1033 2125 1129 2178 nocte

167 2213 269 2266 turres
292 2224 333 2286 ag
355 2221 503 2287 eremque
524 2199 728 2266 incenderent
755 2210 787 2265 et
811 2201 904 2263 tertia
924 2197 1035 2283 vigilia
1056 2221 1127 2262 eru-

167 2288 306 2371 ptionem
366 2295 482 2350 cerent.
511 2285 561 2350 Ita
592 2287 666 2369 igne
697 2284 894 2370 telorumque
925 2282 1127 2348 multitudine

168 2373 249 2434 iacta
271 2394 367 2458 quum
387 2369 469 2436 bene
497 2391 645 2456 magnam
666 2379 789 2456 partem
810 2369 959 2455 temporis
982 2391 1126 2432 consum·

190 2457 313 2538 sissent,
345 2466 478 2542 portam,
509 2477 589 2540 quae
612 2463 636 2519 'e
664 2456 794 2539 regione
826 2465 858 2518 et
889 2456 923 2518 in
955 2466 1126 2538 conspectu

169 2479 296 2626 lompei
339 2552 514 2606 castrorum
555 2540 671 2621 fuerat,
709 2549 915 2626 aperuerunt,
952 2539 1125 2624 copiaeque

168 2635 251 2690 totae
274 2628 468 2712 eruptionem
490 2626 632 2690 fecerunt
660 2647 766 2689 secum
789 2647 830 2689 ue
860 2623 1041 2688 extulerunt
1060 2625 1125 2687 vir-

168 2710 263 2796 gulta,
295 2721 397 2775 crates
425 2711 466 2774 ad
495 2711 595 2776 fossas
625 2649 828 2796 complendas
862 2720 895 2774 et
926 2707 1124 2794 harpagones

167 2796 208 2860 sd
229 2817 329 2878 casas,
353 2818 435 2881 quae
457 2797 690 2862 stramentieiae
712 2793 752 2859 ab
780 2796 897 2859 nostris
918 2793 1123 2858 hibernorum

167 2903 263 2945 causa
295 2879 479 2946 aedificatae
512 2891 610 2963 erant,
639 2880 811 2944 diruendas
842 2889 874 2942 et
897 2877 1124 2960 incendendas,

167 2976 333 3052 praeterea
360 2977 537 3052 argentum,
567 2967 764 3047 vestimenta,
794 2974 837 3046 ut,
866 2964 941 3029 dum
969 2965 1070 3028 nostri
1090 2965 1123 3026 in

166 3050 285 3136 praeda
305 3051 494 3133 detinentur,
516 3051 563 3115 illi
583 3051 680 3116 caede
694 3051 777 3114 iacta
798 3049 839 3112 ad
860 3047 1019 3134 praesidia
1033 3048 1124 3112 Pom-

119 3138 122 3146 '
166 3137 218 3220 pei
248 3159 282 3200 se
309 3139 504 3222 reciperent:
526 3159 600 3200 uam
622 3135 707 3221 quod
729 3132 932 3199 existimabat
954 3155 1008 3198 eos
1029 3155 1124 3217 posse

167 3230 314 3285 censuim
335 3221 470 3303 efficere,
493 3232 585 3286 nocte
600 3230 666 3284 tota
681 3220 765 3284 ultra
786 3219 853 3288 ibat
867 3217 985 3282 flumen
1000 3217 1124 3282 Salsum

166 3308 200 3370 in
229 3308 305 3369 acie.
339 3304 432 3385 Quod
463 3307 581 3370 lactum
612 3305 687 3370 licet
718 3303 981 3390 necopinantibus
1008 3304 1123 3366 nostris

167 3400 252 3455 esset
273 3399 407 3476 gestum,
430 3407 537 3464 tamen
559 3395 677 3456 virtute
700 3390 772 3454 freti
793 3387 936 3474 repulsos
957 3386 1124 3473 multisque

166 3475 350 3540 vulneribus
387 3477 515 3542 affectos
552 3475 668 3563 oppido
702 3482 933 3559 represserunt,
974 3471 1123 3560 praedam
