2490 3974
173 257 233 322 174
430 255 560 318 BELLI
582 253 882 318 ALEXANDRlNl

170 428 334 514 Bogudem
356 430 390 493 in
411 427 634 494 Mauritaniam
656 437 688 492 et
715 425 758 490 M.
782 426 937 513 Lepidum
959 449 1152 512 proconsu-

169 513 232 578 lem
259 515 293 578 in
324 513 513 599 Hispaniam
547 515 725 580 citeriorem
756 514 860 596 mittit,
895 512 1038 578 subsidio
1076 513 1150 578 sibi
1221 531 1222 536 ’

169 601 415 746 provinciaeque
439 599 586 663 Caesaris
608 621 706 663 causa
721 620 815 682 quam
838 599 974 683 primum
995 600 1146 664 veniret.

185 703 243 769 pse
265 683 371 749 hostili
392 684 486 748 modo
515 683 770 749 Cordubensium
792 705 887 766 agros
909 692 1022 764 vastat,
1048 683 1147 748 aedi·
1223 767 1224 778 ἵ

69 829 73 835 .
169 769 242 834 ficia
263 770 413 834 incendit.

236 855 289 919 60.
313 854 411 919 Cuius
433 856 479 920 rei
506 853 705 919 deformitate
730 862 825 940 atque
846 853 1034 940 indignitate
1057 853 1146 938 legi-

171 961 257 1021 ones,
282 961 363 1026 quae
383 940 571 1004 Marcellum
594 939 653 1003 sibi
675 939 789 1004 ducem
812 949 971 1024 ceperant,
995 938 1038 1002 ad
1061 961 1145 1004 eum

171 1034 408 1107 concurrerunt,
445 1035 481 1090 ut
515 1027 549 1089 in
586 1026 686 1089 aciem
723 1024 943 1106 educerentur,
979 1025 1145 1110 priusque

171 1110 365 1196 confligendi
387 1109 448 1175 sibi
468 1119 608 1196 potestas
629 1109 729 1192 ficret,
746 1131 841 1197 quam
863 1131 935 1172 cum
957 1117 1046 1172 tanta
1061 1131 1144 1174 con-

170 1196 300 1260 tumelia
321 1195 536 1260 nobilissimae
557 1196 803 1280 carissimaeque
824 1196 1041 1280 possessiones
1059 1193 1146 1258 Cor-

172 1280 361 1344 dubensium
382 1282 416 1345 in
438 1289 609 1366 conspectu
624 1303 680 1344 suo
695 1280 826 1365 rapinis,
842 1279 926 1344 ferro
942 1279 1144 1366 flammaque

172 1375 441 1431 consumerentur.
449 1364 629 1447 Marcellus,
639 1388 735 1452 quum
743 1365 1145 1450 confligeremiserrimum
1221 1379 1222 1386 ³

170 1459 306 1536 putaret,
366 1450 430 1516 uod
459 1460 490 1516 et
518 1453 648 1515 victoris
677 1458 708 1514 et
735 1451 813 1514 victi
842 1451 1066 1514 detrimentum
1097 1449 1144 1514 ad

172 1535 308 1600 eundem
359 1558 503 1602 cesarem
532 1546 616 1600 esset
643 1535 901 1618 redundatmum,
931 1556 1034 1620 neque
1057 1557 1142 1600 suae
1223 1559 1224 1596 t

171 1622 335 1708 potestatis
358 1631 451 1705 esset,
481 1621 624 1708 legiones
653 1621 778 1688 Baetim
805 1621 943 1687 traducit
970 1622 1144 1706 aciemque

170 1707 308 1772 instruit.
353 1706 460 1786 Quum
501 1707 630 1772 Cassius
674 1716 785 1772 contra
819 1729 879 1793 pro
920 1707 985 1770 suis
1020 1707 1143 1770 castris

172 1795 273 1858 aciem
294 1795 498 1858 instruxisset
518 1792 588 1859 loco
612 1814 648 1856 su
672 1793 783 1866 eriere,
821 1814 918 1856 causa
939 1792 1142 1876 interposita,

173 1878 258 1966 quod
280 1879 307 1944 is
329 1880 363 1944 in
385 1901 423 1943 ae
446 1901 522 1946 uum
550 1901 615 1950 non
644 1815 860 1960 descenderet,
883 1876 1055 1942 Marcellus
1078 1878 1141 1940 mi·

171 1961 280 2028 litibus
301 1902 483 2050 persuadet,
506 1972 541 2027 ut
562 1985 597 2026 se
617 1964 797 2048 reciperent
818 1964 852 2028 in
874 1971 989 2028 castra.
1022 1963 1073 2026 lta
1095 1983 1141 2026 ue

172 2051 280 2134 copias
309 2051 462 2115 reducere
489 2049 602 2134 coepit.
634 2047 773 2130 Cassius,
790 2071 865 2135 ¹quo
893 2048 977 2112 bono
1004 1985 1140 2112 valebat

173 2133 423 2221 Marcellumque
445 2134 605 2198 infirmum
621 2157 691 2200 esse
714 2133 843 2214 sciebat,
860 2155 1031 2219 aggressus
1047 2134 1139 2218 equi·

172 2227 240 2282 tatu
260 2218 451 2303 legionarios
475 2241 508 2284 se
531 2220 720 2304 recipientes
743 2219 919 2306 complures
941 2218 1138 2283 novissim0s

171 2304 205 2368 iu
234 2302 372 2372 fluminis
401 2306 480 2390 ripis
509 2305 677 2370 interfecit.
706 2303 812 2383 Quum
840 2304 901 2370 hoc
933 2303 1138 2386 detrimento,

173 2388 250 2474 quid
276 2392 427 2454 transitus
453 2390 592 2455 fluminis
618 2391 688 2454 vitii
709 2388 965 2476 difficultatisque
992 2387 1136 2470 haberet,

174 2475 335 2558 cognitum
357 2485 450 2556 esset,
483 2474 656 2539 Marcellus
690 2485 794 2540 castra
819 2474 944 2540 Baetim
972 2473 1135 2554 transfert,

173 2559 349 2645 crebroque
381 2571 516 2646 uterquc
544 2559 685 2646 legiones
706 2562 740 2623 in
763 2561 863 2624 aciem
886 2559 1007 2642 educit3
1029 2581 1136 2645 neque

173 2654 280 2710 tamen
296 2645 478 2732 confligitur
499 2655 629 2731 propter
651 2645 792 2710 locorum
815 2644 1028 2708 difficultates.

185 2778 186 2782 ,
237 2730 288 2794 61.
311 2729 391 2794 Erat
418 2732 516 2818 copiis
551 2731 750 2816 pedestribus
772 2729 870 2796 multo
903 2732 1023 2798 firmior
1050 2728 1132 2792 Mar-

174 2814 290 2880 cellus:
320 2815 461 2880 habebat
489 2818 572 2881 enim
603 2825 771 2881 veteranas
801 2815 970 2901 multisque
1003 2814 1134 2900 proeliis

175 2910 330 2987 expertas
346 2901 499 2986 legiones.
530 2899 660 2965 Cassius
688 2900 763 2965 fidei
785 2901 886 2986 magis
909 2923 1004 2985 quam
1025 2899 1135 2963 virtuti

173 2985 334 3072 legionum
367 2986 557 3051 confidebat.
592 2987 713 3072 Itaque,
748 3007 845 3072 quum
881 2994 985 3048 castra
1021 2985 1134 3048 castris

174 3071 289 3136 collata
311 3081 427 3154 essent,
451 3083 482 3136 et
502 3071 674 3136 Marcellus
696 3071 801 3136 locum
830 3070 981 3134 idoneum
1003 3068 1132 3134 castello

174 3159 320 3244 cepisset,
344 3179 406 3244 quo
427 3156 597 3244 prohibere
621 3179 704 3242 aqua
726 3155 896 3220 Cassianos
911 3164 1027 3240 posset,
1050 3154 1132 3219 Lon·

174 3244 267 3329 ginus
288 3245 418 3324 veritus,
441 3265 482 3307 ne
505 3264 622 3328 genere
651 3241 788 3342 quodam
812 3240 983 3305 obsidionis
1007 3239 1129 3304 claude·

173 3337 261 3394 retur
287 3331 322 3392 in
352 3328 539 3414 regionibus
572 3327 683 3392 aliems
717 3325 840 3412 sibique
869 3325 1001 3408 infestis,
1034 3334 1127 3389 noctu

175 3413 300 3482 silentio
337 3435 379 3476 ex
415 3416 526 3478 castris
592 3413 780 3478 reficiscitur
824 3410 983 3497 celerique
1018 3411 1129 3480 itinere

174 3497 280 3562 Uliam
303 3499 474 3580 contendit,
498 3436 590 3585 quodJ
604 3497 666 3562 sibi
684 3496 779 3562 fidele
802 3519 872 3562 esse
894 3496 1044 3582 oppidum
1065 3517 1128 3559 cre-
