2490 3974
205 261 269 326 212
519 257 648 322 BELLI
669 255 860 320 AFRICAE

204 431 398 496 facultatem.
413 431 566 496 Eiusdem
578 429 668 494 collis
679 427 856 513 occupandi
871 425 997 514 [gratia]
1008 427 1197 492 Labienus

206 515 374 580 consilium
396 529 524 601 ceperat
544 527 585 596 et,
609 537 670 600 quo
685 515 831 599 propiore
847 512 916 577 loco
930 511 1048 596 fuerat,
1076 536 1124 579 eo
1142 536 1196 577 ec·

204 599 303 664 lerius
320 613 510 666 occurrerat

270 687 322 750 50.
337 687 416 750 Erat
428 686 671 752 convallis-satis
685 707 803 768 magna
813 683 987 764 latitudine,
1004 683 1193 748 altitudine

204 783 380 856 praerupta
401 772 520 836 crebris
544 772 620 836 locis
636 769 806 856 speluncae
821 771 855 832 in
877 769 1004 833 modum
1020 771 1191 851 subrutis,

203 879 287 943 quae
306 870 373 921 erat
394 856 657 942 tr·ansgredienda
681 854 820 936 Caesari,
843 865 1013 940 antequam
1039 855 1086 918 ad
1112 878 1190 920 eum

205 941 329 1024 collem,
353 965 447 1027 quem
471 965 585 1027 capere
613 940 749 1022 volebat,
772 941 1003 1026 perveniretur,
1026 940 1189 1027 ultraque

203 1049 276 1091 eam
312 1027 489 1091 convallem
526 1027 677 1092 olivetum
714 1036 806 1090 vetus
843 1025 965 1090 crebris
1003 1025 1187 1090 arboribus

204 1113 409 1176 condensum.
433 1113 495 1176 Hic
511 1135 607 1198 quum
622 1112 782 1175 Labienus
798 1111 1081 1174 animadvertisset
1100 1111 1186 1176 Cae

201 1219 317 1280 sarem,
341 1199 489 1262 si‘vellet
511 1219 583 1262 eum
605 1197 710 1261 locum
737 1218 904 1281 occupare,
925 1197 1015 1282 prius
1038 1219 1186 1260 neeesse

203 1306 275 1348 esse
288 1283 465 1347 convallem
478 1283 692 1368 olivetumque
704 1282 894 1367 transgredi,
908 1303 1017 1346 eorum
1030 1281 1184 1346 locorum

147 1411 154 1432 .
206 1371 326 1454 peritus
354 1370 390 1432 in
418 1368 543 1432 insidiis
575 1391 647 1436 cum
669 1378 761 1452 parte
791 1369 948 1452 equitatus
970 1365 1110 1452 levique
1135 1391 1183 1430 ar-

201 1463 326 1517 matura
355 1455 499 1519 consedit
529 1465 561 1518 et
589 1464 757 1539 praeterea
784 1463 856 1538 post
884 1461 1024 1520 montem
1050 1455 1182 1537 equites

199 1540 236 1602 in
258 1539 381 1604 occulto
404 1538 634 1621 collocaverat,
657 1548 700 1619 ut,
725 1561 821 1624 quum
842 1540 854 1600 i
877 1561 916 1602 se.
934 1560 975 1602 ex
996 1537 1181 1622 improviso

201 1623 393 1710 legionarios
435 1625 564 1690 adortus
602 1635 700 1705 esset,
739 1647 779 1687 ex
822 1561 903 1688 colle
941 1645 974 1686 se
1011 1625 1180 1708 equitatus

202 1710 394 1793 ostenderet,
407 1721 450 1776 'et
468 1733 506 1774 re
528 1709 649 1796 duplici
670 1709 872 1794 perturbatus
895 1708 1016 1773 Caesar
1038 1709 1179 1795 eiusque

202 1798 361 1859 exercitus
390 1819 495 1883 neque
520 1805 606 1860 retro
636 1795 839 1880 regrediundi
867 1817 971 1880 neque
992 1793 1081 1858 ultra
1104 1818 1178 1879 pro

198 1881 338 1946 cedendi
365 1881 472 1946 oblata
501 1881 651 1946 facultate
677 1882 913 1944 circumventus
941 1879 1177 1944 concideretur.

203 1965 323 2030 Caesar
358 1977 526 2052 postquam
560 1989 577 2030 e
602 1968 702 2029 uitatu
736 1976 808 2030 ante
841 1966 1017 2051 praemisso
1051 1966 1176 2030 inscius

199 2052 388 2116 insidiarum
425 2075 524 2138 quum
632 2073 704 2114 eum
740 2051 845 2114 locum
866 2053 1023 2130 -venisset,
1072 2049 1177 2116 abditi

200 2139 272 2201 sive
294 2137 383 2203 obliti
412 2147 654 2223 praeceptorum
683 2137 819 2200 Labieni
850 2139 917 2200 sive
946 2137 1051 2216 veriti,-
1076 2159 1121 2200 ne
1144 2139 1175 2202 iu

200 2222 286 2286 fossa
308 2222 348 2288 ab
373 2223 530 2309 equitibus
553 2224 818 2308 opprimerentur,
841 2223 906 2285 rari
928 2244 966 2286 ac
989 2221 1111 2306 singuli
1136 2222 1174 2285 de

197 2330 280 2393 rupe
301 2308 429 2394 prodire
452 2319 484 2373 et
507 2329 630 2372 summa
651 2319 760 2393 petere
783 2306 884 2372 collis.
907 2306 996 2385 Quos
1020 2305 1174 2372 Caesaris

197 2394 326 2480 equites
349 2398 510 2459 consecuti
539 2395 656 2478 partim
684 2393 920 2474 interfecerunt,
943 2393 1061 2477 partim
1084 2393 1174 2457 vivo

154 2525 156 2528 -
199 2501 274 2544 rum
295 2489 368 2542 sunt
389 2482 495 2565 potiti3
520 2479 634 2543 deinde
655 2481 798 2563 protinus
829 2478 942 2543 collem
964 2488 1075 2562 petere
1098 2499 1174 2543 con

197 2565 371 2629 ,tenderunt
394 2577 489 2652 atque
518 2587 590 2628 eum
621 2565 755 2630 decusso
777 2564 914 2628 Labieni
936 2562 1098 2648 praesidio
1123 2585 1173 2628 ee

198 2649 311 2714 leniter
338 2660 581 2735 occupaverunt.
610 2650 773 2714 Labienus
804 2671 876 2713 cum
905 2657 996 2734 parte
1028 2649 1172 2735 equitum

200 2737 256 2800 vix
278 2735 354 2822 fuga
377 2736 438 2800 sibi
459 2737 582 2821 peperit
604 2734 749 2798 salutem.

264 2821 316 2886 51.
339 2821 411 2884 Hac
432 2843 467 2884 re
489 2844 547 2906 per
569 2822 690 2906 equites
717 2831 808 2906 gesta
839 2819 959 2884 Caesar
988 2818 1170 2902 legionibus

199 2928 299 2992 opera
321 2906 483 2970 distribuit
506 2916 601 2993 atque
623 2907 657 2971 in
686 2928 724 2970 eo
747 2904 838 2986 colle,
863 2928 925 2991 quo
949 2914 1018 2968 erat
1039 2905 1169 2989 potitus,

198 2994 469 3056 castrarmunivit
492 2990 619 3056 Deinde
641 2989 681 3054 ab
713 2993 777 3055 suis
806 2993 952 3054 maximis
976 2990 1089 3054 castris
1111 3013 1170 3074 per

199 3077 341 3141 medium
363 3100 507 3163 eampum
524 3100 541 3141 e
556 3078 686 3160 regione
702 3076 809 3162 oppidi
830 3075 966 3158 Uzittae,
984 3075 1169 3160 quodinter

198 3185 259 3226 sua
292 3173 396 3226 castra
429 3173 460 3227 et
492 3162 650 3247 Scipionis
686 3163 721 3225 in
756 3161 887 3247 planitie
922 3162 1062 3246 positum
1093 3171 1169 3226 verat

197 3247 432 3334 tenebaturque
455 3271 475 3312 a
498 3247 654 3332 Scipione,
686 3246 747 3312 duo
777 3246 908 3311 brachia
936 3246 1072 3309 instituit
1094 3245 1168 3312 duci

197 3344 233 3397 et
254 3335 299 3396 ita
322 3333 470 3418 dirigere,
492 3343 529 3398 ut
551 3331 592 3398 ad
608 3332 759 3417 angulum
775 3333 923 3396 dextrum
939 3332 1168 3416 sinistrumque

196 3419 268 3480 eius
292 3418 399 3503 oppidi
421 3419 638 3483 convenirent.
661 3416 699 3483 Id
714 3419 774 3482 hac
793 3419 916 3482 ratione
931 3417 1165 3502 opusinstrue·

196 3499 265 3582 bat,
282 3513 338 3584 ut,
371 3526 468 3589 quum
494 3503 625 3590 propius
656 3503 943 3590 oppidumrcopias
973 3503 1168 3570 admovisset
