2534 3970
392 209 527 279 ΟΟΜΜ.
549 213 580 275 V
601 213 695 281 cAP.
718 215 810 282 1-4.
1036 213 1078 280 89

124 383 282 469 expeditis
304 390 341 446 IV
364 395 396 448 et
485 382 578 450 'tibus
600 390 691 451 DCCC
712 387 745 450 ln
765 383 845 450 fines
867 385 1079 450 Treverorum

123 467 351 555 proficiscitur,
382 491 442 554 quo
491 469 525 533 hi
552 491 655 556 neque
688 469 730 536 ad
751 469 886 535 eoncilia
910 470 1080 536 veniebant

124 576 165 619 ne
187 575 228 619 ue
250 555 382 639 imperio
397 553 550 638 parebant
564 553 803 642 Germanosque
818 554 1079 622 Transrhenanos
1094 590 1097 598 ,

125 661 159 706 se
188 640 297 706 ‘citare
319 638 511 704 dicebantur.

122 748 128 760 ¹
190 724 221 788 3.
243 724 333 789 Haeo
367 725 477 788 civitas
509 725 603 809 longe
636 723 805 810 plurimum
837 726 933 790 totius
956 723 1079 796 Galliae

126 811 270 894 equitatu
291 808 377 873 valet
398 831 591 894 magnasque
613 809 710 876 habet
724 811 831 894 copias
846 810 986 895 peditum
999 810 1079 877 Rhe-

126 916 282 979 numque,
313 904 347 956 ut
375 917 470 978 supra
497 894 798 976 demonstravimus,
828 897 938 980 tangit
982 891 1020 958 In
1042 917 1081 960 ea

128 981 256 1044 civitate
293 979 355 1044 duo
387 979 427 1042 de
459 981 637 1065 principatu
665 981 747 1044 inter
776 1002 816 1044 se
837 979 1094 1064 contendebant,

127 1062 362 1129 Indutiomarus
379 1074 410 1128 et
433 1063 493 1128 Cin
517 1066 634 1147 storin,
670 1064 826 1152 equibus
847 1063 943 1147 altar,
975 1065 1081 1130 simul·

129 1158 224 1234 atque
252 1148 292 1215 de
326 1147 472 1214 Caesaris
494 1087 722 1236 legionumque
752 1149 893 1216 advomu
921 1152 1082 1236 cognitum

129 1244 188 1316 est,
211 1233 253 1298 ad
275 1255 347 1298 eum
368 1235 471 1316 venit,
499 1257 534 1301 se
556 1257 692 1320 suosque
715 1256 824 1300 omnes
852 1235 887 1299 in
909 1235 1013 1300 officio
1034 1235 1082 1299 fu·

128 1327 217 1384 turos
249 1341 353 1420 neque
374 1320 415 1385 ab
438 1320 575 1386 amicitia
602 1319 711 1406 populi
742 1319 875 1386 Romani
903 1321 1081 1386 delectmos

131 1404 331 1470 confirmant
351 1427 495 1492 quaeque
516 1407 550 1468 in
565 1404 713 1472 Treveris
734 1415 921 1489 gererentur
936 1405 1081 1472 ostendit

129 1491 176 1555 At
194 1489 426 1556 Indutiomarus
449 1491 622 1576 equitatum
643 1490 880 1575 peditatumque
896 1491 1018 1574 cogere
1030 1491 1082 1554 iis-

131 1597 210 1662 que,
244 1577 298 1659 qui
325 1597 382 1660 per
404 1583 540 1640 aetatem
571 1577 721 1640 inarmis
750 1597 820 1640 esse
842 1597 907 1641 non
927 1585 1083 1660 poterant,

131 1661 166 1724 in
201 1659 314 1726 silvam
346 1661 551 1724 Arduennam
584 1660 716 1743 abditis,
751 1682 833 1746 quae
865 1661 987 1744 ingenti
1018 1683 1084 1724 ma·

178 1745 296 1810 'tudine
325 1769 382 1830 per
411 1745 531 1812 medios
560 1747 639 1811 fines
667 1745 879 1810 Treverorum
908 1767 927 1809 a
955 1745 1085 1811 flumine

130 1769 244 1896 ffieno
267 1830 308 1894 ad
328 1832 451 1898 initium
472 1831 808 1917 Remorumpertinet,
831 1830 950 1895 bellum
971 1851 1084 1916 parare

132 1917 275 1982 instituit.
324 1915 390 1980 Sed
449 1928 632 2002 osteaquam
669 1915 813 1982 nonnulli
850 1916 1009 2002 principes
1044 1937 1085 1981 ex

133 2025 174 2066 ea
202 2003 329 2066 civitate
357 2010 388 2066 et
427 2001 625 2066 amiliaritate
653 2001 866 2088 Cingetorigis
894 2001 1021 2066 adducti
1055 2009 1087 2066 et

133 2086 273 2152 adventu
312 2089 411 2152 nostri
450 2089 608 2152 exereitus
640 2089 802 2174 perterriti
838 2087 879 2151 ad
916 2085 1085 2152 Gaesarem

133 2181 291 2238 venerunt
316 2181 348 2236 et
376 2173 417 2239 de
446 2173 510 2236 suis
539 2175 687 2259 privatim
713 2172 809 2237 rebus
839 2172 879 2236 ab
913 2195 951 2237 eo
978 2182 1087 2258 petere

134 2267 321 2343 coeperunt,
353 2259 502 2344 quoniam
530 2259 648 2323 civitati
671 2257 837 2324 consulere
858 2279 922 2322 non
948 2267 1085 2343 possent,

134 2345 272 2426 veritis,
305 2364 346 2406 ne
375 2343 416 2407 ab
438 2342 583 2409 omnibus
606 2343 817 2424 desereretur,
851 2342 1086 2407 Indutiomarus

134 2427 257 2514 legatos
286 2428 328 2493 ad
357 2427 528 2496 Caesarem
556 2429 666 2492 mittit:
701 2427 779 2494 Sese
806 2427 926 2493 ideireo
953 2428 993 2492 ab
1022 2429 1087 2491 suia

135 2513 305 2578 discedere
326 2523 420 2598 atque
435 2513 475 2578 ad
490 2536 563 2579 eum
576 2515 686 2580 venire
707 2513 857 2594 noluisse,
880 2535 942 2599 quo
964 2512 1087 2576 facilius

135 2600 297 2663 civitatem
317 2600 352 2662 in
379 2598 482 2662 officio
505 2599 697 2678 contineret,
727 2621 768 2664 ne
791 2599 892 2664 omnis
914 2597 1088 2662 nobilitatis

135 2683 280 2760 discessu
302 2682 394 2768 plebs
416 2692 545 2770 propter
570 2683 813 2768 imprudentiam
834 2682 1009 2748 laberetur:
1032 2683 1089 2747 ita·

135 2791 199 2855 que
222 2790 294 2832 esse
316 2770 475 2834 civitatem
490 2771 524 2834 in
539 2791 595 2834 sua
612 2777 777 2854 potestate,
800 2790 944 2853 seseque,
968 2769 994 2830 si
1010 2765 1089 2833 an-

136 2876 190 2920 ser
211 2855 417 2939 permitteret,
440 2852 481 2918 ad
503 2875 575 2918 eum
603 2854 637 2917 in
666 2861 772 2918 castra
796 2863 980 2933 venturum,
1016 2873 1089 2918 suas

137 2939 338 3024 civitatisque
359 2939 499 3004 fortunas
522 2939 589 3002 eius
610 2937 686 3004 fidei
707 2939 944 3022 permissurum.

201 3025 233 3091 4.
258 3022 385 3106 Caesar,
409 3025 469 3088 etsi
490 3022 702 3107 intellegebat,
721 3045 788 3108 ‚qua
810 3022 850 3086 de
868 3043 964 3086 eausa
985 3045 1024 3086 ea
1045 3021 1090 3084 di-

137 3118 297 3190 cerentur,
321 3131 465 3194 quaeque
488 3131 559 3172 eum
580 3129 632 3172 res
654 3107 695 3173 ab
718 3109 860 3171 instituto
884 3105 1014 3172 consilio
1037 3105 1090 3170 de·

139 3202 282 3276 terreret,
304 3203 420 3274 tamen,
443 3215 484 3259 ne
506 3201 658 3258 aestatem
680 3193 713 3256 in
736 3191 883 3256 Treveris
907 3212 1091 3254 consumere

139 3288 306 3365 cogeretur
342 3278 487 3344 omnibus
519 3279 560 3343 ad
590 3278 809 3341 Britannicum
841 3275 960 3340 bellum
996 3275 1091 3340 rebus

140 3365 346 3450 comparatis,
375 3363 625 3428 Indutiomarum
647 3361 687 3426 ad
710 3383 744 3426 se
767 3383 839 3426 cum
862 3367 905 3425 CC
927 3359 1091 3426 obsidibus

140 3450 250 3519 venne
271 3449 372 3515 iussit.
404 3449 476 3516 ,His
499 3448 659 3527 adductis,
692 3447 785 3510 iniis
808 3444 872 3509 filio
894 3446 1093 3532 propinquis-
