2534 3970
194 221 236 287 38
451 223 512 286 DE
533 221 676 287 BELLO
700 220 890 287 GALLICO

195 416 231 457 ro
254 410 360 458 eorum
383 395 488 456 omnia
510 415 544 456 se
565 392 684 456 habere
699 370 863 493 explorata
883 391 973 455 Remi
990 391 1145 474 dicebant,

195 488 361 577 propterea
377 477 459 563 quod
480 479 694 563 propinquitat
681 476 764 542 tibus
789 477 918 540 affinitat
906 476 1051 562 tibusque
1075 500 1146 541 con·

194 564 306 644 iuncti,
340 574 487 649 quantam
517 565 650 649 quisque
676 562 942 626 multitudinem
934 586 966 624 m
990 564 1146 626 communi

195 612 366 748 Belgarum
388 647 519 712 concilio
541 647 582 712 ad
596 648 629 711 id
643 647 762 712 bellum
782 646 938 732 pollicitus
962 649 1009 727 sit,
1033 669 1146 732 cogno-

196 736 308 796 verint.
332 732 530 796 Plurimum
521 743 603 798 mter
617 755 671 798 eos
682 732 870 797 Bellovacos
883 742 915 795 et
924 697 1040 796 virtiite
1052 742 1084 796 et
1094 755 1147 796 au-

196 819 320 880 ctoritat
307 816 546 881 esthommum
555 839 686 882 numero
695 817 816 881 valere
809 816 985 901 hosposse
994 817 1148 882 conficere

197 911 317 967 armata
338 901 423 964 milia
453 912 594 983 centurn,
651 902 783 966 ollioitcs
806 925 847 966 ex
870 925 907 966 eo
929 923 1060 965 numero
1085 901 1146 966 ele·

197 996 248 1050 ota
270 988 435 1070 sexaginta
450 989 609 1072 totiusque
586 926 724 1050 letti
716 989 880 1073 imperium
896 986 956 1050 sibi
977 996 1048 1072 post
1035 987 1147 1050 t.ulare

197 1071 381 1135 Suessiones
398 1087 469 1134 suos
482 1094 552 1136 esse
564 1071 727 1154 finitimos,
742 1071 911 1136 latissimos
926 1073 1149 1136 feracissimos·
1201 1085 1207 1098 ·

198 1178 259 1256 que
281 1177 375 1242 agros
396 1157 569 1242 possidere
600 1157 696 1242 Apud
718 1120 770 1221 bos
793 1158 890 1220 fuisse
912 1179 1021 1240 regem
1042 1167 1149 1220 nostra

197 1243 291 1320 etiam
312 1243 464 1305 memoria
485 1242 584 1306 Divit'
563 1252 688 1323 tracum,
711 1243 805 1305 totius
828 1241 1025 1306 Galliaet
948 1263 1012 1341 po
1013 1243 1148 1305 tentissi-

196 1348 292 1408 mum,
313 1328 368 1473 {ui
383 1347 477 1410 quum
500 1348 633 1426 magnae
644 1329 743 1412 partis
758 1326 868 1390 harum
888 1327 1062 1411 regionum,
1084 1336 1150 1390 tum

198 1411 292 1475 etiam
343 1413 525 1475 ritanniae
517 1412 683 1496 1mperium
706 1412 768 1476 obt
747 1414 888 1475 tinuerit:
911 1434 995 1474 nunc
1018 1433 1087 1474 esse
1102 1434 1150 1475 re-

197 1517 269 1582 gem
283 1495 427 1560 Galbam.
450 1496 490 1558 ad
501 1496 584 1560 hunc
595 1506 721 1581 propter
730 1498 879 1561 iustitiam
912 1496 1034 1560 rt'uden
1014 1505 1151 1580 tiamque

198 1602 288 1644 suam
309 1583 410 1644 totius
426 1580 502 1645 belli
516 1603 670 1644 summam
692 1583 831 1645 omnium
845 1519 955 1645 volimt
943 1592 1005 1645 tate
1021 1581 1151 1663 (ιιιιιιις

197 1666 314 1765 oppida
341 1665 459 1729 habere
491 1689 622 1730 numero
650 1674 716 1747 th,
746 1666 888 1751 polliceri
916 1666 1002 1729 milia
1032 1677 1152 1729 anneta

198 1752 438 1851 quinquaginta3
460 1752 590 1816 totidem
603 1751 747 1832 Nervios,
771 1752 824 1838 qui
838 1752 975 1815 maxime
997 1750 1078 1815 feri
1069 1761 1152 1816 mter

197 1837 282 1920 ipsos
319 1835 496 1898 habeantur
531 1835 775 1922 longissimeque
812 1836 935 1899 absint·
904 1845 935 1916 t,
974 1836 1152 1922 quindecim

198 1920 285 1984 milia
312 1919 447 1984 Atrebat
434 1930 498 2002 t,es
532 1920 705 1985 Ambianos
739 1921 848 1985 decem
881 1921 982 2003 milia,
1012 1921 1152 1985 Morinos

198 2010 277 2069 XXV
292 2005 388 2087 milia,
411 2006 574 2092 Menapios
592 2014 640 2067 Vll
655 2005 750 2086 milia,
775 2005 901 2070 Caletos
924 2012 950 2066 X
971 1970 1069 2088 inilia,
1092 2007 1153 2070 Ve-

199 2089 337 2155 locasses
359 2054 391 2154 ιι
411 2090 651 2156 Veromanduos
673 2055 812 2169 totidem,
839 2090 1021 2155 Aduatucos
1044 2054 1154 2154 decem

199 2183 230 2238 et
257 2196 373 2238 novem
401 2175 504 2258 milia,
539 2175 734 2257 Condrusos,
756 2175 938 2258 Eburones,
969 2174 1153 2257 Caeroesos,
1253 2175 1254 2180 ’

198 2260 389 2342 Paemanos,
424 2263 477 2346 qui
508 2284 572 2325 uno
603 2262 730 2326 nomine
760 2260 910 2325 Germani
943 2260 1153 2346 appellantur,

198 2345 346 2409 arbitrari
367 2346 408 2409 ad
428 2353 474 2408 XL
500 2346 595 2409 milia.

261 2429 291 2493 5.
316 2429 436 2494 Caesar
456 2429 571 2495 Remos
601 2430 781 2495 cohortatus
804 2401 1038 2517 liberaliterque
1061 2431 1154 2494 orati·
1253 2431 1254 2436 ’

199 2536 259 2580 one
291 2524 480 2616 prosecutus
513 2536 637 2579 omnem
670 2525 813 2579 senatum
846 2515 887 2580 ad
918 2538 952 2579 se
986 2517 1155 2580 convenire

199 2601 438 2684 principumque
471 2599 587 2664 liberos
620 2600 746 2666 obsides
775 2600 817 2664 ad
846 2622 880 2664 se
910 2599 1025 2663 adduci
1052 2601 1152 2664 iussit.

200 2684 291 2763 Quae
321 2687 425 2748 omnia
453 2685 493 2748 ab
522 2685 570 2748 his
599 2684 767 2770 diligenter
789 2685 829 2748 ad
857 2685 940 2749 diem
962 2684 1045 2748 facta
1073 2693 1154 2747 sunt.
1252 2755 1253 2768 ,

199 2769 272 2854 Ipse
280 2769 472 2834 Divitiacum
484 2770 652 2834 Haeduum
663 2792 854 2868 magnopere
863 2769 1042 2832 cohortatus
1053 2769 1153 2850 docet,

200 2863 316 2938 quanto
339 2877 432 2939 opere
455 2858 502 2919 rei
524 2855 670 2941 publicae
694 2856 929 2938 communisque
963 2853 1054 2917 salut
1034 2862 1141 2918 ιιιιιι

200 2940 290 3003 tersit
311 2961 421 3004 manus
442 2940 579 3004 hostium
602 2941 752 3020 distineri,
776 2962 816 3003 ne
839 2960 910 3002 cum
931 2947 1020 3002 tanta
1050 2938 1152 3004 multi·

192 3024 308 3088 'tudine
330 3045 392 3088 uno
410 3035 556 3173 templore
579 2990 810 3125 confligendum
833 3025 882 3088 sit.
905 3023 943 3086 Id
964 3023 1034 3087 fieri
1052 3047 1155 3125 posse,

201 3110 228 3172 ιι
251 3131 324 3172 suas
348 3112 454 3194 copias
511 3110 642 3174 aedui
633 3134 666 3172 m
692 3111 771 3173 fines
793 3108 1106 3176 Bellovacorumt
1059 3133 1092 3172 m
1093 3117 1155 3173 ιι-ιι

201 3194 349 3258 duxerint
378 3204 409 3258 et
442 3217 550 3259 eorum
587 3218 680 3280 agros
700 3218 753 3295 ,po
776 3194 859 3258 ulari
881 3195 1051 3279 coeperint.
1095 3195 1155 3257 His

200 3278 357 3342 mandatis
381 3303 452 3343 eum
474 3279 517 3344 ιιι·
538 3302 572 3343 ιι
595 3280 698 3344 dimitt
673 3281 730 3342 ttit.
755 3219 932 3366 l'ostquam
955 3301 1064 3344 omnes
1083 3278 1155 3342 Bel-

202 3385 314 3448 garum
337 3366 442 3448 copias
464 3368 497 3428 in
520 3388 618 3428 unum
640 3365 744 3430 locum
766 3375 890 3430 coactas
925 3363 965 3428 ad
988 3387 1022 3429 se
1043 3365 1154 3429 venire

202 3447 282 3512 sidit
302 3470 406 3534 neque
428 3451 492 3512 iam
514 3449 609 3535 longe
632 3449 744 3514 abesse
767 3448 850 3513 ab''
829 3471 885 3532 us,
914 3471 993 3535 quos
1015 3452 1154 3530 miserat,
