2490 3974
13 407 16 448 l

322 239 324 253 ,
405 177 549 242 CAPUT
571 175 708 242 28-31.
969 178 1030 242 201

74 359 146 434 pter
173 350 335 434 egregiam
366 351 569 413 munitionem
605 348 725 433 oppidir
741 358 772 411 et
803 349 1035 412 multitudinem

74 442 299 498 tormentorum
330 433 422 498 facile
454 443 486 497 et
519 434 586 496 sine
622 433 762 518 periculo
796 433 1033 498 defendebatur.

75 519 170 597 Quod
197 519 253 583 ubi
280 521 407 604 saepius
436 520 502 582 eius
532 519 688 604 equitatus
717 518 823 582 facere
851 541 915 582 non
937 519 1033 582 inter-

75 602 229 686 mittebat,
253 626 352 689 quum.
371 605 452 667 forte
475 614 547 668 ante
569 615 692 688 portam
714 613 817 666 turma
838 603 939 666 densa
960 604 1034 668 asti-

13 731 16 792 Ῐ
74 689 174 770 tisset,
205 690 368 776 scorpione
398 690 575 754 accuratius
604 689 700 750 misso
729 699 823 773 atque
850 711 959 752 eorum
981 689 1035 751 de·

13 837 16 876 ,
75 775 206 838 curione
226 795 379 859 percusso
402 784 433 838 et
456 773 496 836 ad
518 795 634 859 equum
648 773 753 836 defixo
775 773 890 858 reliqui
911 782 1031 858 perter-

13 925 15 942 ,
76 860 129 922 riti
155 859 231 944 fuga
259 881 293 922 se
321 860 355 921 in
383 868 488 922 castra
513 859 678 942 recipiunt.
708 857 779 936 Quo
808 858 891 922 facto
923 867 1035 943 postea

13 955 15 1048 ἑ
76 952 150 1007 sunt
172 944 313 1008 deterriti
334 943 484 1028 oppidum
504 952 636 1006 tentare.

140 1030 191 1092 30.
215 1027 320 1114 Scipio
342 1030 468 1092 interim
489 1029 555 1091 fere
578 1027 715 1112 quotidie
733 1050 798 1092 non
819 1027 914 1113 longe
936 1051 956 1092 a
970 1029 1035 1090 suis

13 1095 15 1204 f
75 1117 199 1196 castris,
236 1113 383 1199 passibus
417 1119 490 1194 CCC,
523 1115 681 1176 instruere
713 1115 814 1177 aciem
847 1137 885 1176 ac
916 1113 1035 1177 maiore

13 1207 14 1280 J
76 1210 166 1283 parte
195 1198 259 1263 diei
286 1207 470 1282 consumpta
496 1213 604 1260 rursus
633 1199 667 1260 in
696 1209 799 1262 castra
829 1221 863 1262 se
885 1200 1035 1283 recipere.

13 1299 14 1376 ζ
76 1283 172 1362 Quod
195 1304 290 1369 quum
305 1286 438 1382 ,saepius
453 1283 551 1364 fieret,
573 1305 676 1383 neque
698 1306 739 1346 ex
761 1282 908 1348 Caesaris
924 1284 1036 1346 castris

76 1370 246 1516 quisquam
272 1368 412 1455 prodiret
439 1390 544 1454 neque
570 1390 699 1453 proprus
727 1373 794 1432 eius
816 1373 927 1454 copias'
946 1389 1034 1432 acce-

13 1453 14 1530 ]
101 1463 175 1536 eret,
198 1453 348 1538 despecta
374 1455 526 1540 patientia
548 1451 696 1516 Caesaris
726 1457 944 1539 exercitusque
967 1455 1034 1516 eius

13 1555 14 1624 J
77 1541 236 1607 universis
259 1539 356 1624 copiis
377 1538 540 1624 productis
562 1537 798 1624 elephantisque
819 1542 938 1602 turritis
959 1545 1037 1600 XXX

13 1629 14 1702 Ϊ
78 1633 151 1686 ante
173 1625 274 1687 aciem
294 1625 455 1687 instructis
478 1645 573 1708 quam
599 1623 750 1686 latissime
771 1626 871 1710 potuit
891 1631 1038 1709 porrecta

13 1707 14 1734 ³
78 1711 219 1795 equitum
247 1709 451 1795 peditumque
480 1707 678 1772 multitudine
707 1731 770 1772 uno
799 1719 941 1793 tempore
967 1729 1039 1793 pro·

13 1805 14 1822 ¹
78 1815 207 1879 gressus
233 1793 317 1858 haud
345 1796 391 1857 ita
418 1793 512 1878 longe
534 1815 554 1856 a
584 1792 730 1858 Caesaris
760 1796 871 1858 castris
899 1793 1037 1859 constitit

81 1902 115 1943 111
138 1901 259 1964 campo.
895 1901 897 1906 ’

144 1965 194 2028 31.
219 1963 340 2042 Quibus
369 1963 465 2028 rebus
494 1965 628 2048 cognitis
657 1963 777 2028 Caesar
803 1965 891 2028 iubet
911 1963 1036 2046 milites,

13 2041 14 2080 l
79 2051 135 2134 qui
170 2059 258 2112 extra
293 2051 481 2114 munitiones
517 2058 739 2134 processerant
777 2048 951 2136 pabulandi
986 2058 1040 2112 aut

80 2135 221 2219 lignandi
254 2157 350 2200 causa
382 2144 436 2198 aut
468 2136 565 2198 etiam
595 2135 758 2198 muniendi
790 2137 893 2221 gratia
920 2133 1040 2198 vallum

13 2225 14 2234 ’
80 2221 235 2305 petierant
264 2242 408 2304 quaeque
436 2219 478 2282 ad
507 2241 577 2282 eam
605 2242 672 2304 rem
702 2241 781 2305 opus
809 2230 907 2301 erant,
930 2239 1039 2283 omnes

13 2323 14 2392 j
80 2309 165 2368 intra
185 2307 376 2368 munitiones
388 2305 567 2368 minutatim
588 2304 793 2390 modesteque
816 2307 884 2368 sine
905 2303 1040 2367 tumultu

13 2401 14 2412 ¹
82 2399 137 2454 aut
164 2399 285 2454 terrore
314 2413 348 2452 se
377 2392 520 2475 recipere
550 2399 645 2474 atque
672 2392 704 2454 in
735 2412 830 2474 opere
858 2391 1039 2454 consistere.

13 2497 14 2506 ¹
81 2474 251 2560 Equitibus
279 2485 392 2556 autem,
422 2476 531 2560 quiin
558 2477 692 2540 statione
721 2475 854 2557 fuerant,
876 2476 1039 2560 praecipit,

81 2570 116 2624 ut
145 2581 247 2645 usque
275 2581 312 2624 eo
342 2559 446 2624 locum
479 2560 665 2641 obtinerent,
693 2562 727 2623 in
749 2583 810 2644 quo
840 2560 934 2645 paulo
966 2568 1053 2622 ante.

82 2647 303 2727 constitissent,
334 2645 435 2710 donec
461 2646 502 2710 ab
531 2645 621 2708 hoste
650 2645 748 2709 telum
776 2647 907 2708 missum
937 2645 978 2708 ad
1005 2665 1040 2707 se

82 2731 276 2816 perveniret3
300 2731 384 2816 quod
413 2732 441 2793 si
468 2732 596 2816 propius
626 2731 836 2813 accederetur,
865 2752 959 2816 quam
987 2729 1041 2794 ho·

81 2817 260 2880 nestissime
284 2837 318 2878 se
340 2817 424 2880 intra
452 2817 642 2880 munitiones
664 2818 854 2900 reciperent.
875 2815 942 2878 Alii
965 2835 1041 2900 quo-

82 2923 144 2988 quc
172 2903 323 2986 equitatui
345 2901 447 2983 edicit,
477 2903 521 2964 uti
555 2922 611 2964 suo
666 2903 778 2987 uisque
810 2901 880 2965 loco
913 2908 1041 2986 paratus

80 2997 284 3072 armatusque
306 2997 431 3071 praesto
462 2996 554 3050 esset
586 2987 631 3050 At
645 2924 732 3050 lraec
752 3008 817 3050 non
837 2988 907 3070 ipse
928 3007 986 3070 per
1008 3005 1042 3048 se

81 3095 199 3154 coram,
223 3095 319 3158 quum
341 3071 381 3136 de
402 3071 486 3136 vallo
508 3073 798 3220 (prospecularetun
828 3071 886 3134 sed
906 3068 1045 3133 mirabili

81 3160 202 3244 peritus
237 3160 368 3222 scientia
399 3156 506 3222 bellan
531 3158 538 3172 '
572 3158 606 3220 in
638 3159 797 3222 ¹raetorio
830 3156 946 3219 sedens
984 3176 1042 3240 per

82 3265 98 3306 s
122 3242 297 3306 eculatores
321 3254 353 3307 et
367 3245 492 3307 nuntios
514 3181 699 3327 imperadat,
715 3264 796 3327 quae
816 3241 886 3304 ficri
902 3239 1043 3304 volebat.

83 3265 368 3393 duimadvertebat
390 3331 482 3410 enirn,
507 3350 698 3413 quamquam
718 3330 841 3412 magnis
863 3334 971 3390 essent
993 3346 1044 3389 co·

84 3414 145 3496 piis
166 3415 338 3477 adversarii
359 3415 441 3496 freti,
465 3425 571 3478 tamen
594 3434 724 3499 saepes
746 3434 781 3476 se
802 3411 928 3494 fugatis,
944 3409 1046 3494 pulsis
