2532 3968
508 267 642 334 COMM.
665 269 752 333 VIII.
1049 271 1108 336 191

191 437 325 492 ev‘ocatum
342 441 445 501 lustrat;
467 441 610 491 Labienum
629 439 729 493 Galbae
752 445 856 508 togatae
873 435 997 508 praeficit.
1033 441 1110 494 Initia

188 509 251 558 belli
275 510 358 560 civilis
382 525 403 558 c.
421 510 463 558 52.
481 511 522 557 53.
557 510 687 574 Legiones
712 509 818 560 Caesari
841 527 889 576 per
916 527 1020 562 causam
1047 511 1108 562 belli

188 578 301 628 Parthici
319 579 448 628 detractae
467 577 590 642 Pompeio
609 578 744 627 traduntur
762 594 783 627 c.
803 579 844 628 54.
863 581 903 630 55.

558 703 711 714 ---.---

217 781 354 846 Coactus
376 781 510 846 assiduis
531 781 593 844 tuis
618 780 759 861 vocibus,
782 780 892 863 Balbe,
917 804 1012 868 quum
1034 805 1109 869 quo·

154 867 272 932 tidiana
293 890 364 931 mea
384 867 540 930 recusatio
566 887 631 929 non
653 865 842 930 difficultatis
865 869 1107 946 excusatIonem

155 953 212 1016 sed
239 955 372 1016 inertiae
401 951 562 1016 videretur
592 949 853 1039 deprecationem
877 952 1011 1035 habere,
1041 975 1109 1018 rem

154 1037 370 1103 difficillimam
391 1039 525 1122 suscepi.
571 1034 717 1100 Caesaris
739 1038 838 1102 nostri
870 1041 1109 1103 commentarios

136 1142 258 1188 ‘rerum
280 1132 437 1210 gestarum
450 1121 572 1186 Galliae
593 1144 657 1185 non
680 1120 919 1186 cohaerentibus
942 1125 1109 1209 superiori-

153 1207 213 1272 bus
228 1218 321 1294 atque
335 1207 572 1294 insequentibus
588 1208 655 1270 eius
671 1207 794 1292 scriptis
817 1213 964 1273 contexui
978 1209 1110 1274 novissi·
1171 1223 1175 1231 ·

154 1315 302 1380 mumque
328 1293 545 1378 imperfectum
573 1291 613 1356 ab
639 1292 734 1356 rebus
768 1295 865 1376 gestis
894 1293 1110 1359 Alexandriae

154 1379 276 1444 confeci
297 1401 397 1464 usque
419 1379 460 1442 ad
482 1380 600 1442 exitum
629 1400 694 1442 non
716 1377 843 1466 quidem
865 1378 966 1442 civilis
990 1379 1109 1443 dissen-

154 1465 261 1546 sionis,
284 1466 371 1528 cuius
394 1463 488 1527 finem
503 1462 624 1527 nullum
639 1462 806 1545 videmuss
817 1463 874 1529 sed
888 1465 971 1528 vitae
994 1463 1109 1529 Caesa·

152 1551 207 1612 ris.
246 1549 333 1630 Quos
356 1550 476 1612 utinam
499 1549 553 1634 qui
574 1547 681 1632 legent
702 1548 784 1611 scire
805 1550 927 1634 possint
949 1572 1041 1634 quam
1063 1551 1109 1613 in·

152 1636 236 1699 vitus
270 1637 462 1719 susceperim
491 1633 690 1716 scribendos,
728 1655 789 1718 quo
825 1633 949 1698 facilius
984 1657 1109 1698 caream

153 1719 303 1784 stultitiae
325 1728 419 1806 atque
446 1719 643 1802 arrogantiae
673 1719 819 1801 crimine,
850 1720 904 1804 qui
925 1742 975 1782 me
997 1719 1109 1783 mediis

152 1807 393 1890 interposuerim
416 1803 562 1869 Caesaris
585 1804 720 1888 scriptis.
766 1802 897 1867 Constat
922 1807 1006 1867 enim
1027 1807 1109 1868 inter

153 1913 261 1954 omnes
290 1890 368 1954 nihil
396 1899 462 1954 tam
494 1911 625 1974 operose
656 1889 695 1952 ab
726 1888 794 1952 aliis
825 1912 895 1966 esse
923 1890 1107 1975 perfectum,

153 1975 238 2062 quod
258 1998 323 2041 non
343 1975 455 2040 horum
488 1973 644 2058 elegantia
665 1976 960 2062 commentariorum
983 1997 1109 2060 superc-

152 2071 213 2125 tur.
268 2060 332 2140 Qui
356 2070 435 2124 sunt
464 2061 555 2140 editi,
588 2082 628 2128 ne
657 2061 788 2123 scientia
819 2069 975 2124 tantarum
1002 2060 1108 2124 'renim

153 2146 357 2232 scriptoribus
380 2147 513 2228 deesset,
534 2145 675 2230 adeoque
690 2143 862 2229 probantur
877 2149 1016 2209 omnium
1031 2146 1109 2209 iudi·

152 2233 211 2312 cio,
233 2241 268 2295 ut
292 2241 475 2317 praerepta,
498 2253 563 2295 non
583 2229 727 2315 praebita
747 2229 880 2293 facultas
904 2231 1108 2317 scriptoribus

151 2316 305 2400 videatur.
350 2315 447 2381 Cuius
468 2326 574 2380 tamen
602 2317 650 2378 rei
671 2317 770 2378 maior
791 2324 899 2379 nostra
922 2338 1016 2401 quam
1037 2316 1109 2380 reli-

153 2423 291 2489 quorum
308 2411 355 2466 est
376 2400 554 2481 admiratio:
579 2401 676 2464 ceteri
688 2401 779 2482 enim,
804 2400 992 2486 quambene
1015 2408 1109 2487 atque

153 2487 333 2570 emendate,
363 2509 421 2552 nos
450 2488 558 2570 etiam,
589 2507 683 2633 pram
715 2484 807 2548 facile
840 2494 872 2548 at
894 2509 934 2550 ue
964 2485 1109 2550 celeriter

153 2595 207 2636 eos
253 2573 403 2655 erfecerit,
428 2574 553 2636 scimus.
627 2580 675 2634 rat
691 2579 795 2634 autem
811 2572 843 2633 in
888 2593 997 2638 aesare
1013 2594 1109 2658 quum

152 2657 202 2722 fac
236 2667 284 2722 tas
306 2667 399 2743 atque
421 2657 578 2742 elegantia
600 2677 722 2720 summa
733 2655 899 2738 scribendi,
922 2665 989 2720 tum
1009 2659 1108 2721 veris-

152 2745 232 2807 sima
264 2743 396 2807 scientia
430 2765 557 2806 suorum
594 2740 797 2806 consiliorum
840 2741 1116 2826 explicandorum-2

150 2828 230 2892 Mihi
251 2850 292 2893 ne
313 2828 394 2892 illud
419 2828 546 2913 quidem
574 2826 697 2908 accidit,
720 2835 755 2889 ut
774 2825 991 2892 Alexandrino
1014 2837 1108 2913 atque

152 2913 301 2979 Africano
333 2911 417 2979 bello
451 2915 654 2995 interessem3
688 2933 768 2996 quae
797 2911 882 2976 bella
916 2934 1107 2999 quamquam

152 3021 194 3062 ex
221 3008 312 3084 parte
338 2999 430 3063 nobis
458 2996 603 3063 Caesaris
634 3019 778 3060 sermone
802 3006 979 3080 summota,
1002 3007 1108 3061 tamen

152 3083 244 3148 aliter
266 3083 409 3148 audimus
432 3107 479 3166 ea,
510 3107 590 3232 puae
612 3105 717 3146 rerum
738 3083 876 3146 novitate
899 3092 953 3146 aut
974 3081 1107 3146 admira·

497 3191 516 3232 a

151 3171 236 3234 tione
258 3191 315 3233 nos
339 3192 376 3233 ca
397 3171 473 3252 iant,
528 3171 597 3251 iter,
622 3189 702 3254 quae
720 3189 778 3252 pro
799 3170 977 3232 testimonio
1000 3189 1112 3231 sumus·

153 3253 275 3318 dicturi.
320 3193 396 3318 Serf
407 3277 465 3340 ego
487 3256 647 3335 nimirum,
671 3252 746 3316 dum
766 3276 873 3318 omnes
897 3253 1107 3317 excusationis

153 3361 263 3402 causas
294 3339 423 3424 colligo,
451 3362 492 3404 ne
519 3361 590 3403 cum
618 3338 754 3403 Caesare
782 3339 933 3420 conterar,
957 3337 1017 3402 hoc
1038 3339 1109 3423 ipso

153 3425 272 3490 crimen
292 3427 489 3510 arrogantiae
505 3424 612 3508 subeo,
629 3423 713 3510 quod
727 3446 777 3487 me
793 3425 907 3488 iudicio
923 3425 1109 3509 cuiusquam

153 3511 329 3574 existimem
350 3532 444 3595 posse
467 3533 538 3574 cum
561 3509 698 3575 Caesare
721 3510 903 3595 comparari.
948 3509 1037 3574 Vale.
