2538 3978
367 237 502 305 oouu.
525 239 573 302 m
595 206 687 357 cir.
711 237 848 303 29-31.
1043 235 1085 300 ae

126 411 237 494 primis
260 408 371 473 diebus
386 409 582 496 ignorabant.
606 410 803 495 Cognitoque
824 431 859 473 re
882 407 1009 474 diversa
1024 407 1084 472 sibi

127 493 223 559 ambo
246 495 376 560 consilia
399 499 540 581 capiunt:
570 495 698 577 Caesar,
721 506 755 558 ut
777 495 1027 580 quamprimum
1050 515 1084 556 se

51 619 53 624 ·
127 601 201 643 cum
222 581 358 646 Antonio
382 584 605 666 coniungeret3
628 581 812 666 Pompeius,
827 590 862 643 ut
883 577 1083 642 venientibus

126 665 162 727 in
182 667 294 729 itinere
324 687 359 729 se
386 677 572 752 opponeret,
596 669 624 729 si
649 665 864 751 imprudentes
892 685 932 728 ex
960 663 1083 726 insidiis

127 750 244 814 adoriri
266 761 381 835 posset,
413 752 586 838 eodemque
609 753 661 816 die
682 762 815 836 uterque
838 771 945 814 eorum
969 770 1009 812 ex
1032 769 1082 811 ca-

127 837 200 898 stris
233 838 353 899 stativis
386 857 406 900 a
437 837 568 900 flumine
597 837 686 921 Apso
722 837 894 900 exercitum
932 833 1081 896 educunt:

125 920 296 1006 Pompeius
312 921 393 984 clam
408 934 440 985 et
454 933 558 1004 noctu,
575 921 694 986 Caesar
707 921 813 1008 palam
828 933 921 1019 atque
936 917 1081 982 interdiu.

126 1005 192 1069 Sed
215 1005 345 1071 Caesari
360 1010 489 1070 circuitu
505 1011 623 1072 maiore
639 1009 699 1070 iter
715 1017 783 1071 erat
798 1006 931 1089 longius,
947 1003 1081 1067 adverso

125 1091 271 1175 flumine,
301 1102 336 1156 ut
363 1093 446 1156 vado
475 1097 606 1156 transire
635 1101 755 1178 posset:
787 1091 973 1175 Pompeius,
1008 1089 1083 1173 quia

127 1177 276 1262 expedito
303 1179 415 1242 iinere
448 1178 565 1243 flumen
598 1179 627 1240 ei
655 1177 881 1242 transeundum
912 1197 977 1238 non
1005 1183 1080 1253 erat,

126 1264 248 1347 magnis
270 1263 432 1328 itineribus
455 1265 497 1328 ad
518 1265 690 1330 Antonium
713 1259 872 1327 contendit
894 1270 988 1344 atquc
1009 1281 1081 1322 eum

125 1347 181 1410 ubi
202 1350 355 1433 appropio
378 1371 454 1413 uare
483 1352 638 1434 cognovit,
666 1349 815 1412 idoneum
845 1347 947 1410 locum
969 1353 1081 1406 nactus

97 1431 170 1495 -ibi
192 1435 298 1517 copias
328 1373 495 1498 collocavit
517 1457 653 1520 suosque
683 1456 791 1499 omnes
820 1434 853 1495 in
876 1431 985 1496 castris
1008 1451 1080 1498 ,con-

125 1518 219 1581 tinuit
240 1520 392 1604 ignesque
418 1520 488 1584 fieri
515 1521 685 1605 prohibuit,
719 1542 780 1604 quo
813 1516 965 1582 occultior
997 1522 1082 1578 esset

125 1605 193 1665 eius
215 1603 377 1668 adventus.
393 1605 482 1670 Haec
498 1607 539 1669 ad
558 1608 727 1672 Antonium
743 1606 847 1668 statim
868 1624 926 1687 per
941 1599 1080 1664 Graecos

126 1687 318 1752 deferuntur.
354 1689 413 1753 Ille
439 1693 544 1756 missis
572 1693 613 1755 ad
643 1691 811 1756 Caesarem
840 1687 957 1750 nuntiis
983 1705 1081 1747 unum

125 1772 210 1835 diem
232 1795 301 1840 sese
324 1777 433 1839 castris
455 1779 570 1860 tenuit3
593 1777 692 1841 altero
708 1776 758 1838 die
781 1775 821 1838 ad
842 1795 915 1837 eum
935 1767 1082 1855 pervenit

126 1856 253 1946 Caesar.
282 1859 379 1926 Cuius
402 1862 540 1926 adventu
561 1865 686 1948 cognito
701 1862 879 1945 Pompeius,
901 1879 942 1919 ue
958 1854 1081 1918 duobus

126 1943 423 2011 circumcluderetur
458 1949 657 2030 exercitibus,
687 1942 733 2012 'ex
769 1969 805 2010 eo
842 1943 911 2008 loco
948 1938 1081 2004 discedit

127 2029 334 2116 omnibusque
368 2034 466 2117 copiis
496 2034 538 2098 ad
558 2034 768 2182 Asparagium
790 2026 1081 2117 Dyrrhachinorum

126 2117 268 2200 pervenit
290 2127 383 2203 atque
405 2117 449 2180 ibi
471 2119 584 2184 idoneo
620 2142 676 2183 oco
700 2127 803 2182 castra
823 2114 920 2201 ponit.

119 2229 123 2236 ·
188 2201 239 2264 31.
262 2201 322 2266 His
344 2203 535 2288 temporibus
551 2205 656 2288 Scipio
680 2205 871 2269 detrimentis
891 2194 1080 2283 quibusdam

126 2288 209 2349 circa
229 2297 367 2352 montem
388 2290 546 2353 Amanum
569 2311 643 2356 acce
667 2293 705 2352 tis
727 2292 948 2373 imperatorem
969 2303 1004 2345 se
1025 2301 1079 2366 ap·

124 2371 306 2456 pellaverat.
330 2371 400 2452 Quo
423 2375 506 2440 facto
526 2313 705 2440 civitatibus
779 2375 932 2456 annisque
946 2387 1079 2452 magnas

125 2460 335 2542 imperaverat
355 2463 515 2544 pecunias,
545 2464 620 2526 item
649 2485 668 2524 a
696 2482 739 2545 pu
762 2459 873 2523 licanis
903 2475 979 2518 suae
1006 2474 1079 2537 pro·

124 2544 246 2607 vinciae
279 2544 417 2609 debitam
448 2545 568 2610 biennii
598 2548 763 2632 pecuniam
795 2549 946 2627 exegerat
975 2548 1007 2602 et
1038 2535 1079 2601 ab

124 2628 235 2694 iisdem
262 2631 455 2716 insequentis
485 2634 560 2694 anni
588 2642 728 2695 mutuam
755 2651 870 2716 praece
893 2634 961 2690 erat
993 2623 1079 2708 equi-

124 2723 233 2800 tesque
261 2718 319 2780 toti
347 2718 528 2801 provinciae
548 2719 766 2803 imperaverat.
812 2651 933 2792 Quillus
962 2709 1079 2774 coactis

125 2801 263 2863 finitimis
292 2801 434 2866 hostibus
463 2802 588 2866 Parthis
615 2813 687 2888 post
709 2824 743 2866 se
764 2800 891 2879 relictis,
908 2796 962 2882 qui
982 2791 1077 2879 paulo

126 2894 196 2948 ante
226 2885 269 2949 M.
301 2886 452 2951 Crassum
478 2890 702 2973 imperatorem
728 2885 952 2950 interfecerant
980 2889 1012 2942 et
1032 2876 1077 2940 M.

124 2968 273 3035 Bibulum
293 2973 326 3035 in
349 2971 511 3036 obsidione
533 2973 716 3053 habuerant,
739 2972 879 3055 legiones
895 2967 1078 3052 equitesque

125 3076 164 3119 ex
191 3055 286 3143 Syria
313 3057 495 3122 deduxerat.
526 3058 747 3144 Summamque
776 3059 809 3120 in
836 3049 1078 3118 sollicitudinem

125 3161 161 3204 ac
181 3143 325 3207 timorem
346 3143 487 3208 Parthici
514 3142 592 3208 belli
619 3145 782 3228 provincia
811 3161 905 3227 quum
927 3135 1076 3216 venisset,

125 3247 162 3290 ac
181 3228 351 3294 nonnullae
379 3230 513 3293 militum
541 3251 636 3293 voces
664 3252 759 3314 quum
782 3227 972 3303 audirentur,
995 3239 1076 3300 sese,

125 3323 232 3398 contra
253 3314 374 3381 hostem
397 3317 424 3379 si
446 3315 643 3396 ducerentur,
666 3316 775 3396 ituros,
798 3321 908 3378 contra
929 3309 1032 3372 civem
1046 3313 1078 3368 et

126 3399 284 3464 consulem
306 3423 395 3466 arma
415 3423 478 3466 non
507 3399 633 3482 latinos,
657 3400 799 3464 deductis
820 3397 1010 3480 Pergamum
1033 3399 1076 3455 at—

125 3505 183 3566 que
211 3487 245 3550 in
273 3485 534 3572 locupletissimas
562 3486 656 3551 urbes
683 3487 717 3548 in
741 3484 874 3548 hiberna
900 3479 1078 3571 legionibus
