2562 3970
334 110 337 115 ’
396 152 684 220 causticae.
709 151 844 247 n-ta
1057 148 1099 214 ae

141 345 179 393 re
199 323 405 392 ementem
426 323 625 390 adversarios
647 319 885 388 interclusisset
904 317 976 385 eur
1004 318 1100 388 ettam
1208 351 1210 355 v

143 409 282 486 seeundo
304 408 426 495 proelio
449 407 573 492 aliquos
595 429 637 472 ex
659 407 723 470 suis
746 402 924 468 amitteret?
950 424 1010 468 cur
1029 401 1099 466 vul-

145 495 248 562 nerari
267 503 431 580 peteretur
453 493 570 578 optime
592 491 632 556 de
655 513 689 556 se
710 491 839 556 meritos
868 485 1009 558 milites?¹
1042 509 1099 562 cur

147 575 279 664 denique
301 579 459 644 inmunem
490 572 750 664 periclitaretur?
781 573 970 659 praesertim
1001 593 1100 658 quum

145 681 208 728 nen
226 665 333 750 minus
356 655 441 728 esset
461 662 659 747 imperatoris
682 659 814 724 consilio
837 679 989 758 superare
1004 679 1100 743 quam

145 743 259 830 gladio.
293 747 483 814 Merebatur
506 748 600 813 etiem
621 743 838 811 misericordia
858 744 985 824 arvium,
1018 763 1098 828 quos

144 829 378 898 interficiendos
400 831 545 912 videbat3
566 831 681 916 quibus
697 829 796 894 salvis
818 837 913 914 atque
934 825 1099 894 incolumi·

144 912 205 980 bas
227 939 295 982 rem
316 917 460 982 obtinere
481 915 628 984 malebat.
662 914 735 980 Hoc
763 911 928 980 consilium
951 911 1098 978 (laeseris

144 997 302 1088 plerisque
324 1025 387 1067 non
408 1001 616 1086 prebebatur3
653 1000 767 1064 milites
790 1019 867 1063 vero
889 995 996 1083 palem
1016 997 1099 1062 inter

144 1104 179 1148 se
201 1083 421 1172 loquebmtnr,
456 1087 605 1172 queniam
628 1083 704 1150 talis
734 1083 857 1150 occasio
879 1083 1031 1148 victoriae
1053 1079 1098 1146 di·

143 1169 327 1254 mitteretur,
351 1172 445 1238 etiam
468 1193 565 1256 quum
586 1167 683 1235 vellat
700 1170 832 1253 ,Caesen
856 1189 927 1232 sese
949 1187 1099 1234 noneeee

143 1264 349 1400 pugnaturos.
370 1255 430 1320 Ille
451 1256 486 1320 in
508 1277 566 1320 eun
585 1257 744 1328 sententie
761 1252 950 1340 perseverat
971 1261 1003 1317 et
1023 1272 1099 1336 psu-

156 1360 208 1402 nm
227 1361 273 1406 ex
293 1362 332 1405 ee
354 1340 424 1409 loco
447 1339 639 1426 degreditur,
671 1349 707 1403 ut
738 1340 884 1406 timorem
910 1335 1099 1405 adversariis

142 1423 272 1489 minuat.
300 1425 449 1490 Petreius
472 1435 566 1509 atque
587 1423 738 1490 Afranius
768 1422 875 1488 oblata
895 1420 1045 1487 facultate
1066 1423 1100 1486 in

143 1517 247 1572 metra
267 1530 339 1574 sese
361 1511 509 1576 referunt.
532 1509 653 1576 Caesar
674 1509 841 1594 praesidiis
863 1505 1022 1572 montibus
1036 1505 1100 1572 dis·

142 1592 250 1676 positis
278 1595 364 1658 omni
393 1595 439 1660 ad
470 1591 626 1661 Hiberum
654 1593 828 1658 intercluso
860 1592 974 1657 itinere
1007 1611 1102 1676 quam

142 1677 286 1760 pneuune
307 1689 412 1763 potes-t
433 1679 571 1744 hostium
593 1680 707 1744 castris
724 1687 834 1742 cestra
853 1677 1036 1740 communit

207 1761 256 1826 te.
279 1761 411 1829 Postero
434 1765 485 1828 die
518 1763 615 1840 duces
637 1763 891 1829 adversariorum
910 1759 1100 1846 perturbati,

143 1845 228 1930 quod
260 1867 385 1912 omnem
417 1850 467 1913 rei
496 1850 721 1914 numentanae
753 1847 954 1932 fluminisque
987 1841 1100 1911 Hiberi

141 1951 231 2078 efficta
264 1930 455 2015 dinn‘serant,
494 1933 533 1996 de
566 1931 697 2018 reliquis
733 1931 831 1996 rebus
863 1929 1100 1996 consultabant.

184 2026 221 2078 ,at
242 2036 340 2082 unum
360 2021 429 2100 iter,
452 2017 642 2082 ilerdamsi
661 2018 782 2084 reverti
795 2015 932 2098 vellent3
956 2013 1099 2095 alterum,

141 2098 169 2160 si
191 2098 406 2170 Tarraconem
420 2111 572 2187 peterent
595 2103 686 2167 Haec
697 2101 940 2168 consiliantibus
960 2101 1007 2164 eis
1022 2122 1101 2164 nun·

141 2183 262 2246 tiantur
283 2195 452 2271 aquatores
475 2186 515 2251 eb
535 2189 679 2272 equitatu
699 2189 802 2272 promi
822 2195 941 2252 nostro.
971 2183 1044 2267 Qua
1065 2206 1100 2248 re

141 2269 268 2350 cognite
290 2270 598 2337 crebrasstationes
629 2272 801 2358 disponunt
833 2273 974 2371 equitum
996 2279 1028 2335 et
1050 2291 1101 2360 co„-

141 2352 281 2418 hortium
302 2355 470 2420 alariarum
499 2355 753 2442 legionariasque
773 2357 968 2420 interuciunt
990 2354 1100 2420 cohor·

140 2442 187 2502 tes
210 2438 391 2525 vallumque
412 2463 455 2506 ex
477 2443 587 2504 castris
610 2441 651 2506 ad
673 2463 789 2526 aquam
803 2441 921 2506 ducere
935 2441 1100 2538 iucipimtt,
1209 2481 1215 2493 «

139 2529 175 2584 ut
194 2522 280 2587 intra
298 2526 506 2590 munitionem
529 2535 562 2590 et
584 2527 652 2589 sine
673 2528 787 2604 timore
811 2535 843 2590 et
866 2525 935 2589 sine
957 2525 1099 2592 station

138 2601 199 2668 bus
221 2610 334 2692 aquari
355 2619 494 2694 possent.
516 2609 555 2674 Id
577 2632 656 2696 opus
678 2613 760 2676 inter
780 2631 816 2673 ee
837 2609 982 2674 Petreius
1005 2618 1100 2696 atque

134 2686 287 2756 Afranius
317 2695 496 2778 partiuntur
517 2695 642 2780 ipsique
663 2692 853 2780 perficiundi
875 2697 980 2780 operis
1003 2715 1101 2778 eapse

134 2769 262 2858 longius
307 2778 539 2863 regrediuntur.

201 2861 250 2924 74.
275 2801 418 2940 &aarum
440 2863 584 2930 discessu
606 2863 739 2930 liberam
760 2866 845 2930 nacti
864 2866 981 2930 milites
1004 2863 1099 2934 eollo·

135 2945 281 3028 quiorum
301 2948 484 3014 facultatem
506 2948 606 3032 rrtlgo
628 2950 815 3034 procedrmt,
850 2960 881 3014 et
903 2973 998 3036 quem
1013 2953 1101 3036 quis-

134 3051 196 3114 que
218 3030 252 3094 in
273 3035 386 3098 eastris
408 3045 517 3102 notum
546 3043 603 3104 aut
629 3035 822 3120 municipem
853 3035 993 3102 habebat
1025 3057 1098 3102 ccu-

134 3114 230 3198 quirit
251 3125 347 3218 etque
370 3132 490 3186 evocat
512 3123 659 3189 Primum
682 3129 780 3203 agunt
800 3122 919 3206 gratias
942 3119 1127 3202 omnibuss

133 3199 218 3283 qued
240 3201 300 3268 site
320 3208 495 3287 perterritis
518 3209 620 3294 pridie
652 3206 891 3298 pepercissent:
930 3227 1040 3270 eorum
1062 3229 1101 3272 se

133 3281 286 3352 beneficio
308 3289 427 3354 vivere.
451 3291 578 3360 Deinde
595 3292 798 3382 imperatoris
813 3290 909 3354 fidem
932 3301 1097 3376 quaerunt,

131 3376 260 3434 rectene
283 3393 317 3438 se
339 3373 385 3437 illi
418 3375 481 3438 sint
515 3382 724 3465 commissuri,
760 3385 805 3466 et,
840 3376 925 3460 quod
957 3397 1021 3440 ¹10ss
1055 3375 1096 3441 ab
