2562 3970
414 197 549 264 corna
572 199 596 263 1x
612 199 713 264 car.⁴
730 177 865 264 rsssts.
1077 197 1118 259 41

153 383 260 453 saque¹
274 369 315 440 in,
325 376 437 430 ¹castra
449 369 615 454 'recipiunt
638 379 681 456 ets
691 370 731 434 ab
754 371 793 433 iis
817 365 1023 454 cohortibus„
1039 386 1121 453 quae

154 461 248 518 erant
268 453 301 514 in
324 453 458 516 statione
481 453 522 518 ad
543 464 663 540 portas,
688 455 908 520 defenduntur.
1021 473 1024 478 ’
1047 501 1050 508 ⁴
1113 456 1117 484 ²

220 536 271 601 76.
295 535 419 614 Quibus
448 538 543 603 rebus
574 541 724 605 confectis
750 539 831 603 fiens
853 539 998 605 Petreius
1020 535 1120 602 mani-

155 620 247 706 pulos
270 623 416 686 circumit
427 623 607 710 militesque
631 624 778 710 appellat,
801 645 864 687 neu
887 647 921 690 se
942 645 1006 688 neu
1027 624 1120 688 Pom-¹

155 707 272 791 poium,
294 708 518 791 imperatorem
530 731 631 790 suum,
655 710 844 773 adversariis
867 710 908 773 ad
931 707 1121 794 supplicium

155 791 289 870 tradant,
313 790 469 856 obsecrat.
499 793 553 856 Fit
572 787 727 862 'celeriter
750 815 921 865 concursus
942 797 976 857 in
997 793 1119 878 praeto-

155 878 255 938 rium·
271 876 425 958 Postulat,
447 887 482 941 ut
498 880 608 942 iurent
623 901 732 945 omnes
756 901 790 942 se
814 881 987 941 exercitum
1010 877 1133 941 duces-¹

154 982 218 1044 que
233 995 234 1001 κ
250 983 316 1025 non
351 961 532 1027 deserturos
567 985 672 1052 neque
707 963 886 1048 prodituros
922 984 1026 1048 neque
1060 959 1122 1048 sibi

155 1047 329 1130 separatim
357 1067 377 1110 a
404 1046 534 1131 reliquis
569 1049 735 1112 consilium
769 1057 926 1132 capturos.
958 1040 1122 1132 Princeps

155 1132 189 1193 in
211 1131 291 1194 haec
312 1129 413 1194 verba
440 1133 523 1194 iurat
551 1141 636 1217 ipse3
664 1133 749 1196 idem
777 1132 996 1196 iusiurandum
1024 1129 1123 1216 adigit

156 1217 339 1297 Afranium
355 1214 590 1301 subsequuntur
611 1217 730 1281 tribuni
751 1217 886 1280 militum
909 1218 1121 1282 centuriones-

156 1322 236 1386 que3
249 1302 450 1364 centuriatim
461 1301 605 1385 producti
620 1301 736 1366 milites
747 1303 832 1366 idem
842 1305 956 1367 iurant.
972 1301 1121 1384 Edicunt‚

156 1407 255 1470 penos
271 1405 367 1472 quem
381 1387 515 1470 quisquc
531 1388 571 1450 sit
583 1385 730 1451 Caesaris
745 1386 847 1466 miles,
863 1395 898 1450 ut
912 1387 1121 1472 producatur:

157 1469 327 1554 productos
341 1471 464 1555 vpalam
492 1471 525 1532 in
553 1474 714 1556 praetorio
743 1471 946 1536 interficiunt.
970 1469 1035 1534 Sed
1078 1469 1121 1534 le·

157 1575 274 1640 rosque
295 1557 328 1638 ii,
345 1556 399 1640 qui
413 1565 615 1640 receperant,
631 1556 737 1620 celant
750 1565 908 1642 noctuque
930 1577 988 1641 per
1002 1493 1123 1619 vallum

158 1639 392 1704 emittunt-Sic
413 1649 535 1704 terrore
550 1640 670 1706 ·oblato
693 1662 713 1703 a
735 1641 868 1704 ducibus
898 1638 1067 1704 crudelitas
1089 1639 1124 1702 in

159 1724 322 1809 supplicio,
353 1745 437 1789 nova
465 1723 578 1808 religio
605 1725 808 1792 iurisiurandi
836 1747 925 1810 spem
946 1723 1126 1809 praesentis·

159 1808 328 1872 deditionis
351 1809 491 1874 ‘susmtn
518 1810 871 1896 mentesquemilitum
904 1809 1060 1872 convertit
1093 1816 1124 1872 et

159 1913 227 1960 rem
250 1893 291 1956 ad
334 1895 478 1958 ristinam
500 1893 578 1957 belli
599 1897 755 1960 rationem
775 1895 907 1980 redegit.
1020 1909 1022 1913 ’
1143 1899 1145 1904 ’

216 1977 276 2042 tt.
328 1999 420 2044 cesar
450 1979 504 2064 qui
536 1979 652 2043 milites
681 1979 936 2046 adversariorum
965 1980 999 2044 in
1021 1985 1125 2044 castra

128 2121 131 2124 .
158 2073 362 2148 perztempus
385 2063 535 2149 colloquii
549 2074 706 2130 venerant
728 2089 851 2130 summa
874 2065 1037 2150 diligentia
1052 2085 1124 2129 con-

160 2149 244 2234 quiri
272 2157 304 2212 et
329 2150 446 2212 remitti
470 2149 571 2214 iubet.
603 2148 668 2215 Sed
691 2174 735 2215 ex
761 2173 892 2216 numero
925 2150 1126 2216 tribunorum

159 2233 294 2297 militum
310 2235 592 2322 centurionumque
608 2235 753 2301 nonnulli
775 2259 833 2300 sua
853 2235 1018 2302 voluntate
1040 2233 1126 2320 apud

160 2341 230 2382 eum
254 2329 485 2384 remanserunt.
510 2321 598 2400 Quos
613 2320 666 2384 ille
680 2329 793 2406 postea
813 2342 930 2406 magno
952 2322 985 2383 in
1007 2319 1127 2385 honore
1222 2382 1224 2387 ,
1271 2352 1272 2356 ’

160 2403 288 2486 habuit3
319 2407 518 2469 centuriones
547 2407 581 2468 in
602 2406 725 2490 priores
752 2406 890 2488 ordines,
921 2407 1043 2491 equites
1064 2399 1125 2469 Ro·

160 2510 270 2552 manos
293 2490 326 2550 in
347 2489 549 2553 tribunicium
578 2481 716 2554 restituit
737 2490 898 2554 honorem.

218 2572 276 2643 178.
298 2573 529 2638 Premebantur
574 2575 740 2638 Afraniani
774 2575 988 2660 pabulatione,
1031 2595 1126 2659 aqua·

160 2658 276 2722 bantur
313 2661 351 2721 ae
411 2706 417 2720 .
472 2658 638 2724 Frumenti
681 2660 805 2744 copiam
845 2659 1014 2745 legionarii
1048 2661 1126 2721 non·

161 2742 280 2806 nullam
319 2679 496 2824 balliebant,
545 2744 630 2829 quod
673 2743 797 2808 dierum
836 2751 912 2806 Xth
949 2743 990 2806 ab
1019 2740 1126 2806 Ilerda

160 2827 353 2892 frumentum
379 2829 458 2891 iussi
480 2837 569 2891 eraut
597 2828 720 2910 efferre,
748 2831 860 2892 cetrati
892 2829 1126 2912 auxiliaresque

160 2912 289 2994 nullam,
325 2933 458 2996 quorum
490 2921 582 2976 erant
615 2922 647 2976 et
680 2912 846 2977 facultates
879 2913 921 2976 ad
948 2911 1127 2998 parandum

162 2999 296 3082 exiguae
319 3007 351 3063 ct
373 3004 517 3082 corpora
534 2999 660 3061 insueta
689 2997 730 3061 ad
753 3019 850 3062 onera
875 2997 1042 3084 portanda.
1064 2995 1126 3058 Ita·

162 3104 223 3168 que
244 3103 378 3166 magnus
408 3105 518 3146 eorum
546 3083 686 3167 quotidie
714 3103 864 3147 numerus
891 3081 932 3148 ad
955 3081 1126 3144 Caesarem

161 3165 432 3252 perfugiebat.ln
454 3167 503 3230 his
531 3175 600 3231 erat
629 3168 782 3250 angustiis
811 3189 873 3230 res,
903 3165 968 3230 Sed
991 3187 1033 3228 ex
1054 3185 1125 3248 pro-

162 3253 270 3335 positis
294 3251 434 3316 consiliis
457 3251 580 3316 duobus
602 3251 783 3338 explicitius
797 3250 967 3315 videbatur
987 3248 1126 3313 Ilerdam

162 3337 288 3418 roverti,
312 3336 397 3420 quod
417 3335 463 3398 ibi
486 3335 613 3416 paulum
627 3337 777 3400 frumenti
797 3334 999 3420 reliquerant.
1022 3333 1072 3396 Ibi
1092 3347 1128 3394 se

163 3419 320 3506 reliquum
334 3420 502 3485 consilium
517 3421 729 3505 explicaturos
753 3419 964 3486 confidebant.
987 3418 1127 3482 Tarraco
