2490 3974
195 271 257 334 180
453 271 582 336 BELLI
603 273 905 336 ALEXANDRINI

194 440 278 507 Nam
300 461 334 506 se
355 465 460 530 neque
481 441 631 507 libentius
653 443 767 544 facere·
781 445 948 544 quicquam
984 465 1060 506 unm
1088 467 1173 544 snp-

194 525 332 614 plicibus
354 529 530 614 ignoscere,
553 551 657 615 neque
678 549 913 615 provmcnarum
934 551 977 614 pu
1001 528 1084 592 linas
1118 553 1181 604 rn-v

194 615 293 678 iurias
325 613 504 678 condonare
526 615 564 676 iis
587 635 691 699 posse,
726 615 779 699 qui
811 613 945 678 fuissent
972 615 1006 676 in
1030 637 1066 677 se
1093 616 1169 679 offi-

196 699 284 764 ciosi.
308 698 393 777 Quin
414 699 473 762 idi
497 721 575 781 sum,
599 700 684 788 quod
698 708 990 781 commemorarent,
1014 699 1168 763 officium

194 783 292 848 fuisse
314 783 420 847 utilius
443 721 610 865 Pfamaci,
640 785 695 870 qui
715 783 918 869 providisset,
948 807 989 848 ne
1010 786 1167 849 vincere-

194 877 255 954 tur,
278 891 372 954 quarn
395 868 464 950 sibi,
487 870 539 934 cui
561 869 606 932 dii
627 869 819 933 immortales
841 871 1006 934 victoriam
1028 869 1167 933 tribuis·

195 965 275 1018 sent.
307 953 418 1039 Itaque
440 977 571 1039 magnas
594 963 762 1039 etgraves
784 953 916 1018 iniurias
946 956 1064 1018 civium
1097 955 1165 1018 Ro-

195 1061 369 1120 manorum,
393 1040 446 1124 qui
468 1040 501 1102 in
522 1039 623 1105 Ponto
643 1041 797 1125 negotiati
817 1049 932 1121 essent,
956 1042 1107 1125 quoniam
1127 1043 1164 1103 in

194 1127 351 1209 integrum
372 1125 537 1187 restituere
558 1147 623 1188 non
643 1133 759 1210 posset,
783 1127 957 1190 concedere
985 1125 1163 1189 Pharnaci.

194 1209 275 1273 Nam
296 1232 399 1296 neque
420 1210 592 1274 interfectis
615 1212 764 1274 amissam
784 1212 883 1274 vitam
897 1231 1001 1296 neque
1015 1214 1163 1275 exsectis

194 1293 378 1358 virilitatem
399 1296 566 1359 restituere
587 1317 699 1380 posse,
721 1297 806 1381 quod
821 1297 947 1381 quidem
964 1296 1161 1381 supplicium

195 1380 322 1464 gravius
354 1385 455 1443 morte
478 1382 564 1445 cives
587 1381 721 1445 Romani
743 1381 911 1446 subissent.
945 1381 1046 1446 Ponto
1071 1403 1160 1446 vero

195 1465 364 1529 decederet
385 1465 547 1530 confestim
569 1466 768 1552 familiasque
786 1466 1026 1551 publicanorum
1048 1468 1160 1531 remit-

194 1560 275 1614 teret
296 1560 464 1636 ceteraque
479 1554 660 1616 restitueret
682 1554 774 1616 sociis
790 1552 977 1637 civibusque
991 1552 1159 1633 Romanis,

196 1659 276 1721 quae
297 1659 396 1722 penes
419 1660 490 1700 eum
513 1647 629 1702 essent.
662 1638 697 1701 Si
728 1639 864 1719 fecisset,
897 1641 961 1701 iam
987 1645 1064 1700 tunc
1095 1637 1158 1701 sibi

194 1724 332 1788 mitteret
352 1744 485 1787 munera
507 1744 545 1786 ac
566 1723 659 1805 dona,
693 1745 776 1808 quae
808 1723 892 1788 bene
923 1719 1019 1786 rebus
1054 1723 1157 1808 gestis

194 1809 400 1893 imperatores
422 1807 463 1871 ab
486 1810 594 1872 amicis
616 1811 761 1894 accipere
783 1817 999 1874 consuessent.
1020 1807 1159 1872 Miserat

195 1895 281 1957 enim
295 1893 476 1958 Pharnaces
491 1915 640 1958 coronam
655 1917 793 1958 auream.
816 1895 876 1958 His
891 1893 1053 1979 responsis
1070 1891 1155 1957 (latis

195 1979 316 2065 legatos
337 1979 468 2043 remisit.

259 2065 309 2128 71.
345 2064 389 2127 At
420 2063 603 2128 Pharnaces
635 2063 811 2129 liberaliter
840 2066 948 2130 omnia
979 2063 1154 2149 pollicitus,

240 2171 293 2212 um
327 2149 528 2214 festinantem
561 2171 600 2213 ac
633 2150 668 2212 in
704 2151 900 2235 provinciam
935 2157 1154 2214 recurrentem

224 2257 367 2298 sesarem
396 2246 537 2320 speraret
569 2234 717 2301 libentius
747 2238 843 2300 etiam
869 2236 1064 2301 crediturum
1087 2235 1154 2299 suis

194 2321 367 2406 promissis,
391 2341 484 2405 quam
505 2343 558 2386 res
579 2332 750 2406 pateretur,
773 2344 835 2408 qno
858 2321 993 2386 celerius
1015 2321 1153 2384 honesti·

194 2427 295 2492 usque
318 2406 432 2471 adres
454 2409 554 2493 magis
577 2409 774 2472 necessarias
800 2408 1056 2493 proficisceretur
1083 2405 1153 2491 (ne

194 2493 272 2555 mini
294 2493 378 2556 enim
400 2501 468 2556 erat
489 2494 630 2578 ignotum
652 2492 796 2578 plurimis
811 2493 852 2556 de
868 2493 971 2556 causis
988 2491 1030 2556 ad
1039 2489 1153 2554 urbem

196 2576 368 2642 Caesarem
389 2578 556 2664 revocari),
579 2578 694 2641 lentius
724 2600 830 2663 agere,
864 2576 1040 2641 decedendi
1068 2575 1150 2639 diem

194 2663 355 2747 postulare
370 2663 554 2749 longiorem,
570 2667 732 2748 pactiones
743 2665 809 2728 inte
850 2685 955 2745 onere,
977 2663 1011 2725 in
1028 2684 1151 2725 summa

194 2749 338 2813 frustrari
360 2751 471 2834 coepit.
506 2747 627 2813 Caesar
649 2750 776 2834 cognita
798 2749 970 2813 caliditate
1002 2747 1148 2826 hominis,

195 2834 280 2919 quod
303 2835 372 2898 aliis
394 2833 587 2920 temporibus
608 2845 721 2898 natura
741 2835 847 2900 facere
869 2842 1047 2914 consuerat,
1075 2840 1151 2895 tunc

194 2921 385 2985 necessitate
406 2919 481 2984 fecit
502 2919 666 3002 adducam,
698 2929 734 2986 ut
754 2921 890 2985 celerius
924 2920 1064 2984 omnium
1085 2918 1150 3002 opi-

194 3005 288 3069 nione
309 3026 437 3070 manum
458 3015 645 3070 consereret.

260 3089 309 3155 72.
332 3090 410 3154 Zela
432 3100 480 3156 est
501 3089 650 3176 oppidum
671 3092 704 3154 in
718 3091 828 3174 Ponto,
850 3091 957 3178 positu
978 3092 1048 3178 ipso
1063 3096 1097 3152 ut
1115 3088 1149 3151 in

195 3174 291 3261 plano
314 3175 384 3240 loco
406 3177 482 3240 satis
509 3177 679 3240 munitum:
713 3176 852 3241 tumulus
886 3179 970 3240 enim
996 3172 1147 3239 naturalis

194 3259 294 3324 veluti
316 3262 533 3326 manufactus
556 3261 728 3327 excelsiore
748 3262 889 3348 undique
910 3262 1036 3347 fastigio
1058 3259 1147 3322 susti·

195 3354 249 3408 net
270 3368 403 3411 murum.
438 3346 660 3432 Circumpositi
691 3357 765 3412 sunt
797 3348 871 3412 huic
899 3348 1016 3433 oppido
1040 3346 1145 3430 magni

195 3430 348 3517 multique
370 3432 510 3497 intercisi
529 3432 667 3498 vallibus
700 3431 814 3517 colles3
848 3455 981 3519 quorum
1013 3430 1145 3494 editissi-

196 3533 267 3577 mus
288 3538 379 3598 unus,
402 3519 456 3602 qui
477 3528 607 3604 propter
626 3520 792 3584 victoriam
813 3517 1003 3583 Mithridatis
1026 3525 1057 3580 ct
1070 3514 1142 3577 infe·
1217 3571 1218 3608 ,
