2538 3978
447 205 593 276 OAPUT
613 206 751 274 48-52.
1015 207 1079 274 169

20 431 21 460 ,
113 378 279 460 rabanbrr,
313 397 392 464 quas
424 377 587 464 Longinus
621 377 683 442 sibi
716 400 872 464 expensas
904 377 981 444 ferri
1016 401 1080 444 non

20 463 21 536 J
114 473 238 530 tantum
270 462 460 550 patiebatur,
495 463 552 529 sed
585 464 680 528 etiam
713 464 855 550 cogebat,
884 465 918 530 in
950 485 1082 549 gregem

114 548 323 636 locupletium
346 548 550 614 simultatium
572 571 669 613 eausa
687 559 798 614 111111
821 549 1081 633 conficiebantur,

20 633 21 638 ’
113 655 223 722 neque
242 633 342 699 ullum
364 656 464 720 genus
494 643 643 720 quaestus
666 644 719 698 aut
740 637 848 718 magni
870 644 902 698 et
924 635 1080 702 evidentis

20 773 21 776 ¹
54 751 56 754 ·
113 730 171 786 aut
191 721 312 785 minimi
335 728 366 783 et
388 720 508 784 sordidi
533 719 854 806 praetermittebatur,
883 731 951 805 quo‘
968 721 1081 786 domus

115 815 151 871 et
172 805 311 872 tribunal
332 806 531 892 imperatoris
546 814 682 869 vacaret.
705 805 807 870 Nemo
822 816 898 888 erat,
916 807 970 891 qui
984 805 1079 872 modo

115 892 257 978 aliquam
278 892 431 954 iacturam
451 890 557 956 facere
585 899 702 975 posset,
726 892 802 976 quin
824 900 878 956 aut
898 891 1080 956 vadimonio

115 987 285 1058 teneretur,
316 984 371 1039 aut
398 977 431 1039 in
458 997 531 1040 reos
561 975 739 1040 referretur.
775 975 826 1040 Ita
846 997 962 1060 magna
984 976 1080 1042 etiam

48 1142 52 1149 Ι
113 1061 293 1128 sollicitudo
315 1059 527 1146 periculorum
550 1060 592 1125 ad
612 1061 751 1126 iacturas
774 1070 806 1128 et
827 1061 1015 1126 detrimenta
1032 1062 1081 1139 rei

113 1146 282 1212 familiaris
304 1146 401 1210 adiun
424 1146 546 1210 ebatur.

179 1233 230 1296 50.
255 1230 378 1310 Quibus
401 1169 441 1296 de
464 1233 569 1296 causis
592 1231 715 1313 accidit,
732 1240 774 1314 ut,
796 1253 893 1317 quum
913 1232 1081 1317 Longinus

113 1319 287 1402 imperator
302 1317 414 1382 eadem
424 1317 552 1400 faceret,
566 1339 648 1402 quae
658 1317 778 1382 iecerat
815 1327 951 1399 uaestor,
964 1317 1081 1384 similia

112 1424 224 1466 rursus
246 1402 287 1466 de
298 1411 399 1466 morte
415 1404 481 1466 eius
496 1403 707 1487 provinciales
719 1341 852 1468 11111111
866 1405 991 1466 inirent.
1013 1402 1081 1469 Η1·,

111 1509 186 1552 ,rum
202 1487 308 1552 odium
320 1487 551 1554 confirmabant
561 1490 706 1560 nonnulli
720 1487 892 1552 familiares
909 1491 991 1570 eius3
1015 1488 1081 1574 qui,

116 1595 214 1659 quum
235 1571 345 1637 inille
366 1575 516 1638 societate
538 1583 744 1640 versarentur
764 1576 957 1659 rapinarum,
980 1572 1082 1638 nihilo.

113 1658 218 1722 minus
240 1658 371 1723 oderant
393 1681 474 1741 eum,
499 1660 588 1728 ouius
603 1662 731 1726 nomine
746 1658 939 1744 peccabant,
955 1657 1080 1742 sibique

113 1743 201 1830 quod
210 1753 382 1830 rapuerant
394 1753 558 1829 acceptum
570 1745 760 1826 referebant,
778 1743 861 1830 quod
875 1743 1081 1808 interciderat

112 1837 170 1893 aut
196 1844 264 1895 erat
284 1827 519 1917 interpellatum
542 1829 653 1896 Cassio
677 1829 891 1916 assignabant.
929 1827 1080 1906 Quintam

113 1912 274 2000 legionem
290 1916 462 1981 conscribit
476 1937 602 1981 novam.
625 1916 771 2003 Augetur
786 1915 893 1981 odium
908 1922 940 1978 ct
954 1936 997 1979 ex
1010 1915 1080 1998 ipso

114 1999 242 2066 delectu
263 2010 295 2066 et
310 2010 437 2087 sumptu
455 2000 581 2066 additae
595 2001 739 2087 legionis.
763 1999 972 2086 Complentur
992 2001 1080 2086 equi·

114 2094 183 2150 tum
214 2095 252 2151 111
283 2087 371 2152 milia
403 2087 612 2173 maximisque
640 2097 792 2153 ornantur
821 2086 991 2171 impensis;
1019 2106 1081 2150 nec

113 2173 298 2258 provinciae
314 2173 407 2238 datur
428 2171 496 2238 ulla
517 2176 652 2258 requies.
1025 2213 1026 2220 1
1070 2203 1071 2206 ¹

179 2258 231 2322 51.
267 2257 399 2322 Interim
431 2258 553 2324 litteras
583 2259 705 2345 accepit
740 2279 761 2322 a
793 2257 940 2338 Caesare,
977 2264 1012 2320 ut
1046 2257 1087 2330 in

114 2343 258 2408 Africam
281 2345 455 2408 exercitum
476 2345 635 2408 traiiceret
655 2366 775 2430 perque
796 2342 1016 2407 Mauritaniam
1039 2341 1081 2405 ad

114 2429 196 2494 fines
216 2429 385 2495 Numidiae
404 2432 595 2516 perveniret,
612 2429 697 2516 quod
710 2451 827 2514 magna
848 2427 906 2492 On.
929 2427 1080 2511 Pompeio

115 2513 196 2582 Iuba
216 2515 346 2579 miserat
373 2514 493 2580 auxilia
520 2517 702 2602 maioraque
734 2517 887 2600 missurus
921 2513 1079 2576 existima·

115 2598 218 2664 batur.
253 2599 376 2679 Quibus
412 2600 525 2666 litteris
563 2602 701 2687 acceptis
733 2599 882 2666 insolenti
917 2596 1080 2682 voluptate

116 2684 315 2769 efferebatur,
339 2687 423 2771 quod
446 2686 507 2751 sibi
535 2709 690 2752 novarum
710 2687 945 2773 provinciarum
967 2691 999 2745 et
1019 2681 1079 2746 ier-

116 2769 253 2836 tilissimi
275 2775 367 2856 regni
382 2781 471 2838 tanta
486 2772 593 2838 oblata
613 2782 697 2838 esset
719 2771 862 2836 lacultas.
885 2771 996 2853 ltaque
1010 2767 1081 2915 ipse

116 2857 150 2922 in
170 2857 367 2922 Lusitaniam
393 2859 604 2944 proficiscitur
632 2857 673 2924 ad
700 2858 843 2944 legiones
871 2873 1021 2921 arcessen
1044 2873 1081 2916 aa

117 2941 297 3028 auxiliaque
312 2943 514 3026 adducenda3
531 2944 624 3010 certis
643 2941 823 3008 hominibus
840 2941 894 3005 dat
907 2938 1079 3023 negotium,

116 3036 151 3094 ut
171 3027 363 3094 trumentum
384 3052 547 3117 navesque
570 3037 591 3096 C
612 3038 890 3116 praepararentur,
912 3023 1080 3111 pecuniae-

116 3135 177 3198 que
199 3113 456 3182 describerentur
482 3126 576 3202 atque
605 3117 847 3200 imperarentur,
869 3133 911 3177 ne
934 3131 996 3195 qua
1017 3129 1079 3190 res,

117 3221 215 3284 quum,
234 3199 380 3284 redisset,
409 3212 593 3266 moraretur.
622 3201 754 3264 Reditus
778 3201 844 3262 eius
866 3198 925 3261 fuit
947 3193 1081 3260 celerior

117 3286 255 3349 omnium
289 3288 453 3371 opinione:
491 3307 555 3352 non
589 3289 673 3352 enim
709 3284 800 3350 labor
834 3291 887 3347 aut
914 3279 1081 3366 vigilantia

120 3372 256 3454 cupienti
279 3374 467 3455 praesertim
491 3373 612 3460 aliquid
636 3369 748 3436 Cassio
771 3371 888 3434 deerat.

180 3455 232 3519 12.
254 3456 407 3524 Exercitu
440 3467 549 3526 coacto
578 3457 613 3524 in
640 3478 740 3523 unum
767 3454 871 3521 locum
902 3454 1011 3516 castris
1039 3451 1081 3516 ad
