2532 3968
465 231 719 298 PRAEFATIO.
1023 224 1071 299 [x

119 405 245 490 digent,
268 405 357 470 'ratio
387 405 427 468 sit
458 402 614 468 habenda.
657 403 753 466 Haud
774 402 866 488 parvi
887 403 983 488 igitur
1003 425 1069 468 mo-

120 494 218 555 menti
250 489 295 554 ad
322 489 546 574 turpitudinem
572 489 667 573 fugae
693 487 861 553 delendam
883 497 959 569 erat,
1005 487 1071 552 uod

119 577 243 664 equites
265 575 403 639 locorum
427 583 459 639 et
473 575 725 639 adversariorum
746 575 867 639 ratione
888 573 1003 657 postha
1025 575 1071 638 ita

119 667 255 726 omnibus
276 659 354 724 loeis
384 663 478 724 etiam
506 659 622 747 iniquis
643 668 803 743 tamquam
825 657 991 743 legionarii
1012 659 1069 721 mi·

118 745 192 810 lites
218 745 412 831 pugnabant,
435 765 497 832 quo
519 767 554 808 se
576 745 625 808 his
646 743 851 829 praeferrent.
875 743 940 829 (De
961 743 1070 828 iniqua

118 829 183 896 loci
213 841 326 895 natura
354 839 385 895 et
414 851 440 894 e.
470 831 511 894 22
539 839 570 894 et
599 852 626 894 o.
657 828 697 892 19
726 830 802 893 satis
824 832 974 894 monitum
997 828 1070 914 est.)

118 915 268 1003 Denique
297 916 382 1002 quod
409 914 450 980 ad
478 924 654 1000 tempotum
679 912 938 1000 inaequalitatem
959 915 1070 978 attinet

120 1014 181 1065 tum
203 1010 328 1067 calones
461 1012 728 1076 occurrerunt,
752 1008 865 1078 equites
887 1020 961 1065 vero
984 1047 1069 1063 ....

120 1093 258 1151 omnibus
280 1093 311 1150 in
335 1089 412 1150 loeis
439 1097 624 1166 poenam,
655 1107 693 1148 ea
713 1104 819 1172 neque
840 1107 904 1150 non
927 1107 968 1150 ex
990 1083 1070 1149 an-

119 1173 200 1234 saris
223 1169 448 1237 consuetudine
477 1179 526 1234 est
552 1170 640 1256 (vide
661 1170 763 1252 locos,
797 1192 876 1258 quos
904 1167 1071 1236 Kranerus

119 1255 161 1320 ad
182 1255 213 1319 b.
235 1277 263 1320 e.
285 1255 310 1337 1,
333 1257 404 1338 65,1
428 1255 615 1341 adscripsit),
639 1265 670 1320 et
691 1257 767 1342 ipsis
789 1255 887 1322 rebus
909 1257 1072 1340 aptissima

120 1363 190 1405 esse
223 1342 362 1424 videtum
399 1340 534 1406 alterum
570 1343 670 1422 enim,
708 1337 793 1427 quod
829 1340 869 1404 de
905 1341 1070 1426 calonibus

119 1425 330 1512 praedicatur,
353 1437 514 1513 tamquam
541 1428 693 1574 temporis
715 1436 910 1490 momentum
932 1425 1070 1507 obtinet;

119 1511 205 1658 quod
225 1534 302 1576 vero
326 1511 366 1576 de
388 1511 545 1597 equitibus
568 1533 604 1575 re
617 1520 713 1593 entur,
737 1513 952 1576 continuitatis
974 1511 1071 1596 signi·

143 1599 266 1660 catione
286 1619 381 1682 aegre
403 1606 533 1662 careret.

185 1680 220 1744 O.
254 1681 295 1744 28
317 1684 447 1762 restitui,
492 1681 554 1748 uod
571 1680 650 1746 'libri
671 1681 790 1747 habent
819 1689 1015 1748 collectos-
1030 1678 1070 1745 N.

120 1787 161 1828 ex
183 1768 363 1831 coniectura
382 1705 569 1853 Glandorpii
584 1775 737 1832 contectos
753 1767 851 1832 edidit
866 1805 917 1850 ·-,
933 1769 1071 1854 itemque

121 1872 191 1915 cum
220 1850 310 1916 libris
337 1853 398 1916 feei
427 1875 454 1916 e.
477 1853 519 1915 34
540 1852 704 1918 retinendo
734 1861 765 1917 m
789 1859 982 1934 deditionem,
1012 1873 1072 1937 pro

122 1958 182 2021 quo
204 1937 242 2001 N.
267 1945 297 2000 m
321 1944 467 2002 dicionem
488 1937 639 2024 reposuit.

184 2020 255 2090 LIB.
276 2021 340 2104 III,
364 2045 391 2086 e.
415 2024 431 2086 1
457 2044 481 2085 s.
504 2023 525 2085 f.
549 2025 661 2108 scripsi
683 2029 721 2088 ab
746 2031 794 2105 iis,
817 2025 850 2086 in
866 2043 927 2108 quo
942 2021 1072 2107 plurimi

121 2103 193 2169 libri
229 2109 444 2187 consentiunt3
480 2108 518 2170 N.
553 2131 594 2172 ex
630 2109 774 2173 Parisino
811 2109 912 2193 primo
952 2115 989 2172 ab
1022 2115 1073 2175 dir

121 2213 193 2254 rece
216 2193 248 2254 it.

186 2213 221 2339 d.
245 2277 265 2338 2
286 2273 401 2340 retinui
423 2285 607 2360 absentibus,
631 2300 693 2378 quo
708 2280 823 2343 omisso
847 2278 955 2342 durior
977 2300 1072 2364 quam

122 2361 174 2452 qui
197 2383 268 2424 cum
290 2361 437 2446 expedito
461 2362 607 2427 Caesaris
623 2362 749 2427 d1oendi
764 2385 880 2448 genere
896 2365 1072 2427 consociari

121 2455 228 2522 posset
250 2468 358 2510 sermo
381 2448 540 2512 evaderet.
961 2461 963 2466 ’

120 2523 132 2532 ”
185 2530 211 2595 O
247 2534 286 2593 12
307 2538 354 2595 bis
376 2531 454 2596 illud
475 2533 515 2596 ab
530 2533 722 2619 Nipperdeio
744 2533 876 2620 aliisque
899 2533 1073 2598 editoribus

124 2623 158 2677 ut
179 2617 319 2701 spurium
340 2617 521 2681 damnatum
543 2618 646 2703 (qaum
673 2641 711 2683 ex
733 2627 793 2684 olto
815 2642 849 2684 se
871 2631 973 2710 oesues
995 2627 1073 2684 inei-

126 2709 258 2778 tam‘sset,
284 2709 366 2780 qaod
387 2709 445 2767 bis
475 2710 587 2768 aecidat
608 2725 726 2784 semper
748 2711 893 2769 berorum
915 2711 982 2769 XII
999 2726 1072 2784 spa-

125 2785 178 2870 tie)
199 2788 330 2850 retineri
351 2809 445 2872 posse
468 2789 586 2868 censui,
602 2787 657 2852 ubi
670 2787 771 2852 verba
785 2811 902 2868 semper
925 2797 1073 2854 horarum

123 2875 188 2935 ΧῚΙ
213 2880 314 2952 spatio
343 2871 547 2957 explicationi
573 2875 727 2939 inservire
754 2875 904 2958 facimus3
935 2896 1071 2961 quapro-

122 2965 193 3042 pter
213 2967 285 3040 post
307 2965 420 3023 accidit
440 2959 545 3022 insidi.
637 2995 638 3000 κ

185 3039 221 3105 O.
249 3043 288 3106 21
316 3043 350 3106 in
372 3044 497 3128 optimis
519 3043 608 3108 libris
631 3044 711 3108 haee
733 3043 895 3130 leguntur:
917 3048 972 3110 Illi
992 3050 1072 3108 alias

124 3135 280 3207 emptione
302 3141 422 3206 tentata,
446 3136 526 3192 alios
548 3136 700 3195 caniculis
724 3137 766 3194 ad
786 3151 929 3208 affluerem
950 3135 1073 3193 uineas-

125 3232 181 3290 qae
203 3221 289 3295 uotis,
324 3221 412 3278 euius
439 3222 487 3278 rei
507 3223 578 3278 sunt
598 3220 688 3290 lonae
710 3222 894 3295 peritissimi
914 3219 1070 3292 Aquitani,

118 3310 288 3377 prepterea
317 3305 400 3377 qued
426 3306 526 3364 multis
553 3306 631 3364 loeis
660 3306 746 3380 apud
774 3322 826 3365 eos
849 3307 992 3364 aerariae
1016 3319 1072 3363 se-

124 3391 331 3462 cturaeque
352 3398 430 3460 sunt,
454 3407 478 3449 e.
504 3407 530 3463 q.
553 3407 578 3451 o.
601 3383 667 3448 Alii
689 3384 751 3450 alio
772 3384 864 3450 modo
879 3382 958 3448 illud
973 3394 1071 3449 seem,-

48 3531 49 3536 ,
123 3471 236 3545 'raeque
247 3477 416 3532 tentarunt.
440 3468 685 3556 Oudendorpius
701 3471 819 3533 omissa
833 3467 990 3551 particula
1005 3481 1073 3550 qut
