2562 3966
349 216 485 314 coma
507 216 554 281 vt
576 215 672 315 oar.-
694 217 829 284 17-22.
1009 218 1069 283 aas

112 388 197 474 quod
212 409 308 472 saepe
330 387 473 453 homines
488 390 674 454 temerarios
689 398 784 476 atque
804 391 967 476 imperitos
982 389 1069 454 falsis

110 473 292 537 rumoribus
313 475 425 538 terreri
441 484 473 538 et
494 475 536 538 ad
550 475 672 538 facinus
694 475 815 561 impelli
830 485 862 542 et
884 475 923 540 de
939 479 1069 542 summis

37 597 40 602 ν
111 559 208 623 rebus
236 559 403 646 consilium
432 581 545 645 capere
573 562 735 645 cognitum
764 569 821 640 est.
864 561 1069 648 Magistratus

112 660 194 731 quae
215 645 287 710 visa
309 654 382 708 suut
404 645 572 729 occultant,
596 645 741 732 quaeque
763 653 833 713 esse
850 670 891 712 ex
906 671 967 712 usu
989 646 1068 713 iudi-

112 739 266 814 caverunt
291 729 485 794 multitudini
512 731 659 816 produnt.
703 732 755 796 Dc
781 756 818 798 re
847 733 977 819 publica
1005 735 1068 798 nisi

110 837 170 901 per
192 815 359 880 concilium
381 815 468 902 loqui
489 838 554 880 non
576 817 767 881 conceditur.

176 901 238 964 21:
251 900 402 965 Germani
423 900 556 965 multum
578 902 619 966 ab
641 902 701 966 hac
728 903 955 966 consuetudine
980 903 1068 968 diffe-

109 994 194 1050 runt
226 987 308 1050 Nam
329 1009 433 1071 neque
456 986 583 1052 druides
606 987 734 1070 habent,
779 990 812 1052 ui
832 988 930 1053 rebus
953 988 1068 1053 divinis

110 1073 261 1157 praesint,
284 1095 387 1158 neque
410 1072 572 1136 sacrificiis
595 1074 730 1138 student.
804 1096 915 1138 eorum
935 1097 1068 1140 numero

111 1179 167 1222 eos
196 1157 279 1222 solos
307 1157 440 1238 ducunt,
475 1180 552 1244 quos
580 1169 712 1223 cernunt
741 1168 773 1222 et
802 1166 936 1244 quorum
959 1170 1068 1246 aperte

110 1243 225 1328 opibus
240 1244 398 1326 iuvantur,
421 1243 529 1308 Solem
544 1244 766 1308 et‘Vuleanum
789 1256 820 1308 et
840 1244 973 1328 Lunam,
996 1245 1068 1310 reli-

111 1347 191 1414 quos
219 1351 260 1393 ne
287 1329 372 1393 fama
399 1329 526 1414 quidem
554 1341 755 1414 acceperunt.
798 1331 874 1394 Vita
906 1332 1008 1395 omnis
1034 1332 1069 1394 in

108 1414 334 1478 venationibus
357 1423 452 1500 atque
473 1415 507 1477 in
536 1416 647 1479 studiis
669 1418 717 1480 rei
738 1415 882 1479 militaris
906 1417 1066 1480 consistit:

110 1498 152 1564 ab
173 1499 315 1585 parvulis
337 1500 439 1565 labori
461 1521 499 1563 ac
521 1499 654 1565 duritiae
676 1501 810 1564 student.
846 1497 910 1579 Qui
932 1501 1068 1566 diutississ

109 1607 163 1650 me
188 1587 232 1648 im
255 1585 369 1650 uberes
422 1596 652 1668 ermauserunt,
683 1587 854 1650 maximam
881 1587 967 1662 inter
995 1609 1067 1650 suos

109 1670 215 1734 fertmt
232 1607 378 1735 laudem:
398 1608 462 1734 loc
477 1669 520 1734 ali
543 1677 703 1754 staturam,
728 1671 771 1734 ali
785 1673 871 1735 vires
886 1694 1068 1758 nervosque

110 1756 290 1820 confirmari
312 1765 434 1841 putant.
470 1755 559 1820 Intra
581 1779 698 1820 annum
719 1779 796 1822 vero
818 1759 1005 1821 vicesimum
1024 1757 1068 1820 fe-

108 1843 216 1907 minae
237 1842 381 1906 notitiam
394 1840 545 1906 habuisse
558 1844 591 1906 in
609 1843 799 1928 turpissimis
815 1842 936 1908 habent
956 1842 1067 1943 rebus,

10 2003 11 2006 Ἴ
110 1929 200 1990 cuius
222 1929 269 1992 rei
290 1927 379 1991 nulla
401 1935 449 1992 est
471 1927 647 2009 occultatio,
675 1928 759 2014 quod
782 1937 813 1992 et
834 1929 1013 2012 promiscue
1034 1951 1069 1992 m

109 2011 293 2076 fluminibus
308 2012 494 2098 perluuntur
510 2025 541 2076 et
555 2013 691 2098 pellibus
703 2022 756 2076 aut
766 2018 875 2099 parvis
890 2012 1068 2078 rhenonum

109 2099 290 2184 tegimentis
312 2108 442 2162 utuntur
462 2120 579 2183 magna
601 2101 743 2184 corporis
765 2097 857 2185 parte
879 2099 974 2162 nuda.

174 2184 472 2270 22.'Agrioulturae
493 2206 557 2248 non
580 2184 716 2265 student,
739 2185 902 2269 maiorque
916 2206 992 2270 pars
1016 2206 1067 2248 eo-

108 2293 181 2335 rum
202 2270 305 2333 victus
326 2273 360 2334 in
381 2269 481 2352 lacte,
499 2281 618 2350 caseo,
642 2290 736 2332 earne
759 2270 911 2332 consistit.
954 2269 1067 2355 Neque

110 2357 279 2442 quisquam
308 2357 377 2440 agri
405 2355 534 2420 modum
557 2363 679 2418 certum
700 2363 754 2418 aut
776 2354 855 2418 fines
877 2354 974 2418 habet
994 2378 1066 2440 pro-

10 2497 15 2505 „
108 2442 215 2528 prios;
236 2440 293 2504 sed
306 2442 508 2527 magistratus
524 2461 562 2503 ac
576 2441 735 2524 principes
757 2441 790 2502 in
810 2439 1067 2525 annossingulos

109 2526 258 2611 gentibus
269 2526 573 2612 cognationibusque
584 2525 755 2607 hominum,
772 2526 826 2610 qui
840 2548 904 2589 una
915 2526 1066 2607 coierunt,

110 2622 265 2697 quantum
280 2621 312 2676 et
348 2635 389 2676 uo
412 2610 482 2676 loco
496 2613 599 2675 visum
622 2619 671 2674 est
693 2613 761 2694 agri
784 2609 958 2674 attribuunt
973 2620 1005 2674 at
1027 2633 1068 2674 ue

110 2719 195 2761 anno
217 2706 290 2782 post
311 2635 374 2761 alio
389 2698 524 2760 transire
540 2705 665 2782 cogtmt.
695 2695 773 2759 Eius
793 2698 841 2759 rei
862 2695 1012 2758 multasa
1037 2718 1067 2759 e-

108 2792 185 2846 runt
206 2804 332 2846 causas:
355 2805 397 2847 ne
420 2781 548 2845 assidua
569 2781 796 2846 consuetudine
823 2782 907 2866 capti
929 2779 1068 2844 studium

108 2867 189 2932 belli
210 2867 342 2953 gerendi
369 2866 563 2951 agricultura
585 2875 793 2949 commutent3
822 2887 863 2929 ne
885 2865 965 2929 latos
987 2865 1067 2929 lines

108 2976 224 3040 parare
253 2953 414 3035 studeant,
448 2953 704 3038 potentioresque
731 2951 914 3032 hum1liores
943 2973 1067 3037 posses-

110 3039 253 3110 sionibus
281 3037 459 3124 expellant,
491 3059 532 3102 ne
562 3035 740 3101 aceu'ratius
763 3037 804 3100 ad
825 3037 944 3121 frigora
972 3045 1067 3121 atque

109 3134 218 3189 aestus
240 3124 387 3188 vitandos
410 3121 592 3204 aedificent3
622 3146 662 3188 ne
686 3145 748 3208 qua
774 3124 893 3186 oriatur
913 3121 1068 3207 pecuniae

109 3210 282 3295 cupiditas,
312 3232 374 3294 qua
396 3231 437 3272 ex
465 3207 676 3272 refectiones
705 3207 981 3292 dissensionesque
1013 3227 1068 3268 na

109 3295 257 3378 seimmr'3
280 3304 315 3359 ut
330 3293 427 3357 animi
442 3294 600 3378 aequitate
618 3291 745 3377 plebem
760 3293 949 3374 contineant,
972 3313 1070 3440 (qaum

109 3403 185 3446 suas
208 3383 344 3469 quisque
367 3400 442 3465 opes
465 3399 538 3441 cum
551 3379 776 3463 potentissimis
799 3379 929 3462 aequari
949 3379 983 3442 vi
1006 3384 1067 3441 eat.

105 3513 108 3519 -
154 3485 237 3527 caesar.
844 3463 865 3526 9
