2534 3970
390 223 526 292 OOMM.
548 227 579 289 V
600 225 694 294 CAP.
717 229 809 296 1-4.
1035 227 1077 294 89

121 396 281 482 expeditis
303 404 341 458 lv
363 409 395 462 et
419 421 438 463 e
483 396 577 464 'tibus
599 403 690 464 DCCC
710 401 744 462 in
764 397 844 462 fines
866 398 1078 464 Treverorum

120 481 350 568 proficiscitur,
380 505 441 568 quo
490 483 524 547 hi
551 505 654 569 neque
687 483 729 550 ad
750 483 885 549 eoncilia
909 483 1079 550 veniebant

120 589 228 716 nefllue
249 569 381 652 imperio
396 566 549 652 parebant
563 567 802 656 Germanosque
817 568 1078 636 Transrhenanos

120 673 155 716 so
184 653 296 718 'citare
318 651 510 718 dicebantur.

118 761 123 773 ’
186 737 219 801 3.
242 737 332 802 Haec
366 739 475 801 civitas
508 738 602 823 longe
635 737 804 823 plurimum
836 740 932 804 totins
955 737 1078 810 Galliae

121 824 269 907 equitatu
290 821 376 886 valet
396 845 590 908 magnasque
612 822 709 888 habet
723 825 829 908 copias
844 823 985 909 peditum
998 824 1078 891 Rhe-

120 929 281 993 numque,
312 917 346 970 ut
374 929 469 992 supra
495 908 796 990 demonstravimus,
826 910 937 994 tangit
980 907 1019 972 In
1041 931 1080 974 ea

121 994 254 1056 civitate
291 992 353 1058 duo
386 993 426 1056 de
458 994 635 1078 principatu
664 994 746 1058 inter
775 1016 809 1058 se
836 993 1078 1076 contendebant,

120 1075 361 1142 Indutiomarus
378 1087 409 1141 at
432 1076 492 1141 Oin
515 1079 633 1161 eteris,
669 1077 824 1165 equibus
846 1077 942 1161 alter,
974 1079 1080 1144 simul·

122 1171 223 1248 atque
251 1161 291 1228 de
324 1161 470 1228 Caesaris
493 1101 721 1250 legionumque
751 1163 891 1230 adventu
920 1166 1081 1250 cognitum

122 1258 182 1329 est,
208 1247 345 1312 adeum
366 1249 469 1330 venit,
498 1270 532 1313 se
555 1269 692 1334 suosque
714 1269 823 1314 omncs
851 1249 885 1314 in
908 1249 1012 1314 officio
1033 1249 1081 1313 fu·

121 1341 215 1398 turos
248 1353 351 1418 neque
373 1333 413 1398 ab
436 1335 574 1400 amicitia
601 1333 709 1419 populi
740 1333 874 1399 Romani
902 1335 1080 1400 defeeturos

123 1418 329 1482 confirmavit
350 1440 494 1504 quaeque
515 1420 549 1482 in
564 1419 712 1486 Treveris
732 1428 920 1502 gererentur
934 1419 1080 1485 ostendit

122 1505 168 1570 At
189 1501 424 1569 Indutiomarus
447 1506 621 1590 equitatum
642 1504 879 1590 peditatumque
895 1525 1008 1588 cogere
1028 1505 1081 1568 iis·

123 1611 207 1676 que,
243 1590 297 1673 qui
324 1611 381 1674 per
403 1598 539 1654 aetatem
570 1591 602 1653 in
625 1590 720 1654 armIs
749 1611 819 1654 esse
840 1611 905 1653 non
926 1599 1081 1674 poterant,

123 1675 159 1738 in
197 1673 313 1738 silvam
345 1675 550 1739 Arduennam
583 1674 715 1757 abditis,
749 1695 832 1760 quae
864 1675 986 1758 ingenti
1017 1696 1082 1738 ma·

172 1759 295 1824 ‘urdine
323 1782 381 1844 per
410 1759 530 1824 medios
558 1761 638 1824 fines
666 1759 878 1824 Treverorum
906 1781 926 1822 a
954 1759 1083 1825 flumine

123 1783 243 1909 ffisno
266 1844 307 1908 ad
327 1846 449 1916 initium
471 1845 807 1931 Remorumpertinet,
830 1843 949 1909 bellum
970 1865 1083 1930 parare

125 1931 274 1996 instituit.
323 1929 389 1996 Sed
447 1940 630 2016 osteaquarn
667 1929 812 1996 nonnulli
849 1931 1007 2016 principes
1043 1951 1084 1995 ex

126 2038 168 2080 ea
200 2017 328 2080 civitate
356 2025 387 2079 et
412 1953 623 2080 limiliaritate
652 2015 864 2102 Cingetorigis
893 2015 1020 2080 adducti
1054 2023 1085 2080 et

126 2101 272 2166 adventu
310 2103 410 2164 nostri
449 2102 606 2166 exereitus
639 2103 801 2187 perterriti
837 2100 878 2165 ad
915 2099 1083 2166 Gaesarem

127 2195 289 2252 venerunt
315 2195 347 2250 et
374 2187 415 2253 de
444 2187 509 2250 suis
537 2188 686 2272 privatim
712 2185 808 2251 rebus
837 2185 878 2250 ab
911 2208 949 2251 eo
976 2197 1085 2272 petere

129 2280 320 2356 coeperunt,
352 2273 500 2357 quoniam
529 2273 647 2336 civitati
669 2271 835 2338 consulere
857 2293 921 2336 non
946 2280 1084 2358 possent,

129 2358 271 2439 veritus,
304 2378 345 2420 ne
374 2356 414 2420 ab
437 2356 581 2422 omnibus
604 2357 815 2438 desereretur,
849 2356 1085 2421 Indutiomarus

130 2441 256 2528 legatos
285 2441 326 2506 ad
356 2440 526 2508 Caesarem
554 2442 665 2506 mittit:
699 2441 778 2507 Sese
805 2441 923 2506 idcireo
952 2441 992 2506 ab
1021 2441 1086 2505 suis

131 2526 302 2600 discedere
324 2535 419 2612 atque
433 2527 474 2591 ad
489 2549 561 2592 eum
575 2529 684 2594 venire
706 2527 855 2608 noluisse,
879 2549 940 2613 quo
963 2526 1085 2590 facilius

131 2614 296 2676 civitatem
316 2612 350 2675 in
377 2611 480 2677 officio
503 2613 695 2692 contineret,
726 2633 766 2676 ne
790 2612 891 2679 omnis
913 2611 1086 2676 nobilitatis

132 2697 279 2774 discessu
300 2695 392 2781 plebs
415 2707 544 2784 propter
568 2697 811 2782 imprudentiam
833 2696 1008 2761 laberetur:
1031 2697 1087 2760 ita·

132 2803 198 2868 que
221 2803 292 2846 esse
315 2783 474 2848 civitatem
488 2785 522 2846 in
537 2805 594 2847 sua
611 2791 775 2867 potestate,
799 2803 942 2867 seseque,
967 2783 993 2845 si
1009 2779 1087 2846 an-

133 2889 189 2932 sar
209 2868 415 2952 permitteret,
439 2867 480 2932 ad
502 2889 574 2932 eum
601 2869 635 2930 in
664 2875 770 2932 eastra
795 2876 978 2947 venturum,
1015 2887 1087 2932 suas

134 2953 337 3037 civitatisque
358 2953 497 3018 fomunas
520 2953 587 3016 eins
609 2951 684 3018 fidei
706 2953 942 3036 permissurum.

200 3037 231 3104 4.
256 3035 384 3119 Caesar,
408 3039 467 3102 etsi
488 3036 700 3122 intellegebat,
720 3057 787 3122 ¹qus
809 3036 848 3100 de
867 3057 962 3100 causa
984 3058 1022 3100 ea
1044 3033 1088 3098 di·

135 3131 295 3203 cerentur,
319 3144 463 3208 quaeque
486 3144 558 3186 cum
579 3143 630 3186 res
653 3121 694 3187 ab
716 3122 859 3185 instituto
882 3119 1012 3186 consilio
1035 3119 1088 3183 de-

136 3215 280 3289 terreret,
303 3215 418 3286 tamen,
441 3229 483 3272 ne
505 3215 656 3271 aestatem
678 3207 711 3270 in
734 3205 882 3270 Treveris
905 3225 1089 3268 consumere

137 3301 304 3378 cogeretur
340 3292 485 3357 omnibus
517 3291 558 3356 ad
589 3291 807 3356 Britannicum
839 3289 958 3354 bellum
994 3288 1089 3352 rebus

138 3378 344 3463 comparatis,
373 3377 623 3442 Indutiomarum
645 3375 686 3438 ad
709 3397 743 3440 se
766 3397 838 3439 cum
861 3380 903 3438 CC
925 3373 1089 3439 obsidibus

137 3463 249 3532 venire
270 3462 370 3529 iussit.
402 3462 474 3529 ,His
497 3461 657 3541 adductis,
690 3461 723 3524 in
746 3460 784 3524 iis
806 3457 871 3524 filio
893 3459 1092 3545 propinquis-
