2538 3978
196 248 237 312 66
486 247 545 310 DF}
567 247 710 312 BELLO
734 247 867 352 Omni
916 335 918 339 Ι

195 417 274 505 fido,
306 429 422 507 quanto
455 419 534 482 hacc
568 415 766 482 dissimulare
796 429 827 482 et
855 418 1021 502 occultari,
1061 442 1157 506 quam

193 529 252 592 per
280 527 338 570 nos
367 503 545 569 confirmari
572 503 736 589 praestet?
764 503 817 567 An
838 529 912 587 non,
941 508 989 569 uti
1011 507 1156 591 corporis

194 592 337 672 vulnera,
365 591 409 653 ite
436 591 594 652 exercitus
620 590 821 654 incommoda
849 600 922 655 sunt
943 591 1089 676 tegenda,
1113 614 1157 654 ne

195 699 283 764 spem
299 676 490 740 adversariis
505 674 701 760 augeamus?
716 675 760 738 At
776 677 878 759 etism,
894 686 929 740 ut
943 677 1048 741 media
1061 686 1156 740 nocte

194 762 440 912 {reficiscamun
457 759 586 844 addunt,
604 783 664 846 quo
687 762 848 844 maiorem,
866 762 970 844 credo,
994 762 1157 826 licentiam

217 848 340 930 abeant,
372 848 425 931 qui
447 868 581 931 peccare
605 856 771 909 conentur.
799 847 883 911 Nam
906 871 946 912 ue
975 846 1157 912 huiusmodi

194 957 245 1000 res
268 943 321 996 aut
342 932 463 1018 pudore
478 941 532 996 aut
552 940 637 995 metu
659 941 821 1015 tenentum
844 936 898 1019 qui
922 955 958 996 us
980 933 1076 997 rebus
1091 955 1157 997 nox

193 1021 331 1084 maxime
354 1018 539 1081 adversaria
554 1027 610 1080 est.
628 1015 734 1095 Quare
749 1040 853 1105 neque
868 1020 947 1082 tanti
963 1041 1031 1082 sum
1048 1019 1156 1100 animi,
1185 1094 1189 1105 x

193 1116 228 1170 ut
250 1107 318 1168 sine
340 1125 396 1188 spe
419 1112 524 1166 cestra
544 1102 757 1188 oppugnanda
778 1125 935 1186 censeam,
958 1126 1061 1190 neque
1075 1103 1158 1166 tanti

194 1191 324 1271 timoris,
348 1199 382 1252 ut
403 1189 470 1273 ipse
494 1187 648 1269 deficiam,
679 1199 773 1274 atque
795 1191 901 1253 omnia
922 1191 1009 1275 prius
1033 1189 1156 1274 experi-

194 1277 277 1343 enda
298 1274 432 1338 arbitror
453 1295 630 1421 magnaQue
647 1284 792 1362 extparte
807 1277 870 1339 iam
890 1297 941 1339 me
963 1297 1027 1339 una
1048 1275 1155 1338 vobis-

195 1385 265 1428 cum
289 1361 329 1423 de
351 1381 386 1423 re
408 1359 558 1422 iudicium
593 1369 735 1422 acturum
758 1360 892 1425 confido.

257 1447 308 1510 32.
333 1445 472 1508 Dimisso
495 1444 624 1509 consilio
648 1446 830 1510 concionem
854 1446 987 1511 advocat
1009 1446 1153 1510 militum.

195 1532 437 1611 Commemorat,
469 1552 531 1615 quo
562 1532 602 1593 sit
631 1549 741 1594 eorum
766 1553 844 1595 usus
873 1532 976 1595 studio
1007 1532 1048 1596 ad
1077 1530 1154 1597 Cor-

191 1620 304 1685 finium
328 1615 455 1697 Caesar,
478 1625 513 1679 ut
541 1638 690 1699 magnam
712 1626 836 1701 partem
865 1617 976 1680 Italiae
998 1617 1154 1682 beneficio

193 1715 289 1791 atque
312 1703 496 1768 auctoritate
519 1723 627 1765 eorum
649 1722 739 1764 suam
761 1703 880 1766 feeerit
913 1703 979 1768 Vos
1002 1705 1085 1766 enim
1099 1725 1154 1767 vc-

194 1800 357 1877 strumque
386 1788 503 1851 factum
532 1788 646 1869 omnis,
673 1788 784 1874 inquit,
813 1788 962 1874 deinceps
984 1789 1155 1873 municipia

193 1886 267 1940 sunt
289 1884 405 1956 secuta,
428 1895 530 1974 neque
555 1873 622 1935 siue
652 1895 749 1938 causa
772 1884 803 1938 et
825 1873 944 1937 Caesar
965 1875 1154 1938 amicissime

194 1963 234 2028 de
264 1962 356 2026 vobis
387 1968 418 2023 et
440 1958 487 2022 ilh
535 1959 699 2021 ravissime
721 1960 950 2024 iudicaverunt.
983 1960 1154 2046 Pompeius

193 2050 278 2113 enim
313 2045 401 2111 nullo
435 1981 556 2130 proeiio
590 2043 700 2128 pulsus
727 2047 826 2110 vestri
859 2046 933 2109 facti
960 2045 1154 2130 praeiudicio

108 2147 114 2160 ’
194 2133 337 2198 demotus
367 2129 459 2194 Italia
487 2130 640 2211 excessit,
671 2128 790 2194 Caesar
818 2154 878 2214 me,
903 2153 997 2217 quem
1020 2130 1080 2194 sibi
1103 2152 1153 2194 ca·

192 2220 352 2283 tissimum
374 2216 492 2297 habuit,
508 2216 704 2301 provinciam
727 2216 867 2280 Siciliam
888 2227 981 2303 atquc
1003 2217 1153 2299 Africam,

193 2305 260 2368 sine
291 2303 404 2389 quibus
433 2301 545 2366 urbem
575 2310 668 2385 atque
699 2301 823 2365 ltaliam
851 2304 932 2366 tueri
954 2325 1018 2366 non
1040 2311 1153 2386 potest,

193 2398 319 2454 vestrae
348 2388 423 2451 fidei
451 2387 615 2451 commisit.
644 2387 780 2469 Adsunt,
811 2390 865 2473 qui
893 2411 950 2452 vos
979 2387 1152 2469 hortentur,

191 2484 227 2538 ut
250 2474 381 2538 anobis
404 2473 596 2537 desciscatis.
626 2470 711 2550 Quid
733 2475 816 2536 enirn
839 2484 887 2537 est
915 2473 977 2536 illis
1006 2477 1152 2559 optatius,
1247 2529 1248 2533 ,

193 2581 288 2645 quam
309 2582 372 2623 uno
388 2568 530 2643 tempore
546 2566 577 2622 et
592 2579 650 2620 nos
673 2558 900 2622 circumvenire
916 2568 947 2623 et
960 2581 1018 2623 vos
1034 2559 1152 2622 nefario

192 2645 311 2710 scelere
335 2643 556 2728 obstringere?
579 2652 633 2706 aut
656 2644 732 2730 quid
753 2645 825 2707 irati
847 2646 977 2729 gravius
1000 2644 1039 2707 de
1061 2643 1151 2708 vobis

192 2733 308 2795 sentire
353 2739 472 2810 ossunt,
493 2751 591 2877 guam
614 2737 647 2792 ut
670 2751 724 2793 eos
753 2729 904 2814 prodatiS,
928 2731 982 2816 qui
1005 2751 1039 2792 se
1061 2729 1151 2793 vobis
1242 2803 1243 2806 Ἴ

191 2818 297 2880 omnia
319 2753 436 2879 debere
457 2815 490 2878 iu
514 2816 607 2895 icant,
631 2815 665 2878 in
682 2837 789 2878 eorum
805 2826 992 2900 potestatem
1006 2815 1150 2896 veniatis,

192 2903 246 2988 qui
275 2925 309 2966 se
338 2923 395 2986 per
416 2922 474 2964 vos
500 2900 624 2985 perisse
652 2900 854 2965 existimant?
869 2901 921 2964 An
942 2902 1074 2965 veroin
1097 2900 1151 2962 Hi·

191 2989 303 3073 spania
324 3009 377 3050 res
400 2995 507 3070 gestas
537 2983 683 3050 Caesaris
713 3008 777 3049 non
806 2985 960 3050 audistis?
983 2985 1062 3050 duos
1083 2984 1151 3070 pul-

191 3095 243 3137 sos
274 3072 443 3151 exercitus,
475 3071 553 3135 duos
583 3081 748 3156 superatos
776 3071 882 3152 duceS,
906 3073 984 3135 duas
1006 3079 1151 3156 receptas

190 3159 392 3244 provincias?
426 3155 504 3220 haec
527 3165 598 3218 aeta
620 3155 730 3219 diebus
756 3163 812 3238 XL,
857 3157 951 3220 uibus
966 3159 999 3220 in
1022 3177 1151 3242 conspe·

190 3253 275 3306 cmm
284 3243 536 3307 adversariorum
545 3243 668 3306 venerit
677 3239 821 3306 Caesar?
833 3181 895 3324 dn,
933 3244 964 3306 ui
977 3241 1151 3307 incolumes

188 3329 336 3392 resistere
358 3350 422 3391 non
436 3336 615 3411 potuerunt,
638 3325 752 3412 perditi
773 3265 943 3391 resistendi
965 3350 1023 3392 vos
1047 3339 1153 3392 autem
1237 3335 1239 3406 j

189 3413 309 3476 incerta
330 3414 464 3476 victoria
487 3411 659 3476 Caesarem
681 3414 781 3476 secuti
803 3412 974 3476 diiudicata
996 3415 1060 3478 iam
1075 3413 1152 3478 belli

190 3495 313 3560 fortuna
334 3499 454 3562 victum
469 3498 654 3585 sequamini,
675 3519 773 3584 quum
786 3499 885 3563 vestri
900 3498 996 3564 officii
1010 3502 1153 3584 praemia
1235 3573 1236 3578 η
