2490 3974
206 259 270 324 222
516 261 644 324 BllLLl
667 259 853 324 anuloni*

207 443 343 498 atrorum
367 432 567 512 collocatum,
591 454 610 494 a
638 429 777 496 Caesare
806 441 911 494 antem
939 429 1109 494 diversum
1142 454 1184 494 ac

209 527 371 597 remotum,
395 517 479 602 quod
501 528 568 580 erat
590 516 629 580 ab
646 538 683 580 eo
700 515 792 600 longe
813 514 901 578 milia
916 538 1068 601 passuum
1085 523 1182 578 Xllll.

209 602 280 665 Huc
302 603 408 687 Scipio
430 601 571 684 legiones
600 601 679 665 duas
706 601 920 664 frumentandi
947 602 1049 685 gratia
1075 603 1180 664 misit.

208 685 303 764 Quod
324 698 492 774 postquam
514 685 633 750 Caesar
655 709 696 750 ex
718 686 850 772 perfuga
872 687 1028 772 cognovit,
1054 689 1180 750 castris

156 777 158 787 '
208 795 250 835 ex
277 794 387 856 campo
419 775 450 835 in
478 771 590 835 collem
618 794 656 834 ac
682 772 798 834 tutiora
827 771 896 834 loca
925 770 1048 835 collatis
1075 783 1179 857 atque

208 857 253 920 ibi
288 857 445 943 praesidio
480 857 588 920 relicto
621 859 688 942 ipse
725 866 836 940 quarta
872 855 980 940 vigilia
1016 878 1178 940 egressus

208 951 335 1026 praeter
363 942 498 1006 hostium
528 953 631 1005 castra
656 940 864 1030 proficiscitur
897 963 968 1005 cum
1001 963 1038 1004 oo
1065 943 1108 1004 iis
1148 953 1178 1006 et

208 1026 358 1112 oppidum
402 1028 504 1091 otitur.
526 1027 684 1112 Legiones
700 1027 855 1110 Scipionis
871 1028 1025 1110 comperit
1040 964 1176 1112 longius

208 1113 242 1174 in
264 1113 349 1197 agris
371 1050 555 1176 iinmeritam
577 1123 617 1192 et,
655 1133 750 1196 quum
780 1131 817 1175 eo
847 1111 1036 1176 contendere
1078 1134 1177 1176 cona-

208 1207 304 1278 retur,
338 1196 561 1261 animadvertit
592 1198 699 1282 copias
732 1194 868 1260 hostium
904 1196 952 1259 his
989 1197 1176 1281 legionibus

208 1303 373 1346 occurrere
395 1283 564 1366 suppetias.
588 1281 679 1360 Quae
700 1303 752 1344 ros
773 1283 839 1345 eius
855 1283 1006 1366 impetum
1029 1284 1176 1347 retardas

208 1367 264 1429 vit.
286 1367 396 1451 Itaque
414 1377 510 1451 ‘capto
533 1365 569 1431 (l.
592 1367 730 1430 Minucio
745 1366 876 1452 Regino,
892 1369 995 1452 equite
1007 1367 1174 1448 Romano,

209 1451 366 1536 Scipionis
393 1451 645 1531 familiarissimo,
676 1453 732 1538 qui
757 1454 787 1516 ei
815 1451 930 1537 oppido
958 1463 1119 1536 praeerat,
1146 1465 1176 1518 et

209 1535 244 1598 P.
272 1537 373 1615 Atrio,
402 1538 507 1621 equite
533 1537 675 1602 Romano
705 1536 745 1601 de
774 1546 933 1602 conventu
959 1535 1120 1619 Uticensi,
1146 1549 1176 1602 ot

209 1621 338 1685 camelis
360 1629 437 1683 xxu
459 1623 545 1706 regis
567 1621 710 1686 abductis
725 1621 881 1706 praesidio
904 1622 1041 1685 ibicum
1066 1621 1174 1710 Oppio

209 1705 314 1790 legato
336 1705 445 1771 relicto
467 1709 537 1791 ipse
559 1729 594 1770 se
615 1708 759 1791 recipere
781 1708 885 1791 coepit
907 1707 948 1770 ad
970 1717 1086 1770 castra.

273 1791 323 1858 69.
347 1791 452 1870 Quum
474 1794 538 1855 iam
560 1814 624 1856 non
646 1791 740 1876 longe
762 1813 782 1854 a
803 1794 913 1855 castris
934 1791 1093 1875 Scipionis
1118 1795 1173 1857 ab·

209 1885 302 1957 esset,
326 1899 406 1963 quae
429 1899 502 1942 eum
524 1891 655 1941 necesse
678 1885 746 1940 erat
764 1877 990 1960 praetergredi,
1006 1875 1172 1943 Labienus

209 1961 423 2048 Afraniusque
446 1983 518 2026 cum
540 1963 625 2026 omni
647 1962 788 2046 equitatu
810 1961 936 2046 levique
951 1973 1117 2026 armatura
1133 1986 1174 2028 ex

209 2045 330 2110 insidiis
353 2046 455 2111 adorti
477 2049 595 2132 agmini
617 2047 684 2110 eins
708 2056 850 2110 extremo
873 2069 908 2110 se
923 2046 1060 2112 offerunt
1076 2059 1172 2136 atque

210 2152 252 2194 ex
274 2131 407 2195 collibus
430 2133 539 2217 primis
562 2133 727 2198 exsistunt.
750 2131 844 2210 Quod
859 2143 1026 2216 postquam
1047 2131 1172 2198 Caesar

210 2217 441 2296 animadvertit,
479 2216 635 2302 equitibus
672 2217 737 2280 suis
774 2215 910 2281 bostium
946 2219 979 2280 vi
1016 2221 1171 2302 oppositis

211 2302 351 2364 sarcinas
388 2301 576 2387 legionarios
609 2304 643 2365 in
675 2323 825 2366 acervum
856 2302 944 2366 iubet
972 2313 1171 2386 comportare

210 2392 305 2471 atque
320 2386 465 2450 celeriter
480 2388 571 2472 signa
586 2386 728 2451 hostibus
742 2386 869 2450 inferre.
892 2386 986 2465 Quod
999 2396 1169 2473 postquam

210 2480 357 2616 coeptum
380 2481 427 2534 est
449 2473 528 2553 lieri,
559 2473 659 2557 primo
688 2473 806 2556 impetu
828 2470 987 2556 legionum
1011 2473 1169 2558 equitatus

210 2565 243 2618 et
276 2557 343 2618 evis
366 2568 525 2620 armatura
548 2557 684 2621 hostium
712 2555 800 2620 nullo
829 2559 955 2642 negotio
985 2556 1055 2623 loco
1078 2560 1170 2643 pulsa

210 2648 243 2702 et
264 2639 387 2704 deiecta
408 2651 456 2706 est
477 2641 517 2706 de
539 2641 629 2706 colle.
653 2641 759 2720 Quum
773 2643 835 2705 iarn
857 2642 977 2706 Caesar
991 2644 1167 2708 existimas-

211 2732 259 2786 set
281 2724 387 2790 hostes
408 2725 517 2810 pulsos
545 2727 775 2812 deterritosque
803 2726 898 2791 finem
927 2725 1104 2792 lacessendi
1127 2729 1169 2792 fa·

210 2819 315 2888 cturos
348 2820 380 2874 et
412 2812 474 2875 iter
506 2823 650 2898 coeptum
706 2833 817 2897 ergere
853 2815 1017 2897 coepisset,
1054 2815 1169 2878 iterum
1219 2817 1220 2840 ¹

211 2893 356 2958 celeriter
378 2918 419 2960 ex
440 2899 590 2982 proximis
613 2835 746 2961 collibus
766 2907 934 2982 erumpunt
948 2908 1041 2983 atque
1057 2899 1168 2962 eadem

210 2980 342 3061 ratione,
373 3003 435 3067 qua
462 2990 534 3044 ante
563 2982 638 3064 dixi,
661 2984 694 3046 in
715 2981 871 3046 ¹Caesaris
901 2983 1091 3067 legionarios
1113 2987 1168 3048 im·
1219 3015 1220 3018 ¹

211 3074 319 3148 petum
340 3066 458 3148 faciunt
479 3067 635 3130 Numidae
663 3066 804 3153 levisque
832 3078 1010 3132 armaturae
1032 3069 1168 3132 mirabili

211 3147 378 3215 velocitate
407 3151 549 3235 praediti,
580 3154 635 3238 qui
662 3153 744 3216 inter
774 3155 894 3240 equites
924 3153 1108 3238 pugnabant
1139 3166 1169 3218 et

210 3255 276 3298 una
296 3238 476 3321 pariterque
498 3259 570 3300 oum
593 3236 749 3384 equitibus
779 3259 943 3302 accurrere
969 3246 1001 3301 et
1024 3238 1167 3320 mingere

212 3332 450 3387 consueverant.
479 3320 585 3399 Quum
640 3343 676 3386 oc
706 3325 831 3408 saepius
858 3323 998 3387 facerent
1023 3333 1055 3386 et
1076 3326 1167 3407 profi-

212 3405 366 3470 ciscentes
381 3407 519 3470 Iulianos
536 3407 785 3492 insequerentur,
809 3408 989 3493 refugerent
1003 3409 1167 3487 instantes,

210 3492 342 3575 propius
364 3514 428 3556 non
449 3493 637 3556 accederent
659 3503 690 3556 et
717 3493 870 3579 singulari
899 3513 1014 3578 genere
1042 3507 1169 3579 pugnae
