2490 3974
8 595 9 632 3
104 563 137 619 et
159 553 221 619 loci
249 564 365 620 natura
393 554 543 642 (namque
565 557 595 620 U

323 261 325 267 ’
439 257 583 364 curun
605 299 741 364 co-ea
1005 295 1067 364 175

8 507 9 522 .
105 468 213 532 debat.
235 470 286 536 lbi
308 469 388 535 adeo
410 471 578 534 coniuncta
622 472 689 534 onit
710 469 875 534 moenibus
898 478 1010 552 castra,
1032 479 1068 534 ut

597 494 639 619 lia
666 555 807 620 inedito
836 564 943 621 monte
964 556 1068 640 posita

8 679 9 716 ,
104 639 167 726 est)
191 649 222 705 et
243 641 314 726 ipsa
334 642 507 705 munitione
536 640 626 705 urbis
648 640 788 727 undique
817 640 858 704 ab
881 641 1066 726 oppugnati-

8 745 9 806 ᾗ
106 747 167 789 oue
189 734 275 790 tutus
298 735 391 790 esset.
413 726 510 790 Hunc
530 725 702 792 Marcellus
724 727 900 812 insequitur
923 735 954 790 et
972 747 1067 874 quam

103 812 251 895 proxime
278 820 383 898 potest
410 810 517 876 Uliam
547 819 653 876 castra
682 813 796 875 castris
829 810 951 875 confert

8 939 9 978 ,
103 917 240 980 rumque
267 899 394 981 cognita
422 906 544 980 naturra,
595 918 636 961 uo
659 899 796 960 maxime
818 918 886 961 rem
909 896 1067 960 deducere

8 1025 9 1064 3
104 979 244 1063 volebat,
278 984 467 1047 necessitate
491 991 539 1045 ast
561 919 702 1064 edoctus,
734 991 769 1045 ut
790 1003 894 1069 neque
917 980 1065 1066 conflige-

8 1111 9 1148 3
105 1076 155 1130 ret
189 1065 291 1215 qquius
325 1071 352 1132 si
384 1069 432 1132 rei
464 1067 597 1131 facultas
631 1076 725 1150 esset,
752 1069 901 1132 resistere
929 1068 1067 1130 incitatis

8 1231 9 1234 Ἴ
104 1150 196 1214 militi
219 1169 256 1216 us
273 1175 349 1218 -non
377 1152 516 1239 poterat)
544 1173 649 1239 neque
670 1153 783 1238 vagari
805 1151 952 1217 Cassium
973 1151 1068 1216 latius

8 1283 9 1320 ,
104 1244 279 1321 pateretur,
308 1261 349 1304 ne
403 1238 488 1301 lures
515 1238 659 1302 civitates
679 1259 728 1302 ¹ea
759 1247 952 1324 paterentur,
985 1243 1067 1322 'quae

996 833 1067 875 000·

8 1369 9 1406 ,
104 1323 193 1406 passi
229 1333 321 1387 erant
390 1323 594 1388 ordubenses.
632 1321 782 1387 Castellis
823 1322 947 1386 idoneis
989 1322 1068 1388 locis

106 1405 268 1470 collocatis
299 1409 510 1494 operibusque
531 1409 565 1471 in
587 1409 721 1472 circuitu
748 1408 855 1493 oppidi
877 1409 1069 1472 continuatis

8 1517 9 1578 ᾗ
106 1482 214 1555 Uliam
244 1492 454 1580 Cassiumque
482 1494 707 1558 munitionibus
737 1492 860 1557 clausit.
888 1492 978 1572 Quae
1005 1495 1067 1580 pri-

105 1597 241 1660 usquam
262 1579 499 1664 perficerentur,
527 1578 691 1664 Longinus
719 1601 845 1642 omnem
867 1601 958 1643 suurn
981 1580 1068 1664 equi-

106 1669 208 1725 tatum
229 1667 347 1749 emisit3
368 1687 471 1751 quem
501 1663 562 1727 sibi
590 1667 663 1728 usui
684 1664 753 1729 fore
783 1663 943 1745 credebat,
966 1664 993 1726 si
1014 1685 1069 1748 pa-

105 1745 211 1811 bulari
223 1749 473 1835 frumentumque
490 1748 677 1814 Marcellum
694 1772 759 1815 non
770 1757 941 1834 pateretur,
954 1769 1069 1834 magno

8 1887 9 1890 ,
107 1839 213 1896 autem
244 1834 313 1898 fore
345 1834 581 1920 impedimento,
616 1837 643 1898 si
677 1835 802 1899 clausus
840 1835 1006 1900 obsidione
1039 1843 1071 1899 ct

8 1929 9 1996 J
106 1916 226 1982 inutilis
247 1922 465 1985 necessarium
487 1928 686 1984 consumeret
707 1921 909 1984 frumemum.

8 2057 9 2078 ,
172 2003 223 2066 62.
245 2005 423 2092 Paucisque
453 2005 565 2070 diebus
593 2005 686 2070 Cassi
715 2004 827 2069 litteris
851 2009 989 2091 acceptis
1011 2031 1070 2073 rex

8 2145 9 2180 ,
108 2086 222 2172 Bogud
245 2111 317 2153 oum
338 2092 437 2176 copiis
457 2092 546 2156 venit
561 2091 767 2178 adiungitque
789 2092 818 2154 ei
832 2090 959 2176 legioni,
977 2115 1071 2181 quam

8 2243 9 2254 ,
111 2194 218 2236 secum
255 2175 441 2258 adduxerat,
478 2176 657 2262 complures
702 2177 849 2241 cohortes
886 2178 1071 2243 auxiliarius

109 2257 335 2358 Hispanorum.
358 2261 512 2347 Namque,
534 2270 570 2324 ut
591 2263 625 2325 in
646 2259 793 2326 civilibus
820 2261 1071 2349 dissensionibus

109 2343 255 2408 accidere
278 2347 451 2430 consuevit,
480 2349 524 2410 ita
551 2346 747 2433 temporibus
775 2346 838 2410 illis
860 2349 894 2420 in
915 2347 974 2412 His
998 2352 1072 2414 ania

8 2427 9 2452 ¹
108 2429 280 2495 nonnullae
312 2432 456 2498 civitates
487 2431 585 2497 rebus
623 2431 715 2497 Cassi
748 2431 926 2508 studebant,
963 2371 1073 2519 plures

110 2513 297 2580 Marcellum
325 2516 484 2582 fovebant
513 2517 649 2582 Accedit
675 2540 747 2581 cum
774 2519 873 2603 copiis
894 2518 1008 2604 Bogud
1031 2519 1072 2584 ad

111 2601 286 2666 exteriores
314 2603 459 2667 Marcelli
488 2604 688 2668 munitiones.
726 2603 891 2690 Pugnatur
913 2606 1071 2690 utrimque

110 2687 235 2768 acriter,
258 2687 438 2775 crebroque
455 2687 489 2753 id
511 2689 626 2752 accidit
639 2689 764 2753 fortuna
786 2711 881 2775 saepe
897 2688 938 2753 ad
952 2700 1071 2754 utrum·
1102 2757 1107 2778 χ

111 2791 173 2856 que
194 2773 360 2838 victoriam
388 2775 612 2857 transferente,
642 2796 702 2839 nac
723 2783 830 2840 tamen
851 2796 1001 2861 nmquam
1029 2774 1070 2838 ab

112 2855 259 2940 operibus
283 2857 453 2944 depellitur
474 2858 657 2924 Marcellus.

175 2941 225 3007 63.
248 2943 380 3008 interim
400 2945 541 3030 Lepidus
571 2967 613 3008 ax
642 2946 787 3010 citeriore
814 2945 980 3030 provincia
1001 2967 1074 3010 oum

111 3025 293 3093 cohortibus
315 3029 497 3116 legionariis
519 3037 621 3092 XXXV
638 3051 817 3116 magnoque
838 3051 970 3094 numero
986 3031 1072 3116 equi-

110 3120 177 3176 tum
199 3123 231 3178 et
251 3114 446 3202 reliquorum
463 3115 653 3180 auxiliorum
673 3117 762 3180 venit
777 3137 815 3181 ea
829 3124 934 3179 mente
955 3115 1073 3198 Uliam,

110 3205 145 3261 ut
171 3198 240 3264 sine
269 3199 335 3264 ullo
365 3201 469 3266 studio
499 3202 712 3266 contentiones
741 3199 833 3265 Cassi
865 3199 1010 3264 Marcelli
1033 3223 1074 3266 ue

112 3295 323 3371 componeret.
346 3286 431 3350 Huic
453 3287 594 3351 venienti
609 3288 677 3351 sine
693 3286 888 3351 dubitatione
902 3224 1073 3350 Mareelus

116 3387 149 3430 se
171 3370 273 3436 eredit
294 3380 389 3458 atque
411 3373 520 3454 effert3
552 3370 683 3436 Cassius
714 3381 823 3436 contra
845 3371 909 3434 suis
932 3393 966 3434 se
988 3379 1075 3436 tenet

112 3455 288 3540 praesidiis,
313 3459 382 3522 sive
406 3479 454 3541 eo,
477 3457 562 3543 quod
576 3456 649 3542 plus
672 3457 734 3520 sibi
755 3456 841 3519 iuris·
856 3453 965 3518 deberi
981 3478 1075 3542 quam

114 3535 264 3604 Marcello
281 3541 492 3624 existimabat,
509 3543 577 3606 sive
593 3563 640 3624 eo,
657 3541 750 3620 cuod,
766 3561 807 3604 ne
822 3549 1073 3626 praeoccupatus
