2538 3978
411 209 545 278 COMM.
567 211 600 274 H
623 210 716 276 OAP.
738 209 874 274 32-3a
1079 208 1120 272 67

159 380 325 468 percipere
348 380 512 447 debeatis?
541 383 694 446 Desertos
718 382 858 446 enimse
881 403 919 443 ac
940 379 1079 465 proditos
1102 401 1122 443 a

159 465 252 530 vobis
275 465 383 529 dicunt
398 479 429 530 et
443 468 555 552 prioris
578 468 766 531 sacramenti
788 467 977 529 mentionem
993 466 1120 530 faciunt.

161 550 269 614 Vosne
291 573 368 615 vero
389 553 426 614 L.
449 553 632 632 Domitium,
649 575 689 614 an
704 574 761 616 vos
776 551 934 614 Domitius
958 549 1120 616 deseruit?

161 635 275 698 Nonne
298 646 472 701 extremam
487 641 553 722 pati
567 638 724 700 fortunam
739 648 864 722 paratos
887 637 1021 721 proiecit
1043 635 1119 699 ille?

162 742 268 783 nonne
298 721 358 784 sibi
387 722 469 786 clam
497 723 589 787 vobis
613 722 745 786 salutem
766 723 842 807 fuga
863 723 992 806 petivit?
1014 744 1119 787 nonne

185 805 284 870 roditi'
300 829 357 890 per
378 808 466 870 illum
481 806 629 871 Caesaris
644 807 798 870 beneficio
822 810 897 872 estis
921 810 1120 871 conservati?

162 827 367 955 decremento
401 893 526 978 quidem
559 915 617 957 vos
649 903 757 955 tenere
792 894 844 977 qui
880 893 989 977 potuit,
1024 915 1120 976 quum

161 977 311 1060 proiectis
341 977 478 1042 fascibus
509 987 540 1042 et
573 978 716 1063 deposito
751 978 882 1062 imperio
916 979 1056 1062 privatus
1089 987 1121 1041 et

163 1071 272 1145 captus
294 1063 417 1146 ipsein
447 1063 582 1128 alienam
610 1071 751 1126 venisset
777 1063 988 1147 potestatem?
1014 1063 1120 1128 Relin-

163 1149 269 1231 quitur
291 1169 374 1211 nova
395 1147 515 1232 religio,
538 1159 573 1212 ut
600 1171 638 1212 eo
660 1147 804 1232 neglecto
828 1157 1033 1228 sacramento,
1058 1172 1121 1234 quo
1204 1183 1207 1190 ·

162 1233 321 1312 tenemini,
351 1236 527 1318 respiciatis
556 1233 644 1314 illud,
673 1234 757 1319 quod
786 1233 944 1296 deditione
972 1235 1059 1298 ducis
1090 1243 1121 1297 et

163 1318 274 1402 capitis
297 1317 509 1384 deminutione
533 1319 688 1382 sublatum
713 1327 770 1382 est.
796 1318 848 1400 At,
872 1319 975 1400 crede,
1000 1320 1026 1383 si
1042 1318 1120 1384 Cae-

163 1424 266 1466 sarem
287 1403 437 1488 probatis,
460 1406 493 1467 in
515 1427 565 1468 me
582 1404 748 1470 offenditis.
766 1403 828 1482 Qui
851 1404 890 1468 de
913 1407 991 1468 meis
1014 1407 1047 1468 in
1061 1427 1119 1468 voa

163 1489 283 1552 meritis
305 1489 542 1572 praedicaturus
564 1512 628 1555 non
651 1512 729 1570 sum,
760 1512 841 1573 quae
869 1499 941 1552 sunt
963 1490 1065 1553 adhuc
1089 1500 1121 1554 et

162 1595 234 1636 mea
256 1573 417 1638 voluntate
447 1585 478 1640 et
507 1586 613 1638 vestra
635 1576 868 1659 exspectatione
898 1574 1033 1658 leviora3
1064 1576 1121 1640 sed

162 1667 268 1724 tamen
292 1661 339 1722 sui
361 1660 477 1725 laboris
506 1661 620 1725 milites
650 1683 773 1745 semper
795 1670 910 1724 eventu
932 1659 1009 1724 belli
1031 1683 1121 1747 prae-
1181 1681 1183 1684 ·

162 1745 227 1806 mia
252 1747 439 1828 petiverunt,
488 1747 521 1809 ui
544 1746 646 1832 qualis
677 1747 717 1808 sit
744 1745 876 1826 futurus,
910 1768 951 1810 ne
973 1769 1030 1811 vos
1054 1747 1120 1833 qui-

163 1828 236 1892 dem
259 1829 424 1893 dubitatis:
440 1769 635 1915 diligentiam
651 1822 777 1916 quidem
791 1841 931 1894 nostram
947 1841 1009 1914 ant,
1027 1855 1121 1918 quem

164 1913 204 1978 ad
225 1913 320 1978 finem
343 1916 445 1979 adhuc
467 1939 518 1982 res
540 1919 703 2001 processit,
726 1917 884 1981 fortunam
906 1940 962 1981 cur
983 1930 1120 2004 praeter-

164 1999 256 2062 eam?
285 2001 337 2063 An
358 2003 498 2086 poenitet
524 2024 592 2082 vos,
627 2002 712 2088 quod
740 2002 863 2066 salvum
886 2013 979 2088 atque
1001 2004 1120 2070 incolu-

164 2106 247 2147 mem
270 2089 443 2150 exercitum
460 2087 549 2151 nulla
563 2088 690 2152 omnino
710 2109 793 2152 nave
816 2088 995 2153 desiderata
1017 2091 1121 2154 tradu-

163 2169 288 2232 xerim?
325 2171 409 2256 quod
442 2172 574 2236 classem
606 2172 743 2236 hostium
778 2173 879 2258 primo
915 2176 1034 2259 impetu
1067 2176 1121 2240 ad·

162 2255 295 2319 veniens
316 2258 570 2343 profligaverimt
607 2257 690 2342 quod
718 2258 769 2321 bis
790 2281 848 2343 per
869 2258 998 2323 biduum
1028 2284 1121 2346 eque·

164 2343 221 2404 stri
248 2341 369 2426 proelio
404 2342 642 2428 superaverim?
676 2343 759 2429 quod
789 2367 830 2409 ex
861 2355 954 2428 portu
987 2347 1121 2432 sinuque

163 2425 416 2490 adversariorum
446 2435 489 2492 CC
509 2451 607 2493 naves
638 2439 783 2492 oneratas
813 2429 998 2494 adduxerim
1021 2454 1121 2516 eoque

162 2509 235 2574 illos
263 2512 475 2596 compulerim,
505 2524 540 2577 ut
571 2535 673 2598 neque
706 2513 846 2598 pedestri
874 2513 985 2579 itinere
1018 2539 1121 2602 neque

161 2595 297 2659 navibus
321 2609 496 2662 commeatu
523 2601 625 2662 iuvari
655 2599 801 2683 possint?
827 2600 898 2664 Hac
919 2623 976 2666 vos
998 2601 1123 2666 fortuna

163 2690 256 2766 atque
271 2681 320 2745 his
332 2683 464 2748 ducibus
479 2685 649 2770 repudiatis
662 2684 891 2749 Corfiniensem
909 2689 1120 2770 ignominiam,

163 2787 204 2828 an
220 2766 329 2832 ltaliae
351 2770 467 2853 fugam,
491 2793 531 2834 an
551 2771 777 2855 Hispaniarum
800 2771 1000 2853 deditionem,
1023 2772 1122 2837 Africi

162 2849 241 2914 belli
261 2854 464 2936 praeiudicia,
488 2856 685 2941 sequemini?
721 2855 878 2942 Equidem
899 2880 950 2922 me
974 2857 1120 2922 Caesaris

163 2935 295 3000 militem
318 2939 380 3002 dici
401 2940 496 3022 volni,
512 2963 570 3005 vos
592 2964 643 3004 me
657 2945 854 3027 imperatoris
875 2943 1002 3006 nominc
1015 2942 1121 3026 appel·

163 3019 295 3086 lavistis.
319 3023 416 3088 Cuius
440 3027 467 3088 si
488 3049 545 3090 vos
574 3029 721 3112 poenitet,
751 3035 892 3091 vestrum
914 3027 1003 3089 vobis
1025 3028 1121 3092 bene-

163 3107 269 3171 ficium
291 3113 424 3193 remitto,
448 3111 524 3175 mibi
552 3135 657 3175 meum
686 3135 802 3176 nomen
830 3113 994 3193 restituite,
1017 3134 1058 3176 nc
1080 3113 1121 3178 ad

164 3195 386 3258 contumeliam
401 3195 552 3260 honorem
574 3198 699 3261 dedisse
726 3198 906 3262 videamini.

227 3279 278 3342 33.
292 3279 363 3358 Qua
371 3283 509 3346 oratione
520 3285 654 3367 permoti
665 3282 778 3348 milites
786 3282 898 3346 crebro
911 3283 1004 3345 etiam
1016 3283 1121 3346 dicen·

165 3368 228 3424 tem
242 3365 493 3450 interpellabant,
516 3378 551 3431 ut
567 3391 683 3452 magno
706 3366 906 3432 cumdolore
929 3367 1121 3431 infidelitatis

165 3449 375 3533 suspicionem
404 3454 559 3518 sustinere
584 3451 777 3538 viderentur,
808 3451 1023 3517 discedentem
1044 3474 1121 3517 vero

871 3538 917 3601 5*
