2534 3970
376 199 511 265 COMM.
533 199 549 263 1
571 199 664 265 OAP.
686 200 823 264 40-41.
1034 201 1074 266 at

122 379 176 434 ant
197 369 238 436 de
261 369 362 435 officio
385 372 580 458 imperatoris
595 372 763 458 desperare
786 389 839 438 aut
860 371 1076 459 praescribere

122 455 315 519 riderentur.
348 456 439 521 Haec
453 457 514 520 sibi
529 479 599 521 esse
614 479 724 523 curae:
746 459 936 523 frumentum
959 457 1076 543 Sequa·

122 563 196 623 nos,
224 540 364 624 Leucus,
387 541 547 626 Lingones
577 543 829 627 subministrare,
859 546 984 628 iamque
1006 563 1076 607 esse

121 629 154 689 in
184 627 270 711 agris
301 627 458 691 frumenta
488 637 627 710 matura3
661 628 701 694 de
730 630 842 694 itinere
870 631 957 714 ipsos
986 626 1075 692 brevi

121 723 264 796 tempore
285 710 487 777 iudicaturos.
518 711 612 792 Quod
631 735 695 778 non
717 714 784 780 fore
806 714 890 779 dicto
913 711 1076 778 audientes

122 797 339 883 nequesigna
358 795 451 862 laturi
467 799 619 880 dicantur,
642 799 719 863 nihil
742 821 776 863 se
791 821 829 864 ea
843 823 879 865 re
901 819 1076 863 commove-

124 882 164 944 ri:
186 883 269 946 scire
284 883 377 963 enim,
401 883 650 971 quibuscumque
670 886 826 948 exercitus
848 884 930 948 dioto
945 881 1076 948 audiens

124 989 184 1030 non
206 966 309 1048 fuerit,
333 979 386 1032 aut
406 967 489 1034 male
510 981 657 1054 regesta
677 970 830 1034 fortunam
854 969 1000 1049 defuisse,
1023 978 1077 1033 ant

122 1051 228 1138 aliquo
251 1052 390 1118 facinore
419 1064 578 1140 comperto
601 1057 766 1120 avaritiam
788 1077 859 1118 esse
882 1054 1075 1119 convictam:

123 1159 213 1201 snam
233 1138 446 1203 innocentiam
472 1149 623 1225 perpetua
644 1141 727 1222 vita,
755 1139 938 1204 felicitatem
959 1137 1076 1204 Helve-

122 1224 237 1286 tiorum
266 1223 350 1288 bello
377 1246 447 1288 esse
513 1237 679 1311 rspectam.
723 1224 833 1310 ltaque
856 1247 907 1306 se,
937 1224 1022 1310 quod
1043 1225 1075 1287 in

122 1307 299 1394 longiorem
321 1309 405 1373 diem
426 1309 599 1374 celaturus
621 1309 747 1392 finisset,
770 1321 1076 1396 repraesentaturum

123 1401 154 1456 et
173 1395 319 1478 proxima
340 1404 431 1460 nocte
453 1395 493 1459 de
542 1404 631 1460 uarta
650 1396 759 1482 vigilia
785 1407 889 1460 castra
909 1405 1076 1476 moturum,

122 1489 272 1564 utquam
294 1481 429 1564 primum
450 1418 635 1567 intellegere
653 1493 768 1582 posset,
791 1491 895 1545 utrum
917 1504 936 1544 a
957 1480 1000 1544 ud
1023 1501 1077 1544 eos

122 1563 223 1649 pudor
252 1577 347 1650 atque
380 1565 532 1649 officium,
566 1589 606 1630 an
639 1577 732 1632 trmor
760 1565 890 1630 salust.
935 1504 1029 1644 &uod
1051 1567 1077 1628 si

143 1661 287 1714 raeterea
307 1672 401 1714 nemo
421 1662 579 1737 sequatur,
602 1665 706 1716 tamen
723 1673 757 1715 se
773 1673 844 1714 cum
866 1651 934 1714 sola
955 1650 1079 1714 decima

122 1671 247 1820 legione
267 1737 400 1819 iturum,
431 1736 471 1820 de
493 1759 555 1822 qua
576 1760 640 1802 non
662 1737 833 1818 dubitaret,
862 1735 984 1835 sibique
1007 1757 1077 1800 eam

121 1821 310 1904 praetoriam
339 1821 498 1886 cohortem
524 1822 670 1887 futuram.
713 1822 799 1886 Huic
820 1819 937 1906 legiom
960 1819 1079 1887 Caesar

123 1914 154 1968 et
174 1904 350 1970 indulserat
377 1909 548 1994 praecipue
571 1917 602 1972 et
622 1917 751 1994 propter
771 1908 919 1984 virtutem
942 1906 1076 1970 conlide-

123 1989 176 2055 bat
196 1993 346 2056 maxime.

184 2077 237 2139 41.
260 2075 332 2141 Hac
346 2078 486 2142 oratione
500 2077 609 2142 habita
622 2079 738 2142 mirum
752 2079 785 2141 in
805 2077 932 2142 modum
948 2099 1078 2142 conver·

124 2182 177 2224 sae
193 2172 266 2225 sunt
281 2164 419 2226 omnium
432 2173 563 2247 mentes,
586 2185 769 2250 summaque
784 2161 931 2227 alacritas
946 2173 978 2227 et
993 2164 1077 2253 eupi-

123 2245 204 2310 ditas
219 2245 297 2310 belli
307 2249 438 2332 gerendi
449 2250 557 2313 innata
568 2259 624 2331 est,
640 2250 850 2335 princepsque
862 2248 985 2312 decima
995 2246 1079 2332 legio

122 2355 178 2418 per
193 2331 336 2396 tribunos
351 2333 484 2398 militum
505 2336 536 2398 ei
556 2334 674 2419 gratias
689 2335 763 2418 egit,
787 2333 871 2420 quod
893 2333 932 2399 de
951 2354 985 2397 se
1000 2334 1077 2418 opti-

123 2440 208 2482 mum
219 2417 369 2483 iudicium
379 2419 514 2502 fecisset,
530 2441 627 2506 seque
639 2441 709 2484 esse
724 2419 765 2483 ad
775 2417 894 2482 bellum
905 2417 1078 2504 gerendum

122 2504 353 2588 paratissimam
386 2505 590 2570 confirmavit
626 2504 754 2569 Deinde
774 2503 915 2590 reliquae
937 2502 1078 2588 legiones

124 2610 194 2652 cum
209 2587 344 2652 tribunis
364 2589 498 2654 militum
520 2600 552 2654 et
571 2591 743 2676 primorum
764 2589 908 2653 ordinum
924 2589 1078 2653 centurio·

123 2673 216 2738 nibus
228 2685 369 2758 egerunt,
385 2677 431 2738 uti
447 2673 576 2739 Caesari
587 2675 822 2740 satisfacerent:
846 2697 880 2738 se
894 2695 998 2758 noque
1012 2695 1078 2736 um·

124 2781 218 2846 quam
235 2759 396 2823 dubitasse
413 2783 516 2845 neque
532 2762 671 2824 timuisse
689 2781 792 2844 neque
811 2758 850 2824 de
867 2781 989 2822 summa
1002 2757 1079 2823 belli

125 2867 215 2909 suum
246 2845 409 2926 iudicium,
436 2845 492 2909 sed
517 2845 716 2931 imperatoris
742 2866 811 2908 esse
838 2844 1079 2908 existimavisse.
1110 2849 1112 2853 ’

123 2930 241 2996 Eorum
271 2930 481 2994 satisfactione
503 2941 633 3016 accepta
660 2940 693 2993 et
712 2930 825 2994 itinere
847 2930 1001 3015 exquisito
1023 2950 1081 3013 per

124 3015 327 3100 Divitiacum,
355 3016 440 3102 quod
455 3037 495 3078 ex
510 3015 579 3080 aliis
595 3017 624 3080 ei
638 3016 809 3079 maximam
822 3013 917 3078 fidem
932 3011 1079 3094 habebat,

125 3112 157 3164 ut
171 3101 293 3166 milium
308 3101 443 3186 amplius
464 3101 691 3186 quinquaginta
710 3101 841 3164 circrutu
866 3098 943 3164 locis
964 3098 1080 3182 apertis

126 3189 296 3252 exercitum
316 3185 454 3269 duceret,
481 3185 521 3250 de
538 3197 650 3272 quarta
660 3184 777 3270 vigilia,
799 3194 834 3248 ut
855 3183 988 3264 dixerat,
1009 3204 1078 3268 pro

125 3271 222 3339 fectus
245 3283 301 3338 est.
322 3270 365 3336 Se
388 3273 462 3335 timo
496 3271 557 3354 die,
601 3294 677 3335 uum
696 3272 755 3334 ite'r
769 3291 832 3334 non
851 3268 1079 3349 intermitteret,

126 3357 162 3422 ab
178 3294 432 3445 exploratoribus
450 3358 565 3424 certior
577 3295 679 3420 dactus
701 3363 750 3420 est
769 3355 920 3418 Ariovisti
940 3353 1047 3438 copias
1062 3375 1082 3416 a

126 3447 236 3525 nostris
264 3440 396 3509 milibus
419 3464 567 3526 passuum
589 3450 735 3526 quattuor
757 3449 788 3503 et
809 3445 861 3500 XX
882 3437 1005 3502 abesse.
