2562 3970
491 207 747 276 PRAEFATIO.
990 203 1101 268 LXXI

144 384 196 450 Ab
230 383 292 450 hoc
318 393 452 468 utroque
486 379 626 446 locorum
664 377 943 442 Ciceroniauorum
980 399 1100 460 genere

133 469 255 551 rerba,
277 489 358 554 quae
381 467 587 552 supraposui
616 465 710 548 longe
741 463 940 547 discrepant3
970 463 1100 546 propius

146 554 302 620 accedunt
324 554 365 617 ad
388 547 527 616 Cornelii
555 549 686 636 Nepotis
716 548 819 612 locum
849 545 971 623 (Them.
1002 547 1031 627 7,
1054 548 1099 632 o),

145 639 185 703 de
214 662 275 726 quo
307 631 518 724 Nipperdeius
548 636 676 700 monuit.
717 633 780 698 Sed
811 655 906 718 quum
935 632 1100 702 euthitius

144 725 156 787 i
180 722 244 787 sius
259 725 414 788 sententia
429 745 476 804 ea,
492 743 573 808 quae
589 721 671 806 apud
684 718 863 784 Cornelium
888 727 919 782 et
941 726 1102 787 auctorem

144 748 233 892 ,iuli
259 805 411 872 Africani‘
440 805 512 892 (31,
531 807 563 886 3)
591 806 811 906 neglegentius
845 803 929 866 dieta
959 801 1049 884 sint,‚
1066 805 1101 866 in

145 907 291 958 accurato
326 903 357 956 et
389 892 553 956 emendato
587 901 738 975 sumptore
769 889 968 954 librariorum
997 891 1103 958 ,errori

136 975 445 1060 ‘tribuendaessent
468 975 569 1041 verba
583 976 640 1040 illa
655 985 803 1060 corrupta
817 995 912 1059 quom
928 996 946 1036 a
963 973 1102 1038 Caesare

147 1061 340 1128 Corneliana
361 1062 565 1162 neglegentia
579 1063 625 1126 sic
640 1063 819 1145 conscripta
834 1082 904 1124 esse
921 1060 1102 1124 existimare

144 1147 238 1212 niolo.
271 1147 405 1212 Accedit
427 1157 521 1212 etiarn
550 1146 629 1212 haec
656 1146 842 1230 suspicionis
871 1167 982 1226 causa,
1017 1144 1102 1229 quod

137 1235 255 1296 ornnes
283 1231 358 1296 libri
387 1229 459 1319 post
482 1239 597 1312 sectum
625 1229 753 1294 finalem
777 1229 962 1316 particulam
986 1243 1019 1294 ut
1047 1226 1101 1297 ad·

137 1315 233 1382 ‘dunt
265 1315 304 1382 In
330 1318 441 1382 codice
470 1326 576 1383 autem
597 1315 733 1380 Vindob.
758 1316 838 1380 haec
865 1317 989 1381 inveni:
1014 1321 1103 1392 Quod

144 1405 176 1467 si
196 1418 274 1468 erret
292 1410 416 1486 suctum,
440 1411 496 1467 uti
517 1410 565 1467 od
585 1408 817 1484 perdoctam
846 1407 1101 1483 condoceret,

145 1502 184 1554 ut
207 1495 464 1554 detrimentorum
488 1495 595 1553 tonum
617 1499 762 1560 uerteret,
794 1499 909 1565 utque
939 1494 1005 1564 qur
1032 1499 1102 1554 aare

145 1595 171 1638 e.
195 1597 222 1653 q.
246 1598 285 1638 a
305 1571 506 1660 Quapropter
526 1572 627 1636 verba
656 1573 703 1634 sic
732 1570 914 1635 adornanda
937 1593 1006 1634 esse
1030 1593 1102 1635 cen—

145 1655 210 1722 sui:
242 1666 329 1736 Quod
357 1668 386 1723 si
414 1672 492 1724 esset
517 1663 645 1738 facturn,
674 1664 761 1736 fore,
791 1666 836 1720 ud
856 1663 898 1720 od
921 1663 1102 1734 Gereonium

140 1748 338 1824 'contrairem
373 1759 406 1808 ut
435 1752 639 1809 detrimentum
677 1751 708 1806 r'n
742 1749 851 1807 borum
882 1755 1024 1824 uerteret,
1056 1756 1102 1806 et·

142 1834 202 1909 'que
236 1838 289 1909 qut
320 1829 389 1894 ente
417 1837 563 1895 dimicare
590 1838 774 1916 timuirsent,
803 1835 883 1894 ultro
912 1849 946 1891 se
978 1835 1100 1908 proelio

146 1921 303 1994 offerrent.
959 1968 963 1984 ,.

213 1997 249 2064 C.
274 2000 314 2065 75
336 2000 415 2064 haec
441 1999 572 2084 vulgata
599 2008 688 2063 sunt:
715 2005 817 2078 Neque
847 2020 918 2063 vero
940 2005 1103 2082 Pompeius

147 2089 271 2162 roardo
299 2095 428 2152 consilto
457 2095 523 2150 etur
549 2106 663 2148 morem
698 2092 788 2149 ullam
817 2093 859 2150 ed
889 2093 1103 2164 insequendum

143 2173 254 2252 intulit,
277 2178 333 2236 red
355 2179 660 2252 eodemmodern,
684 2178 714 2233 er'
735 2178 842 2235 r'rr'rrere
858 2177 1013 2251 impeditos
1023 2194 1099 2252 pers

144 2264 269 2321 territos
291 2263 517 2336 deprehendere
526 2269 642 2336 posset,
667 2265 830 2321 exercitum
853 2279 868 2320 e
891 2265 1004 2326 cestris,
1027 2265 1101 2321 edu·

141 2349 193 2415 ait
207 2363 230 2405 e.
249 2364 276 2420 q.
299 2365 324 2404 e.
362 2340 573 2427 Nipperdeius
595 2363 653 2426 pro
675 2342 782 2426 inepto
805 2349 861 2406 sed
889 2349 991 2409 eodem
1013 2365 1101 2422 spec·

144 2467 297 2476 now—-

145 2529 190 2591 tia,
211 2545 271 2580 num
291 2531 369 2581 duces
388 2532 438 2581 sint
456 2531 489 2580 ud
501 2531 625 2597 vvirtutem
645 2537 671 2580 et
685 2537 783 2582 ceteras
802 2538 877 2594 artes,
896 2533 1036 2597 exponitur.
1055 2534 1103 2582 Ar·

146 2599 314 2662 gumentatio‚
333 2615 384 2664 qua
401 2615 463 2650 usus
487 2600 532 2661 sit,
556 2616 608 2649 non
625 2600 673 2649 nisi
697 2616 728 2649 ex
752 2607 824 2666 purte
849 2602 962 2650 oratione
979 2600 1104 2652 indirecta

143 2671 268 2729 narratur,
287 2683 318 2716 ex
335 2673 407 2732 parte
426 2667 501 2717 etiam
521 2668 648 2718 directo
667 2668 767 2718 dicendi
784 2669 860 2718 modo
876 2670 1000 2734 aperitur:
1020 2675 1061 2732 ,at,
1081 2670 1103 2718 si

145 2734 273 2798 sapientia
289 2736 384 2784 bonum
403 2737 443 2796 sit,
461 2751 513 2785 non
531 2738 612 2800 sequi,
628 2742 656 2786 ut
674 2737 748 2785 etiam
768 2737 868 2786 divitias
885 2737 980 2787 bonum
999 2735 1104 2786 essedi-

145 2815 249 2863 oamus;
268 2819 352 2868 neque
371 2805 403 2854 ab
422 2805 476 2855 ulia
492 2819 528 2866 rc,
548 2821 614 2869 quae
631 2821 683 2854 non
701 2805 734 2855 sit
750 2806 777 2854 in
795 2805 877 2867 bonis,
895 2807 929 2867 id,
948 2805 1017 2870 quod
1035 2805 1104 2854 sitin

143 2867 227 2933 bonis,
246 2872 369 2921 contineri
390 2880 515 2937 potest3
541 2875 573 2922 ob
592 2889 699 2940 eamque
718 2889 834 2937 oausam,
860 2876 921 2939 quis
943 2874 1103 2938 cognitiones

144 2939 435 3004 comprehensionesque
453 2957 545 3003 rerum,
561 2957 575 2991 e
594 2942 686 3006 quibus
706 2942 903 2994 efficiuntur
923 2947 1004 3003 enee,
1023 2956 1102 3004 appe·

144 3005 248 3056 titiones
266 3013 409 3069 movent3
429 3025 506 3074 quum
526 3009 630 3059 divitiae
650 3026 702 3060 non
720 3010 813 3060 sintin
831 3010 920 3073 bonis,
938 3009 1031 3059 nulla
1049 3025 1103 3058 ars

143 3074 280 3125 divitiis
299 3077 468 3126 contineri
485 3081 616 3143 potcst‘
636 3079 721 3139 Quare
739 3095 790 3128 non
814 3081 905 3129 mirum
924 3084 975 3146 est,
998 3079 1049 3126 iem
1067 3078 1104 3127 ita

143 3143 302 3194 continuari:
322 3145 408 3205 ‚Quod
425 3145 447 3195 si
466 3145 612 3196 deurtitrus
629 3147 812 3209 concedamus,
836 3148 973 3198 virtutis
995 3151 1104 3196 tamen

142 3225 207 3272 non
232 3213 276 3261 sit
298 3212 411 3262 eadem
437 3214 541 3275 ratio,
563 3220 699 3279 propterea
717 3216 787 3279 quod
804 3216 867 3266 haec
887 3216 1012 3281 plurimae
1033 3229 1103 3264 com-

142 3279 306 3330 mentationis
330 3285 356 3330 et
383 3282 570 3333 exercitationis
598 3283 725 3348 indigeat3
753 3285 839 3348 quod
865 3285 948 3333 idem
969 3283 1000 3332 in
1026 3285 1103 3332 arti·

141 3345 203 3395 tus
229 3362 292 3397 non
321 3348 379 3398 sit:
407 3355 443 3399 otv
456 3348 523 3414 quod
548 3351 628 3400 virtus
656 3351 833 3416 stabilitatem,
858 3351 1016 3411 firmitatem,
1042 3366 1103 3400 con·

143 3415 262 3464 mutiam
286 3417 365 3466 totius
380 3417 663 3483 vitasucornplsctetur,
684 3433 733 3470 nec
758 3420 822 3470 haec
845 3421 934 3470 eadem
956 3420 984 3472 in
1007 3418 1103 3468 artibus

144 3496 205 3536 esse
222 3483 372 3535 videamus}
462 3531 463 3534 ,
