2562 3966
186 197 262 264 166·
398 257 401 262 ,
440 197 501 262 DE
523 197 665 262 BELLO
689 197 879 262 GALLIUO

248 368 300 432 46.
324 368 442 456 Oppidi
462 390 572 434 murus
595 367 635 432 ab
653 367 781 452 planitie
805 376 898 452 atque
921 367 1009 432 initio
1032 389 1139 431 ascen·

185 477 239 520 sus
260 453 349 520 recta
370 456 509 539 regione,
538 455 565 516 si
593 453 698 536 nullus
732 453 892 516 anfractus
921 452 1139 535 intercederet,

183 547 258 604 MCC
279 563 392 626 passus
415 538 539 604 aberat:
563 538 714 624 quidquid
736 539 809 603 lruic
831 539 979 602 circuitus
1000 537 1050 604 ad¹
1064 538 1140 602 mol-

183 624 326 692 liendum
347 625 463 690 clivum
486 635 674 704 accesserat,
697 623 729 687 id
753 625 1029 708 spatiumitineris
1045 646 1139 710 auge·

183 710 248 776 bat.
291 710 322 774 A
343 710 446 774 medio
469 710 534 774 fere
557 709 637 776 colle
659 711 692 772 in
714 709 950 794 longitudinem,
974 717 1008 773 ut
1029 718 1142 774 nature

183 798 299 862 montis
314 795 444 876 ferebat,
461 817 501 858 ex
516 795 688 879 grandibus
705 797 789 858 saxis
805 817 861 858 sex
877 793 992 879 pedum
1007 817 1139 874 murum,

138 921 140 924 -
185 883 240 970 qui
260 891 440 946 nostrorum
461 881 612 966 impetum
634 880 781 961 tardaret,
803 879 1036 966 praeduxerant
1055 879 1141 945 Galli

184 977 279 1052 atque
301 967 449 1030 inferiore
472 967 557 1032 omni
579 967 679 1051 spatio
701 989 800 1031 vacuo
816 964 925 1030 relicto
946 967 1140 1051 superiorem

183 1062 306 1138 partem
335 1051 423 1117 collis
452 1075 553 1137 usque
587 1052 628 1116 ad
656 1073 780 1116 murum
809 1052 916 1136 oppidi
945 1051 1140 1116 densissimis

185 1140 297 1202 castris
331 1135 574 1222 compleverant.
625 1137 743 1200 Milites
772 1136 845 1200 dato
875 1137 964 1222 signo
995 1135 1140 1202 celeriter

184 1223 226 1286 ad
246 1225 452 1287 munitionem
473 1223 661 1307 perveniunt
687 1244 818 1308 eamque
840 1223 1030 1308 transgressi
1050 1223 1140 1286 trinis

185 1309 297 1372 castris
325 1311 501 1394 potiuntur3
531 1330 568 1372 ac
597 1317 684 1371 tanta
710 1307 768 1372 suit
790 1309 823 1370 in
845 1309 957 1372 castris
980 1330 1017 1371 ca
1039 1307 1141 1371 iendis

184 1393 340 1476 celeritas,
363 1403 397 1458 ut
418 1394 631 1475 Teutomatus,
654 1415 712 1456 rex
732 1393 953 1478 Nitiobrigum,
978 1329 1079 1456 subito
1109 1393 1140 1456 in

183 1478 388 1545 tabernaculo
411 1501 587 1565 oppressus,
604 1488 638 1542 ut
652 1479 782 1544 meridie
798 1479 1027 1564 conquieverat,
1052 1499 1142 1563 supe·

183 1565 267 1630 ricre
296 1567 434 1650 corporis
467 1575 556 1650 parte
585 1565 703 1628 nudata
731 1565 895 1629 vulnerato
927 1586 1006 1648 equo
1030 1565 1086 1626 vix
1107 1584 1142 1626 se

185 1672 227 1714 ex
247 1649 394 1714 manibus
416 1651 636 1735 praedantium
658 1649 790 1714 militum
814 1651 958 1734 eriperet.

248 1737 299 1800 47.
338 1735 533 1801 Consecutus
572 1735 624 1817 id,
663 1737 747 1822 quod
784 1737 888 1801 animo
924 1742 1141 1820 proposuerat,

186 1819 306 1886 Caesar
327 1824 467 1908 receptui
489 1823 560 1885 cani
582 1823 672 1890 iussit
694 1820 872 1907 legionique
895 1820 1045 1902 decimae,
1069 1842 1142 1906 qua-

184 1927 256 1971 cum
272 1917 348 1987 erat,
372 1909 591 1972 concionatum
610 1909 700 1994 signa
723 1907 891 1972 constituit.
935 1905 984 1968 Ac
1006 1906 1142 1991 reliqua·

183 2015 254 2057 rum
275 1993 434 2077 legionum
449 1993 563 2057 milites
586 2016 649 2056 non
668 1993 816 2056 exaudito
832 2015 908 2058 sono
931 1991 1034 2073 tubae,
1059 1990 1142 2077 quod

184 2080 260 2142 satis
282 2101 335 2142 me
380 2078 519 2143 avalles
548 2077 773 2156 intercedebat,
803 2088 910 2141 tamen
940 2077 979 2140 ab
1006 2075 1141 2138 tribunis

183 2163 317 2228 militum
336 2102 530 2250 ldgatisque,
560 2173 693 2234 uteret
719 2187 738 2226 a
761 2161 897 2227 Caesare
925 2171 1140 2246 praeceptum,

182 2249 409 2314 retinebantur.
434 2250 498 2314 Sed
509 2249 583 2314 elati
599 2271 654 2334 spe
667 2248 779 2313 celeris
790 2248 942 2313 victoriae
959 2254 989 2310 et
1004 2245 1141 2310 hostium

182 2333 258 2419 fuga
280 2345 311 2401 et
334 2337 530 2421 superiorum
551 2344 729 2419 temporum
751 2333 898 2396 secundis
919 2330 1047 2418 proeliis
1062 2329 1141 2394 nihil

184 2420 263 2486 adeo
298 2420 432 2484 arduum
467 2419 527 2483 sibi
554 2441 624 2482 esse
655 2420 935 2498 existimavenmt,
966 2415 1051 2503 quod
1077 2438 1140 2480 non

182 2507 300 2569 virtute
323 2506 473 2590 consequi
494 2514 632 2588 possent,
655 2526 758 2590 neque
773 2503 869 2568 finem
884 2504 970 2588 prius
988 2499 1141 2587 sequendi

182 2590 334 2664 fecerunt,
363 2613 456 2675 quem
484 2612 572 2654 muro
600 2589 706 2674 oppidi
729 2592 888 2676 portisque
910 2589 1160 2673 appropinqua.

181 2685 266 2740 runt.
318 2674 400 2752 Turn
428 2697 504 2738 vero
533 2698 572 2738 ex
603 2675 747 2739 omnibus
777 2675 864 2739 urbis
893 2673 1036 2761 partibus
1072 2681 1142 2736 orto

183 2759 321 2824 clamore
344 2761 397 2846 qui
418 2759 543 2846 longius
566 2760 707 2842 aberant,
730 2762 893 2846 repentino
915 2757 1050 2823 tumultu
1071 2780 1141 2843 per-

181 2847 292 2929 territi,
317 2869 413 2932 quum
436 2845 558 2910 hostem
579 2848 662 2910 intra
689 2857 796 2933 portas
820 2869 890 2912 esse
913 2845 1139 2924 existimarent,

182 2953 254 2996 sese
277 2955 317 2996 ex
344 2931 459 3017 oppido
489 2933 658 2996 eiecerunt.
708 2931 966 2996 Matrestamiliae
989 2929 1029 2994 de
1051 2951 1141 2992 muro

180 3027 303 3082 vestem
326 3028 553 3103 argentumque
575 3017 735 3082 iactabant
757 3028 788 3082 et
808 3013 1044 3103 pectore'nudo
1069 3035 1139 3099 pro·

181 3105 336 3170 minantes
358 3105 461 3189 passis
487 3103 633 3167 manibus
657 3100 895 3168 obtestabantur
915 3103 1083 3182 Romanos,
1106 3108 1141 3162 ut

181 3187 243 3252 sibi
264 3198 432 3274 parcerent
452 3211 524 3270 neu,
548 3190 628 3252 sicut
649 3187 778 3252 Avarici
790 3189 948 3269 iecissent,
970 3209 1012 3252 nc
1033 3209 1052 3249 a
1073 3206 1139 3248 mu·

180 3272 312 3338 lieribus
344 3274 470 3360 quidem
500 3284 593 3359 atque
625 3273 799 3338 infantibus
829 3274 1040 3338 abstinerent:
1063 3292 1140 3334 non-

179 3357 287 3422 nullae
309 3358 350 3423 de
371 3362 469 3428 muris
491 3381 549 3444 per
577 3382 688 3422 manus
719 3359 875 3424 demissae
897 3380 967 3423 sese
989 3354 1140 3421 militibus

179 3442 358 3508 tradebant.
401 3445 519 3517 Lucius
547 3445 682 3527 Fabius,
717 3447 857 3510 centurio
896 3444 1030 3530 legionis
1068 3448 1139 3522 Vlll,
