2562 3970
498 215 754 282 PRAEFATIO.
1049 213 1093 280 01

143 389 282 475 positum
312 398 369 471 est,
398 411 459 475 quo
481 389 551 455 loco
573 412 670 476 quum
698 389 790 454 facile
820 389 966 455 excidere
988 397 1095 475 posset

144 483 251 559 utpote
295 476 408 538 ositum
425 477 506 539 inter
529 477 757 556 [diniicandlt'r
773 485 803 540 et
826 473 1093 564 d[cscendcret]‚

144 559 226 628 libro
279 561 487 626 indoboncnsi
513 561 681 625 obsecutus
704 562 837 646 scripsi:
863 568 938 625 tinec
964 583 1014 624 res
1042 583 1080 624 nc

145 653 282 710 cessaria
297 653 460 711 devocabat
475 669 553 710 curn
569 653 610 710 ad
625 653 824 711 dimicandum
839 660 877 710 nt
890 653 1093 711 descenderet.

210 729 245 796 O.
269 732 308 796 37
332 731 370 795 N.
394 733 533 817 scripsit:
557 738 681 810 Didius,
713 739 766 811 qui
787 739 881 796 classi
898 737 1093 812 praefuisset,

145 824 321 896 simulatque
351 823 444 882 Gadis
471 825 593 880 nuntius
620 824 729 882 altatus
749 829 807 893 est,
831 822 988 895 confestim
1009 825 1096 895 sequi

147 911 266 982 caepit;
284 912 399 984 partim
416 909 548 982 pedibus
569 907 613 984 [et
627 906 789 983 equitatus]
804 909 846 966 ad
854 909 1095 983 persequendum

147 996 285 1054 celeriter
319 997 377 1055 iter
407 994 562 1068 faciebant
589 998 655 1054 item
682 993 836 1066 confestim
869 999 1093 1065 consequentes.

148 1081 261 1151 Quarta
286 1081 334 1139 die
356 1082 561 1151 naaiqaticnis
584 1097 608 1139 e.
633 1097 659 1153 q.
683 1098 708 1138 s.
723 1072 832 1158 Longe
852 1071 943 1137 aliter
958 1074 990 1134 in
1004 1071 1095 1136 libris

145 1161 298 1244 scriptum
321 1169 376 1223 est.
409 1158 617 1223 Consentiunt
638 1160 777 1222 enimin
794 1157 902 1222 verbis
926 1166 978 1237 qui
1002 1164 1095 1222 Gadis

145 1247 190 1320 tin
223 1245 294 1308 Par.
326 1267 387 1309 sec.
413 1255 444 1310 et
475 1244 569 1308 Vind.
601 1252 701 1324 Cedis)
725 1251 818 1308 classi
839 1249 1029 1324 praefuisset
1055 1252 1096 1325 ad
1173 1293 1179 1314 t

146 1354 230 1410 quem
253 1338 341 1395 sinent
367 1339 490 1394 nuntius
511 1338 622 1395 allatus
636 1343 701 1406 est,·
723 1368 764 1378 -
786 1352 843 1415 pro
854 1336 995 1410 pedibus,
1012 1330 1095 1415 quod

144 1419 178 1478 in
199 1416 270 1480 Par.
295 1437 356 1481 sec.
382 1427 413 1482 et
434 1415 522 1479 Leid.
546 1440 593 1502 pr.
616 1417 707 1499 inest,
723 1415 816 1480 Vind.
845 1438 892 1500 pr.
911 1422 1040 1497 pedites,
1062 1415 1095 1478 hi

53 1571 58 1584 x
144 1501 192 1565 illi
215 1509 385 1584 peditatus,
415 1509 567 1584 peditibus
596 1500 723 1566 hebent.
755 1501 934 1566 Novissime
960 1501 1095 1587 denique

144 1587 243 1651 verba
251 1589 283 1650 in
294 1588 393 1651 Paris.
408 1610 480 1670 sec,
492 1585 768 1674 Leid.pr.‚Scalig.
779 1588 998 1653 sicconstituta
1007 1596 1093 1670 sunt:

145 1686 255 1750 quarta
280 1680 328 1738 die
349 1682 544 1752 naaiqatiane
566 1681 722 1753 confestim
744 1686 975 1752 consequentes;
998 1671 1094 1737 vinds

168 1780 192 1820 r.
216 1757 326 1822 habet:
351 1774 456 1838 quarta
480 1767 528 1824 die
555 1763 751 1838 naniqatiani
776 1764 908 1837 confesti
928 1771 1084 1838 sequentes

144 1781 202 1905 iix
224 1845 292 1908 istis
314 1843 464 1910 librorum
485 1846 627 1932 vestigiis
641 1845 721 1909 haec
735 1843 812 1908 mihi
835 1842 988 1910 elicienda
1008 1843 1094 1908 vide-

148 1928 265 1992 bantur
280 1929 395 1994 verba:
412 1939 531 2014 didius,
556 1939 608 2010 qai
636 1938 684 1996 ad
707 1936 805 1995 Gades
828 1938 922 1996 classi
937 1936 1095 2011 praefuis-

145 2027 206 2096 set,
230 2022 404 2094 simulatque
431 2026 555 2082 nuntius
589 2024 700 2081 allatus
729 2028 787 2094 est,
820 2023 976 2096 confestim
1008 2024 1096 2096 sequi

146 2108 269 2180 caepit;
287 2110 401 2182 partin
418 2110 587 2183 pediturn
615 2115 643 2168 et
670 2110 819 2182 equitatus
848 2109 889 2166 ad
906 2124 1093 2183 persequen-

146 2193 215 2250 dum
250 2194 387 2251 celeriter
421 2201 618 2254 terrestre
644 2194 801 2268 faciebant
829 2195 903 2252 iter
936 2196 1094 2267 nariqu-

145 2280 289 2336 tionem
310 2279 469 2352 confestim
492 2283 703 2354 insequentes.
745 2278 859 2349 Quarto
891 2279 939 2338 dic
961 2282 1094 2352 naaiqa-

144 2365 237 2422 tionis
260 2370 326 2422 cett.

215 2441 251 2507 O.
274 2445 317 2507 40
340 2465 380 2507 ex
411 2448 591 2510 coniectura
617 2445 747 2530 scripsi:
770 2450 869 2508 Erant
891 2454 1012 2528 parati,
1044 2453 1097 2525 qai¹

145 2551 241 2594 traaas
264 2537 466 2607 incenderent,
484 2538 684 2610 incensisque
706 2537 759 2610 qui
779 2535 943 2595 subsidium
970 2537 1094 2610 repet

145 2622 282 2680 terent.
315 2614 525 2701 Nipperdeius
548 2615 744 2702 corruptelae
767 2617 856 2702 signo
877 2615 978 2701 posito
1000 2615 1095 2679 libro-

147 2722 218 2764 rum
240 2701 428 2786 scripturam
450 2715 620 2782 repeterent
640 2701 735 2768 dedit

180 2855 314 2908 Sribebum
334 2857 504 2911 vindobonae
521 2875 609 2912 mense
628 2861 680 2914 tut.
701 2861 905 2914 MDGCOLVH.

749 3066 902 3125 Emnnuel
919 3063 1095 3121 Hoffmann.
