2490 3974
442 247 585 314 oAPUT
607 248 742 313 83-86.
1002 245 1064 310 231

9 453 12 490 ρ
102 417 244 484 salutem
261 417 320 481 sibi
335 429 492 504 parerent,
516 419 720 502 egrediuntur
740 428 834 505 atquc
849 419 894 482 ita
906 439 964 502 per
978 420 1065 484 mare

9 539 11 576 ς
101 501 250 566 umbilici
271 504 334 567 fine
348 505 485 590 ingressi
506 513 623 568 terram
636 502 796 588 petebant
820 503 914 581 Quia
929 503 1065 567 servitiis

9 623 11 630 ·
101 588 288 672 puerisque,
326 590 380 674 qui
408 590 575 652 incastris
605 598 703 671 erant,
741 587 898 673 lapidibus
927 586 1064 672 pilisque

100 671 258 756 prohibiti
279 681 395 736 terram
417 675 570 757 attingere
598 695 707 737 rursus
729 675 763 736 in
784 672 935 758 oppidum
958 694 992 735 se
1014 695 1063 736 re·

8 795 11 836 5
104 767 270 841 cepenmt.
293 757 421 821 Interim
444 757 600 842 Scipionis
623 759 722 843 copiis
743 757 910 843 prostratis
931 758 1062 841 passim-

8 881 9 918 }
103 863 170 926 que
193 851 259 906 toto
281 859 392 928 campo
415 842 608 928 fugientibus
624 842 789 907 confestim
805 841 950 906 Caesaris
965 841 996 906 le
1031 865 1062 905 o·

100 947 163 988 nes
187 930 337 1012 consequi
358 929 555 1013 spatiumque
578 949 612 991 se
626 950 690 992 non
705 927 781 992 dare
796 926 975 1011 colligendi.
997 865 1029 1005 Ξ
1052 929 1059 943 “

101 1020 273 1097 postquam
294 1011 336 1076 ad
358 1034 397 1077 ea
418 1023 529 1093 castra,
564 1034 645 1098 quae
666 1012 825 1098 petebant,
847 1011 1061 1097 perfugerunt,

8 1155 9 1166 ,
100 1104 139 1158 ut
161 1097 287 1161 refectis
310 1100 420 1161 castris
435 1119 544 1161 rursus
560 1119 631 1160 sese
647 1096 861 1179 defenderent,
885 1096 1060 1182 ducemque

104 1178 245 1266 aliquem
267 1184 476 1267 requirerent,
500 1203 592 1267 quem
615 1184 819 1267 respicerent,
843 1183 932 1245 cuius
955 1190 1059 1245 aucto-

102 1265 197 1330 ritate
218 1267 415 1351 imperioque
436 1289 505 1331 rem
533 1281 690 1352 gererent,
723 1277 889 1352 postquam
921 1267 1060 1330 animad-

101 1359 268 1414 verterunt
288 1355 446 1416 neminem
466 1351 512 1415 ibi
534 1374 606 1415 esse
628 1351 818 1439 [praesidiol
846 1353 989 1436 protinus
1012 1375 1059 1415 ar-

101 1435 164 1497 mis
187 1434 317 1500 abiectis
338 1437 371 1499 in
393 1437 481 1522 regia
502 1447 605 1500 castra
625 1441 735 1522 fugere
757 1437 958 1500 contendunt.
989 1436 1059 1516 Quo

6 1569 7 1604 ,
101 1529 274 1604 postquam
295 1531 517 1606 pervenerunt,
541 1543 579 1585 ea
601 1544 725 1607 quoque
747 1522 788 1586 ab
803 1520 933 1586 Iulianis
958 1525 1059 1586 teneri

101 1603 220 1668 vident.
243 1605 421 1691 Desperata
443 1606 543 1670 salute
565 1608 598 1669 in
621 1607 757 1693 quodam
781 1606 861 1670 colle
884 1611 1059 1671 consistunt

6 1739 8 1776 ,
101 1697 198 1771 atque
220 1691 316 1753 armis
338 1689 484 1756 demissis
507 1691 728 1756 salutationem
751 1713 838 1755 more
864 1691 992 1754 militari
1013 1691 1058 1754 fa-

101 1772 197 1836 ciunt.
235 1773 357 1853 Quibus
385 1778 509 1840 miseris
539 1799 578 1840 ea
605 1799 654 1840 res
682 1799 783 1861 parvo
809 1776 968 1861 praesidio
990 1776 1057 1841 fuit.

100 1856 246 1943 Namque
278 1859 394 1924 milites
423 1864 567 1926 veterani
595 1865 645 1926 ira
667 1872 698 1924 et
720 1860 828 1926 dolore
850 1862 973 1924 incensi
993 1884 1059 1926 non

5 2001 6 2004 ,
103 1942 208 2026 modo,
230 1954 266 2008 ut
286 1957 455 2030 parcerent
476 1945 568 2026 hosti,
590 1969 655 2010 uon
676 1956 822 2032 poterant
844 1946 967 2028 adduci,
1002 1947 1059 2010 sed

102 2027 196 2092 etiem
218 2049 259 2092 ex
282 2051 338 2094 suo
361 2032 504 2096 exercitu
524 2031 663 2095 illustres
684 2031 833 2114 urbanos,
857 2053 936 2117 quos
952 2041 1057 2095 aucto·

103 2133 155 2175 res
178 2113 389 2198 appellabant,
424 2115 602 2201 complures
625 2125 679 2180 aut
700 2115 906 2180 vulnerarunt
937 2126 992 2180 aut
1011 2119 1058 2181 in·

100 2196 306 2281 terfccerrmt3
328 2201 362 2264 in
384 2223 445 2286 quo
467 2223 599 2266 numero
620 2201 679 2265 fuit
701 2200 824 2266 Tullius
846 2201 947 2264 Rufus
961 2224 1056 2286 quae·

103 2284 226 2364 storius,
259 2286 313 2370 qui
334 2285 398 2370 pilo
420 2286 572 2350 traiectus
595 2285 737 2352 consulto
760 2309 779 2350 a
800 2286 897 2350 milite
920 2287 1056 2352 interiit:

100 2367 176 2430 item
196 2368 364 2454 Pompeius
396 2370 496 2434 Rufus
532 2370 697 2434 brachium
733 2370 839 2456 gladio
874 2393 1055 2455 percussus,

99 2453 160 2516 nisi
182 2452 328 2520 celeriter
349 2455 391 2519 ad
413 2455 585 2522 Caesarem
612 2458 850 2537 accucurrisset,
873 2457 1056 2521 interfectus

100 2547 192 2602 esset.
227 2538 297 2618 Quo
318 2540 402 2606 facto
424 2540 603 2626 complures
626 2543 747 2628 equites
769 2541 904 2606 Romani
930 2551 1054 2608 senato-

100 2643 211 2709 resque
232 2626 391 2709 perterriti
413 2648 455 2690 ex
476 2625 596 2710 proelio
619 2649 653 2690 se
675 2636 871 2711 receperunt,
894 2649 935 2690 ne
958 2649 977 2690 a
999 2629 1055 2692 mi·

100 2705 214 2790 litibus,
248 2711 366 2794 quiex
387 2720 476 2775 tanta
495 2712 632 2776 victoria
663 2710 822 2776 licentiam
851 2711 913 2775 sibi
934 2734 1056 2776 assum·

100 2793 237 2876 psissent
270 2794 476 2860 immoderate
507 2795 662 2881 peccandi
694 2797 890 2882 impunitatis
925 2808 1056 2881 propter

101 2878 251 2942 maximas
273 2901 324 2943 res
346 2890 452 2964 gestas
475 2903 541 2967 spe,
564 2883 626 2966 ipsi
648 2904 775 2968 quoque
789 2881 1054 2946 interficerentur-

101 2959 207 3046 Itaque
228 2964 252 3026 ii
273 2987 381 3028 omnes
404 2965 560 3050 Scipionis
581 2967 706 3048 milites,
736 2989 833 3052 quum
853 2967 951 3031 fidem
973 2965 1054 3030 an-

101 3047 177 3110 saris
199 3049 242 3110 im
265 3047 413 3131 lorarent,
435 3051 633 3136 inspectante
654 3053 723 3137 ipso
748 3051 887 3116 Caesare
910 3061 942 3116 et
963 3053 1055 3116 ami·

98 3130 204 3281 litfbpfs
249 3145 426 3219 eprecantc,
459 3137 504 3200 eis
527 3137 573 3200 uti
593 3147 771 3220 parcerent,
799 3136 841 3202 ad
861 3159 959 3201 unum
981 3146 1056 3200 sunt

99 3219 161 3282 inte
190 3220 260 3282 acti.

160 3303 210 3370 86.
235 3302 356 3369 Caesar
367 3307 456 3369 trinis
469 3307 581 3370 castris
594 3307 712 3390 potitus
728 3307 903 3391 occisisque
918 3306 1055 3371 hostium

102 3395 119 3448 L
138 3387 262 3454 milibus
284 3391 464 3476 fugatisque
493 3390 707 3476 compluribus
730 3413 764 3454 se
785 3392 908 3476 recepit
930 3400 949 3453 L
971 3390 1052 3454 mili-

101 3472 179 3537 tibus
201 3478 334 3557 amissis‚
368 3479 479 3561 paucis
512 3476 627 3540 sauciis
649 3479 682 3540 in
705 3486 810 3540 castra
832 3484 863 3540 et
885 3478 990 3540 statim
1013 3497 1055 3539 ex
