<?xml version="1.0" encoding="UTF-8"?>
<!DOCTYPE html PUBLIC "-//W3C//DTD XHTML 1.0 Transitional//EN"
    "http://www.w3.org/TR/xhtml1/DTD/xhtml1-transitional.dtd">
<html xmlns="http://www.w3.org/1999/xhtml" xml:lang="en" lang="en">
 <head>
  <title>
</title>
<meta http-equiv="Content-Type" content="text/html;charset=utf-8" />
  <meta name='ocr-system' content='tesseract 3.04.00' />
  <meta name='ocr-capabilities' content='ocr_page ocr_carea ocr_par ocr_line ocrx_word'/>
</head>
<body>
  <div class='ocr_page' id='page_1' title='image "./ciuliicaesarisc01hirtgoog_0326.png"; bbox 0 0 2562 3970; ppageno 0'>
   <div class='ocr_carea' id='block_1_1' title="bbox 370 211 1113 318">
    <p class='ocr_par' dir='ltr' id='par_1_1' title="bbox 370 211 1113 318">
     <span class='ocr_line' id='line_1_1' title="bbox 370 211 1113 318; baseline -0.007 0"><span class='ocrx_word' id='word_1_1' title='bbox 370 310 371 318; x_wconf 15' lang='lat' dir='ltr'><em>l</em></span> <span class='ocrx_word' id='word_1_2' title='bbox 482 247 738 314; x_wconf 73' lang='lat' dir='ltr'><em>amrelmo</em></span> <span class='ocrx_word' id='word_1_3' title='bbox 909 211 1113 313; x_wconf 29' lang='lat' dir='ltr'><em>Lxxxm*</em></span> 
     </span>
    </p>
   </div>
   <div class='ocr_carea' id='block_1_2' title="bbox 130 415 1085 3640">
    <p class='ocr_par' dir='ltr' id='par_1_2' title="bbox 133 415 1082 742">
     <span class='ocr_line' id='line_1_2' title="bbox 135 415 1081 508; baseline -0.004 -21"><span class='ocrx_word' id='word_1_4' title='bbox 135 429 220 508; x_wconf 87' lang='lat' dir='ltr'><em>quae</em></span> <span class='ocrx_word' id='word_1_5' title='bbox 239 443 334 506; x_wconf 90' lang='lat' dir='ltr'><em>quum</em></span> <span class='ocrx_word' id='word_1_6' title='bbox 356 443 414 505; x_wconf 90' lang='lat' dir='ltr'><em>per</em></span> <span class='ocrx_word' id='word_1_7' title='bbox 436 419 654 505; x_wconf 79' lang='lat' dir='ltr'><strong>compendium</strong></span> <span class='ocrx_word' id='word_1_8' title='bbox 674 426 727 484; x_wconf 77' lang='lat' dir='ltr'><em>tiu</em></span> <span class='ocrx_word' id='word_1_9' title='bbox 750 417 846 484; x_wconf 79' lang='lat' dir='ltr'>scribi</span> <span class='ocrx_word' id='word_1_10' title='bbox 861 417 969 500; x_wconf 80' lang='lat' dir='ltr'>soleat,</span> <span class='ocrx_word' id='word_1_11' title='bbox 988 415 1081 485; x_wconf 83' lang='lat' dir='ltr'><em>facile</em></span> 
     </span>
     <span class='ocr_line' id='line_1_3' title="bbox 134 503 1080 593; baseline -0.005 -21"><span class='ocrx_word' id='word_1_12' title='bbox 134 516 205 593; x_wconf 83' lang='lat' dir='ltr'><em>poet</em></span> <span class='ocrx_word' id='word_1_13' title='bbox 234 514 381 587; x_wconf 80' lang='lat' dir='ltr'><em>fortuitae</em></span> <span class='ocrx_word' id='word_1_14' title='bbox 409 505 557 570; x_wconf 79' lang='lat' dir='ltr'><em>eticidere</em></span> <span class='ocrx_word' id='word_1_15' title='bbox 589 506 697 590; x_wconf 87' lang='lat' dir='ltr'><em>potuit.</em></span> <span class='ocrx_word' id='word_1_16' title='bbox 730 504 841 590; x_wconf 89' lang='lat' dir='ltr'><em>Itaque</em></span> <span class='ocrx_word' id='word_1_17' title='bbox 870 505 949 570; x_wconf 85' lang='lat' dir='ltr'><em>haec</em></span> <span class='ocrx_word' id='word_1_18' title='bbox 977 503 1080 584; x_wconf 73' lang='lat' dir='ltr'><em>edidi-3</em></span> 
     </span>
     <span class='ocr_line' id='line_1_4' title="bbox 133 597 1082 673; baseline -0.002 -16"><span class='ocrx_word' id='word_1_19' title='bbox 133 601 328 672; x_wconf 77' lang='lat' dir='ltr'><em>fortuitae</em></span> <span class='ocrx_word' id='word_1_20' title='bbox 361 602 479 656; x_wconf 90' lang='lat' dir='ltr'><em>tamen</em></span> <span class='ocrx_word' id='word_1_21' title='bbox 518 597 767 673; x_wconf 66' lang='lat' dir='ltr'><em>dimicationi</em></span> <span class='ocrx_word' id='word_1_22' title='bbox 801 613 863 654; x_wconf 92' lang='lat' dir='ltr'><em>rem</em></span> <span class='ocrx_word' id='word_1_23' title='bbox 902 597 1082 655; x_wconf 77' lang='lat' dir='ltr'><em>committere</em></span> 
     </span>
     <span class='ocr_line' id='line_1_5' title="bbox 134 685 269 742; baseline -0.015 0"><span class='ocrx_word' id='word_1_24' title='bbox 134 685 269 742; x_wconf 91' lang='lat' dir='ltr'><em>maluit.</em></span> 
     </span>
    </p>

    <p class='ocr_par' dir='ltr' id='par_1_3' title="bbox 134 758 1083 1082">
     <span class='ocr_line' id='line_1_6' title="bbox 198 758 1082 847; baseline 0 -23"><span class='ocrx_word' id='word_1_25' title='bbox 198 762 236 824; x_wconf 92' lang='lat' dir='ltr'><em>In</em></span> <span class='ocrx_word' id='word_1_26' title='bbox 257 765 318 828; x_wconf 91' lang='lat' dir='ltr'><em>fine</em></span> <span class='ocrx_word' id='word_1_27' title='bbox 347 787 373 828; x_wconf 91' lang='lat' dir='ltr'><em>c.</em></span> <span class='ocrx_word' id='word_1_28' title='bbox 396 765 437 828; x_wconf 83' lang='lat'><em>53</em></span> <span class='ocrx_word' id='word_1_29' title='bbox 459 761 558 827; x_wconf 84' lang='lat' dir='ltr'><em>verba</em></span> <span class='ocrx_word' id='word_1_30' title='bbox 584 760 846 847; x_wconf 87' lang='lat' dir='ltr'><em>quemadmodum</em></span> <span class='ocrx_word' id='word_1_31' title='bbox 874 762 908 825; x_wconf 86' lang='lat' dir='ltr'><em>in</em></span> <span class='ocrx_word' id='word_1_32' title='bbox 936 758 1082 826; x_wconf 80' lang='lat' dir='ltr'><em>omnibus</em></span> 
     </span>
     <span class='ocr_line' id='line_1_7' title="bbox 136 837 1081 935; baseline 0.002 -27"><span class='ocrx_word' id='word_1_33' title='bbox 136 845 225 912; x_wconf 80' lang='lat' dir='ltr'><em>libris</em></span> <span class='ocrx_word' id='word_1_34' title='bbox 248 859 379 935; x_wconf 81' lang='lat' dir='ltr'><em>excepto</em></span> <span class='ocrx_word' id='word_1_35' title='bbox 394 850 494 913; x_wconf 86' lang='lat' dir='ltr'><em>Paris.</em></span> <span class='ocrx_word' id='word_1_36' title='bbox 511 837 573 912; x_wconf 78' lang='lat' dir='ltr'><em>se&#39;o.</em></span> <span class='ocrx_word' id='word_1_37' title='bbox 590 847 743 912; x_wconf 89' lang='lat' dir='ltr'><em>collocata</em></span> <span class='ocrx_word' id='word_1_38' title='bbox 758 855 838 930; x_wconf 82' lang='lat' dir='ltr'><em>sunt,</em></span> <span class='ocrx_word' id='word_1_39' title='bbox 855 845 953 911; x_wconf 83' lang='lat' dir='ltr'><em>edidi:</em></span> <span class='ocrx_word' id='word_1_40' title='bbox 978 853 1081 925; x_wconf 80' lang='lat' dir='ltr'><em>quinto</em></span> 
     </span>
     <span class='ocr_line' id='line_1_8' title="bbox 136 931 1083 1014; baseline 0 -18"><span class='ocrx_word' id='word_1_41' title='bbox 136 939 217 1014; x_wconf 63' lang='lat' dir='ltr'><em>lepio,</em></span> <span class='ocrx_word' id='word_1_42' title='bbox 238 955 335 1014; x_wconf 89' lang='lat' dir='ltr'><em>nuper</em></span> <span class='ocrx_word' id='word_1_43' title='bbox 357 941 411 999; x_wconf 84' lang='lat' dir='ltr'><em>ibi</em></span> <span class='ocrx_word' id='word_1_44' title='bbox 431 945 524 1000; x_wconf 86' lang='lat' dir='ltr'><em>erat</em></span> <span class='ocrx_word' id='word_1_45' title='bbox 545 940 693 1012; x_wconf 80' lang='lat' dir='ltr'><em>confecta.</em></span> <span class='ocrx_word' id='word_1_46' title='bbox 726 931 764 995; x_wconf 88' lang='lat' dir='ltr'><em>N.</em></span> <span class='ocrx_word' id='word_1_47' title='bbox 788 955 829 995; x_wconf 89' lang='lat' dir='ltr'><em>ex</em></span> <span class='ocrx_word' id='word_1_48' title='bbox 842 932 959 995; x_wconf 73' lang='lat' dir='ltr'><em>Paria:</em></span> <span class='ocrx_word' id='word_1_49' title='bbox 982 951 1083 1012; x_wconf 80' lang='lat' dir='ltr'><strong><em>nuper</em></strong></span> 
     </span>
     <span class='ocr_line' id='line_1_9' title="bbox 134 1025 666 1082; baseline 0 0"><span class='ocrx_word' id='word_1_50' title='bbox 134 1031 200 1082; x_wconf 87' lang='lat' dir='ltr'><em>erut</em></span> <span class='ocrx_word' id='word_1_51' title='bbox 217 1025 272 1082; x_wconf 83' lang='lat' dir='ltr'><em>ibi.</em></span> <span class='ocrx_word' id='word_1_52' title='bbox 665 1051 666 1054; x_wconf 36' lang='lat'>¹</span> 
     </span>
    </p>

    <p class='ocr_par' dir='ltr' id='par_1_4' title="bbox 134 1100 1082 1358">
     <span class='ocr_line' id='line_1_10' title="bbox 199 1100 1082 1189; baseline -0.001 -23"><span class='ocrx_word' id='word_1_53' title='bbox 199 1101 234 1166; x_wconf 82' lang='lat' dir='ltr'><em>O.</em></span> <span class='ocrx_word' id='word_1_54' title='bbox 257 1103 298 1168; x_wconf 77' lang='lat' dir='ltr'><em>dl</em></span> <span class='ocrx_word' id='word_1_55' title='bbox 321 1127 363 1170; x_wconf 84' lang='lat' dir='ltr'><em>ex</em></span> <span class='ocrx_word' id='word_1_56' title='bbox 385 1105 474 1169; x_wconf 87' lang='lat' dir='ltr'><em>codd.</em></span> <span class='ocrx_word' id='word_1_57' title='bbox 496 1104 595 1166; x_wconf 80' lang='lat' dir='ltr'><em>Paria.</em></span> <span class='ocrx_word' id='word_1_58' title='bbox 619 1125 680 1168; x_wconf 89' lang='lat' dir='ltr'><em>sec.</em></span> <span class='ocrx_word' id='word_1_59' title='bbox 698 1113 729 1167; x_wconf 88' lang='lat' dir='ltr'><em>et</em></span> <span class='ocrx_word' id='word_1_60' title='bbox 750 1103 844 1167; x_wconf 90' lang='lat' dir='ltr'><em>Vind.</em></span> <span class='ocrx_word' id='word_1_61' title='bbox 861 1126 908 1189; x_wconf 77' lang='lat' dir='ltr'><em>pr.</em></span> <span class='ocrx_word' id='word_1_62' title='bbox 925 1100 1024 1167; x_wconf 87' lang='lat' dir='ltr'><em>edidi:</em></span> <span class='ocrx_word' id='word_1_63' title='bbox 1041 1137 1082 1148; x_wconf 81' lang='grc'>-</span> 
     </span>
     <span class='ocr_line' id='line_1_11' title="bbox 135 1188 1082 1274; baseline 0 -22"><span class='ocrx_word' id='word_1_64' title='bbox 135 1209 214 1266; x_wconf 77' lang='lat' dir='ltr'><em>puae</em></span> <span class='ocrx_word' id='word_1_65' title='bbox 237 1188 294 1274; x_wconf 84' lang='lat' dir='ltr'><em>(sc.</em></span> <span class='ocrx_word' id='word_1_66' title='bbox 321 1190 459 1255; x_wconf 86' lang='lat' dir='ltr'><em>secunda</em></span> <span class='ocrx_word' id='word_1_67' title='bbox 480 1189 574 1274; x_wconf 79' lang='lat' dir='ltr'><em>legio)</em></span> <span class='ocrx_word' id='word_1_68' title='bbox 603 1196 644 1253; x_wconf 89' lang='lat' dir='ltr'><em>ad</em></span> <span class='ocrx_word' id='word_1_69' title='bbox 661 1195 770 1268; x_wconf 79' lang='lat' dir='ltr'><em>fretum</em></span> <span class='ocrx_word' id='word_1_70' title='bbox 798 1195 858 1254; x_wconf 86' lang='lat' dir='ltr'><em>alio</em></span> <span class='ocrx_word' id='word_1_71' title='bbox 888 1195 995 1252; x_wconf 89' lang='lat' dir='ltr'><em>itinere</em></span> <span class='ocrx_word' id='word_1_72' title='bbox 1023 1193 1082 1252; x_wconf 86' lang='lat' dir='ltr'><em>de·</em></span> 
     </span>
     <span class='ocr_line' id='line_1_12' title="bbox 134 1273 779 1358; baseline 0.008 -24"><span class='ocrx_word' id='word_1_73' title='bbox 134 1280 354 1342; x_wconf 87' lang='lat' dir='ltr'><em>ducebatur.</em></span> <span class='ocrx_word' id='word_1_74' title='bbox 377 1275 415 1338; x_wconf 88' lang='lat' dir='ltr'><em>N.</em></span> <span class='ocrx_word' id='word_1_75' title='bbox 439 1285 470 1340; x_wconf 89' lang='lat' dir='ltr'><em>et</em></span> <span class='ocrx_word' id='word_1_76' title='bbox 490 1273 586 1358; x_wconf 86' lang='lat' dir='ltr'><em>vulgo</em></span> <span class='ocrx_word' id='word_1_77' title='bbox 609 1281 779 1340; x_wconf 80' lang='lat' dir='ltr'><em>ducebatur.</em></span> 
     </span>
    </p>

    <p class='ocr_par' dir='ltr' id='par_1_5' title="bbox 130 1357 1085 3638">
     <span class='ocr_line' id='line_1_13' title="bbox 200 1357 1082 1446; baseline 0.002 -26"><span class='ocrx_word' id='word_1_78' title='bbox 200 1357 235 1421; x_wconf 82' lang='lat' dir='ltr'><em>O.</em></span> <span class='ocrx_word' id='word_1_79' title='bbox 251 1359 293 1422; x_wconf 88' lang='grc'><em>60</em></span> <span class='ocrx_word' id='word_1_80' title='bbox 304 1361 434 1446; x_wconf 83' lang='lat' dir='ltr'><em>restitui,</em></span> <span class='ocrx_word' id='word_1_81' title='bbox 453 1381 533 1445; x_wconf 90' lang='lat' dir='ltr'><em>quae</em></span> <span class='ocrx_word' id='word_1_82' title='bbox 548 1368 620 1422; x_wconf 88' lang='lat' dir='ltr'><em>ante</em></span> <span class='ocrx_word' id='word_1_83' title='bbox 635 1359 751 1422; x_wconf 90' lang='lat' dir='ltr'><em>Aldum</em></span> <span class='ocrx_word' id='word_1_84' title='bbox 771 1357 971 1444; x_wconf 87' lang='lat' dir='ltr'><em>legebantur:</em></span> <span class='ocrx_word' id='word_1_85' title='bbox 988 1363 1082 1434; x_wconf 83' lang='lat' dir='ltr'><em>Quum</em></span> 
     </span>
     <span class='ocr_line' id='line_1_14' title="bbox 137 1449 1085 1526; baseline 0 -20"><span class='ocrx_word' id='word_1_86' title='bbox 137 1449 296 1508; x_wconf 75' lang='lat' dir='ltr'><em>Cassios</em></span> <span class='ocrx_word' id='word_1_87' title='bbox 311 1459 418 1510; x_wconf 86' lang='lat' dir='ltr'><em>contra</em></span> <span class='ocrx_word' id='word_1_88' title='bbox 428 1467 490 1526; x_wconf 88' lang='lat' dir='ltr'><em>pro</em></span> <span class='ocrx_word' id='word_1_89' title='bbox 505 1453 570 1508; x_wconf 89' lang='lat' dir='ltr'><em>suis</em></span> <span class='ocrx_word' id='word_1_90' title='bbox 586 1453 697 1509; x_wconf 87' lang='lat' dir='ltr'><em>castris</em></span> <span class='ocrx_word' id='word_1_91' title='bbox 712 1453 805 1509; x_wconf 91' lang='lat' dir='ltr'><em>aciem</em></span> <span class='ocrx_word' id='word_1_92' title='bbox 827 1451 1085 1508; x_wconf 79' lang='lat' dir='ltr'><em>instruxisset</em></span> 
     </span>
     <span class='ocr_line' id='line_1_15' title="bbox 137 1535 1083 1612; baseline 0.001 -20"><span class='ocrx_word' id='word_1_93' title='bbox 137 1535 205 1592; x_wconf 87' lang='lat' dir='ltr'><em>loco</em></span> <span class='ocrx_word' id='word_1_94' title='bbox 229 1538 397 1612; x_wconf 76' lang='lat' dir='ltr'><em>superiore,</em></span> <span class='ocrx_word' id='word_1_95' title='bbox 421 1553 516 1595; x_wconf 86' lang='lat' dir='ltr'><em>causa</em></span> <span class='ocrx_word' id='word_1_96' title='bbox 538 1538 726 1610; x_wconf 88' lang='lat' dir='ltr'><em>interposita,</em></span> <span class='ocrx_word' id='word_1_97' title='bbox 752 1536 881 1608; x_wconf 79' lang='lat' dir='ltr'><em>quadis</em></span> <span class='ocrx_word' id='word_1_98' title='bbox 903 1537 934 1592; x_wconf 92' lang='lat' dir='ltr'><em>in</em></span> <span class='ocrx_word' id='word_1_99' title='bbox 957 1543 1083 1607; x_wconf 80' lang='lat' dir='ltr'><em>aequum</em></span> 
     </span>
     <span class='ocr_line' id='line_1_16' title="bbox 135 1621 1082 1696; baseline -0.001 -18"><span class='ocrx_word' id='word_1_100' title='bbox 135 1635 196 1678; x_wconf 90' lang='lat' dir='ltr'><em>non</em></span> <span class='ocrx_word' id='word_1_101' title='bbox 220 1622 429 1692; x_wconf 69' lang='lat' dir='ltr'><em>descenderet,</em></span> <span class='ocrx_word' id='word_1_102' title='bbox 457 1622 623 1681; x_wconf 80' lang='lat' dir='ltr'><em>Marcellus</em></span> <span class='ocrx_word' id='word_1_103' title='bbox 644 1622 786 1680; x_wconf 82' lang='lat' dir='ltr'><em>militibus</em></span> <span class='ocrx_word' id='word_1_104' title='bbox 795 1621 973 1696; x_wconf 79' lang='lat' dir='ltr'><em>persuadet,</em></span> <span class='ocrx_word' id='word_1_105' title='bbox 997 1624 1029 1678; x_wconf 94' lang='lat' dir='ltr'><em>ut</em></span> <span class='ocrx_word' id='word_1_106' title='bbox 1049 1635 1082 1677; x_wconf 91' lang='lat' dir='ltr'><em>se</em></span> 
     </span>
     <span class='ocr_line' id='line_1_17' title="bbox 136 1700 1081 1779; baseline 0 -17"><span class='ocrx_word' id='word_1_107' title='bbox 136 1707 307 1779; x_wconf 83' lang='lat' dir='ltr'><em>reciperent</em></span> <span class='ocrx_word' id='word_1_108' title='bbox 328 1707 358 1764; x_wconf 88' lang='lat' dir='ltr'><em>in</em></span> <span class='ocrx_word' id='word_1_109' title='bbox 381 1711 492 1766; x_wconf 86' lang='lat' dir='ltr'><em>castra.</em></span> <span class='ocrx_word' id='word_1_110' title='bbox 525 1700 631 1764; x_wconf 85' lang='lat' dir='ltr'><em>Libris</em></span> <span class='ocrx_word' id='word_1_111' title='bbox 653 1723 727 1764; x_wconf 84' lang='lat' dir='ltr'><em>msa.</em></span> <span class='ocrx_word' id='word_1_112' title='bbox 758 1706 894 1764; x_wconf 83' lang='lat' dir='ltr'><em>Cassiam</em></span> <span class='ocrx_word' id='word_1_113' title='bbox 915 1709 947 1763; x_wconf 90' lang='lat' dir='ltr'><em>et</em></span> <span class='ocrx_word' id='word_1_114' title='bbox 969 1707 1081 1763; x_wconf 87' lang='lat' dir='ltr'><em>instru-</em></span> 
     </span>
     <span class='ocr_line' id='line_1_18' title="bbox 134 1785 1082 1872; baseline 0.001 -26"><span class='ocrx_word' id='word_1_115' title='bbox 134 1793 220 1848; x_wconf 78' lang='lat' dir='ltr'><em>xisse</em></span> <span class='ocrx_word' id='word_1_116' title='bbox 232 1785 367 1867; x_wconf 87' lang='lat' dir='ltr'><em>babent,</em></span> <span class='ocrx_word' id='word_1_117' title='bbox 385 1795 576 1872; x_wconf 88' lang='lat' dir='ltr'><em>quapropter</em></span> <span class='ocrx_word' id='word_1_118' title='bbox 589 1786 691 1850; x_wconf 87' lang='lat' dir='ltr'><em>Aldus</em></span> <span class='ocrx_word' id='word_1_119' title='bbox 705 1793 820 1850; x_wconf 87' lang='lat' dir='ltr'><em>uideret</em></span> <span class='ocrx_word' id='word_1_120' title='bbox 832 1794 903 1871; x_wconf 88' lang='lat' dir='ltr'><em>post</em></span> <span class='ocrx_word' id='word_1_121' title='bbox 922 1791 1082 1865; x_wconf 87' lang='lat' dir='ltr'><em>superiore</em></span> 
     </span>
     <span class='ocr_line' id='line_1_19' title="bbox 136 1869 1083 1956; baseline 0.001 -24"><span class='ocrx_word' id='word_1_122' title='bbox 136 1869 269 1952; x_wconf 64' lang='lat' dir='ltr'><em>additia</em></span> <span class='ocrx_word' id='word_1_123' title='bbox 285 1871 459 1936; x_wconf 81' lang='lat' dir='ltr'><em>faciliorem</em></span> <span class='ocrx_word' id='word_1_124' title='bbox 470 1881 575 1935; x_wconf 87' lang='lat' dir='ltr'><em>tamen</em></span> <span class='ocrx_word' id='word_1_125' title='bbox 583 1870 670 1934; x_wconf 90' lang='lat' dir='ltr'><em>illam</em></span> <span class='ocrx_word' id='word_1_126' title='bbox 678 1873 816 1956; x_wconf 90' lang='lat' dir='ltr'><em>priorem</em></span> <span class='ocrx_word' id='word_1_127' title='bbox 832 1869 1083 1938; x_wconf 78' lang='lat' dir='ltr'><em>emendationem</em></span> 
     </span>
     <span class='ocr_line' id='line_1_20' title="bbox 135 1956 1078 2020; baseline 0.003 -4"><span class='ocrx_word' id='word_1_128' title='bbox 135 1956 322 2020; x_wconf 84' lang='lat' dir='ltr'><em>existimavi.</em></span> <span class='ocrx_word' id='word_1_129' title='bbox 1073 1997 1078 2008; x_wconf 87' lang='lat'><strong>·</strong></span> 
     </span>
     <span class='ocr_line' id='line_1_21' title="bbox 200 2040 1085 2120; baseline 0.002 -16"><span class='ocrx_word' id='word_1_130' title='bbox 200 2040 235 2104; x_wconf 88' lang='lat' dir='ltr'><em>C.</em></span> <span class='ocrx_word' id='word_1_131' title='bbox 259 2041 297 2104; x_wconf 87' lang='grc'><em>61</em></span> <span class='ocrx_word' id='word_1_132' title='bbox 328 2041 406 2106; x_wconf 90' lang='lat' dir='ltr'><em>haec</em></span> <span class='ocrx_word' id='word_1_133' title='bbox 434 2043 535 2107; x_wconf 82' lang='lat' dir='ltr'><em>edidi:</em></span> <span class='ocrx_word' id='word_1_134' title='bbox 561 2049 649 2107; x_wconf 87' lang='lat' dir='ltr'><em>Hunc</em></span> <span class='ocrx_word' id='word_1_135' title='bbox 671 2047 836 2106; x_wconf 89' lang='lat' dir='ltr'><em>Marcellus</em></span> <span class='ocrx_word' id='word_1_136' title='bbox 863 2049 1039 2120; x_wconf 78' lang='lat' dir='ltr'><em>insequitur.</em></span> <span class='ocrx_word' id='word_1_137' title='bbox 1055 2053 1085 2106; x_wconf 90' lang='lat' dir='ltr'><em>et</em></span> 
     </span>
     <span class='ocr_line' id='line_1_22' title="bbox 137 2133 1081 2207; baseline 0.001 -18"><span class='ocrx_word' id='word_1_138' title='bbox 137 2147 223 2204; x_wconf 76' lang='lat' dir='ltr'><em>quam</em></span> <span class='ocrx_word' id='word_1_139' title='bbox 240 2135 381 2207; x_wconf 83' lang='lat' dir='ltr'><em>proxime</em></span> <span class='ocrx_word' id='word_1_140' title='bbox 397 2137 500 2207; x_wconf 85' lang='lat' dir='ltr'><em>potest</em></span> <span class='ocrx_word' id='word_1_141' title='bbox 524 2133 618 2194; x_wconf 86' lang='lat' dir='ltr'><em>Uliam</em></span> <span class='ocrx_word' id='word_1_142' title='bbox 641 2139 743 2193; x_wconf 91' lang='lat' dir='ltr'><em>castra</em></span> <span class='ocrx_word' id='word_1_143' title='bbox 765 2135 878 2192; x_wconf 86' lang='lat' dir='ltr'><em>castris</em></span> <span class='ocrx_word' id='word_1_144' title='bbox 896 2134 1015 2206; x_wconf 86' lang='lat' dir='ltr'><em>confert</em></span> <span class='ocrx_word' id='word_1_145' title='bbox 1036 2133 1081 2191; x_wconf 90' lang='lat' dir='ltr'><em>lo-</em></span> 
     </span>
     <span class='ocr_line' id='line_1_23' title="bbox 136 2219 1083 2295; baseline 0.003 -21"><span class='ocrx_word' id='word_1_146' title='bbox 136 2233 296 2289; x_wconf 80' lang='lat' dir='ltr'><em>corumque</em></span> <span class='ocrx_word' id='word_1_147' title='bbox 318 2222 439 2289; x_wconf 79' lang='lat' dir='ltr'><em>capuita</em></span> <span class='ocrx_word' id='word_1_148' title='bbox 460 2227 584 2295; x_wconf 90' lang='lat' dir='ltr'><em>natura,</em></span> <span class='ocrx_word' id='word_1_149' title='bbox 612 2235 670 2292; x_wconf 82' lang='lat' dir='ltr'><em>qua</em></span> <span class='ocrx_word' id='word_1_150' title='bbox 691 2223 816 2278; x_wconf 79' lang='lat' dir='ltr'><em>maxime</em></span> <span class='ocrx_word' id='word_1_151' title='bbox 843 2235 905 2276; x_wconf 88' lang='lat' dir='ltr'><em>rem</em></span> <span class='ocrx_word' id='word_1_152' title='bbox 934 2219 1083 2293; x_wconf 81' lang='lat' dir='ltr'><em>deducere</em></span> 
     </span>
     <span class='ocr_line' id='line_1_24' title="bbox 135 2302 1084 2377; baseline 0.003 -18"><span class='ocrx_word' id='word_1_153' title='bbox 135 2302 258 2372; x_wconf 84' lang='lat' dir='ltr'><em>uolebat,</em></span> <span class='ocrx_word' id='word_1_154' title='bbox 282 2307 459 2362; x_wconf 86' lang='lat' dir='ltr'><em>necessitate</em></span> <span class='ocrx_word' id='word_1_155' title='bbox 474 2313 519 2363; x_wconf 87' lang='lat' dir='ltr'><em>est</em></span> <span class='ocrx_word' id='word_1_156' title='bbox 540 2303 715 2374; x_wconf 86' lang='lat' dir='ltr'><em>edoctus,</em></span> <span class='ocrx_word' id='word_1_157' title='bbox 739 2310 772 2362; x_wconf 91' lang='lat' dir='ltr'><em>ut</em></span> <span class='ocrx_word' id='word_1_158' title='bbox 790 2321 885 2377; x_wconf 79' lang='lat' dir='ltr'><em>neque</em></span> <span class='ocrx_word' id='word_1_159' title='bbox 905 2305 1084 2376; x_wconf 78' lang='lat' dir='ltr'><em>constiparet</em></span> 
     </span>
     <span class='ocr_line' id='line_1_25' title="bbox 135 2387 1083 2466; baseline 0.001 -21"><span class='ocrx_word' id='word_1_160' title='bbox 135 2387 236 2460; x_wconf 84' lang='lat' dir='ltr'><em>(cuius</em></span> <span class='ocrx_word' id='word_1_161' title='bbox 258 2391 288 2446; x_wconf 90' lang='lat' dir='ltr'><em>si</em></span> <span class='ocrx_word' id='word_1_162' title='bbox 308 2391 354 2446; x_wconf 82' lang='lat' dir='ltr'><em>rei</em></span> <span class='ocrx_word' id='word_1_163' title='bbox 371 2391 506 2462; x_wconf 87' lang='lat' dir='ltr'><em>facultas</em></span> <span class='ocrx_word' id='word_1_164' title='bbox 521 2391 612 2466; x_wconf 88' lang='lat' dir='ltr'><em>esset,</em></span> <span class='ocrx_word' id='word_1_165' title='bbox 634 2391 777 2448; x_wconf 90' lang='lat' dir='ltr'><em>resistere</em></span> <span class='ocrx_word' id='word_1_166' title='bbox 792 2391 925 2448; x_wconf 88' lang='lat' dir='ltr'><em>incitatis</em></span> <span class='ocrx_word' id='word_1_167' title='bbox 940 2389 1083 2448; x_wconf 80' lang='lat' dir='ltr'><em>militibus</em></span> 
     </span>
     <span class='ocr_line' id='line_1_26' title="bbox 134 2467 1083 2554; baseline 0.004 -24"><span class='ocrx_word' id='word_1_168' title='bbox 134 2489 196 2532; x_wconf 90' lang='lat' dir='ltr'><em>non</em></span> <span class='ocrx_word' id='word_1_169' title='bbox 215 2467 349 2554; x_wconf 89' lang='lat' dir='ltr'><em>poterat)</em></span> <span class='ocrx_word' id='word_1_170' title='bbox 365 2491 462 2548; x_wconf 81' lang='lat' dir='ltr'><em>neque</em></span> <span class='ocrx_word' id='word_1_171' title='bbox 484 2478 594 2548; x_wconf 81' lang='lat' dir='ltr'><em>vapori</em></span> <span class='ocrx_word' id='word_1_172' title='bbox 615 2477 748 2533; x_wconf 78' lang='lat' dir='ltr'><em>Cassium</em></span> <span class='ocrx_word' id='word_1_173' title='bbox 763 2475 853 2532; x_wconf 87' lang='lat' dir='ltr'><em>latius</em></span> <span class='ocrx_word' id='word_1_174' title='bbox 863 2469 1030 2550; x_wconf 79' lang='lat' dir='ltr'><em>pateretur,</em></span> <span class='ocrx_word' id='word_1_175' title='bbox 1045 2489 1083 2534; x_wconf 87' lang='lat' dir='ltr'><em>ne</em></span> 
     </span>
     <span class='ocr_line' id='line_1_27' title="bbox 133 2558 1082 2635; baseline 0.003 -20"><span class='ocrx_word' id='word_1_176' title='bbox 133 2558 239 2632; x_wconf 87' lang='lat' dir='ltr'><em>plures</em></span> <span class='ocrx_word' id='word_1_177' title='bbox 261 2561 394 2618; x_wconf 83' lang='lat' dir='ltr'><em>ciuitates</em></span> <span class='ocrx_word' id='word_1_178' title='bbox 417 2577 452 2618; x_wconf 92' lang='lat' dir='ltr'><em>ea</em></span> <span class='ocrx_word' id='word_1_179' title='bbox 469 2567 661 2635; x_wconf 81' lang='lat' dir='ltr'><em>paterentur,</em></span> <span class='ocrx_word' id='word_1_180' title='bbox 687 2576 764 2633; x_wconf 82' lang='lat' dir='ltr'><em>puae</em></span> <span class='ocrx_word' id='word_1_181' title='bbox 788 2563 880 2634; x_wconf 90' lang='lat' dir='ltr'><em>passi</em></span> <span class='ocrx_word' id='word_1_182' title='bbox 898 2566 986 2634; x_wconf 86' lang='lat' dir='ltr'><em>erant</em></span> <span class='ocrx_word' id='word_1_183' title='bbox 1011 2559 1082 2618; x_wconf 86' lang='lat' dir='ltr'><em>Cor·</em></span> 
     </span>
     <span class='ocr_line' id='line_1_28' title="bbox 135 2635 1084 2724; baseline 0.002 -24"><span class='ocrx_word' id='word_1_184' title='bbox 135 2643 292 2702; x_wconf 85' lang='lat' dir='ltr'><em>dubenses.</em></span> <span class='ocrx_word' id='word_1_185' title='bbox 334 2637 426 2717; x_wconf 79' lang='lat' dir='ltr'><em>Quod</em></span> <span class='ocrx_word' id='word_1_186' title='bbox 449 2639 532 2704; x_wconf 80' lang='lat' dir='ltr'><em>edidi</em></span> <span class='ocrx_word' id='word_1_187' title='bbox 565 2648 688 2705; x_wconf 85' lang='lat' dir='ltr'><em>edoctus</em></span> <span class='ocrx_word' id='word_1_188' title='bbox 717 2640 825 2724; x_wconf 88' lang='lat' dir='ltr'><em>optimi</em></span> <span class='ocrx_word' id='word_1_189' title='bbox 860 2638 934 2703; x_wconf 92' lang='lat' dir='ltr'><em>libri</em></span> <span class='ocrx_word' id='word_1_190' title='bbox 965 2635 1084 2702; x_wconf 87' lang='lat' dir='ltr'><em>habent</em></span> 
     </span>
     <span class='ocr_line' id='line_1_29' title="bbox 134 2722 1083 2810; baseline 0.002 -26"><span class='ocrx_word' id='word_1_191' title='bbox 134 2722 235 2786; x_wconf 84' lang='lat' dir='ltr'><em>Paris.</em></span> <span class='ocrx_word' id='word_1_192' title='bbox 266 2746 328 2786; x_wconf 85' lang='lat' dir='ltr'><em>seo.</em></span> <span class='ocrx_word' id='word_1_193' title='bbox 357 2723 439 2789; x_wconf 84' lang='lat' dir='ltr'><em>Scal.</em></span> <span class='ocrx_word' id='word_1_194' title='bbox 474 2725 568 2788; x_wconf 88' lang='lat' dir='ltr'><em>Vind.</em></span> <span class='ocrx_word' id='word_1_195' title='bbox 590 2748 647 2810; x_wconf 76' lang='lat' dir='ltr'><em>pn,</em></span> <span class='ocrx_word' id='word_1_196' title='bbox 681 2746 740 2788; x_wconf 89' lang='lat' dir='ltr'><em>nec</em></span> <span class='ocrx_word' id='word_1_197' title='bbox 776 2745 840 2788; x_wconf 89' lang='lat' dir='ltr'><em>non</em></span> <span class='ocrx_word' id='word_1_198' title='bbox 876 2723 1083 2810; x_wconf 83' lang='lat' dir='ltr'><em>adstipulatur</em></span> 
     </span>
     <span class='ocr_line' id='line_1_30' title="bbox 136 2807 1083 2895; baseline 0.003 -26"><span class='ocrx_word' id='word_1_199' title='bbox 136 2807 204 2870; x_wconf 90' lang='lat' dir='ltr'><em>cod.</em></span> <span class='ocrx_word' id='word_1_200' title='bbox 240 2808 329 2872; x_wconf 85' lang='lat' dir='ltr'><em>Laid.</em></span> <span class='ocrx_word' id='word_1_201' title='bbox 362 2832 425 2894; x_wconf 91' lang='lat' dir='ltr'><em>pr.,</em></span> <span class='ocrx_word' id='word_1_202' title='bbox 456 2812 510 2895; x_wconf 92' lang='lat' dir='ltr'><em>qui</em></span> <span class='ocrx_word' id='word_1_203' title='bbox 542 2818 647 2875; x_wconf 89' lang='lat' dir='ltr'><em>doctus</em></span> <span class='ocrx_word' id='word_1_204' title='bbox 678 2808 817 2894; x_wconf 86' lang='lat' dir='ltr'><em>praebet.</em></span> <span class='ocrx_word' id='word_1_205' title='bbox 861 2809 899 2872; x_wconf 86' lang='lat' dir='ltr'><em>N.</em></span> <span class='ocrx_word' id='word_1_206' title='bbox 937 2817 1083 2874; x_wconf 87' lang='lat' dir='ltr'><em>deductus</em></span> 
     </span>
     <span class='ocr_line' id='line_1_31' title="bbox 136 2893 1083 2978; baseline 0.002 -23"><span class='ocrx_word' id='word_1_207' title='bbox 136 2893 277 2977; x_wconf 81' lang='lat' dir='ltr'><em>scripsit3</em></span> <span class='ocrx_word' id='word_1_208' title='bbox 313 2903 385 2957; x_wconf 90' lang='lat' dir='ltr'><em>ante</em></span> <span class='ocrx_word' id='word_1_209' title='bbox 428 2917 498 2958; x_wconf 89' lang='lat' dir='ltr'><em>eum</em></span> <span class='ocrx_word' id='word_1_210' title='bbox 532 2903 679 2960; x_wconf 88' lang='lat' dir='ltr'><em>adductus</em></span> <span class='ocrx_word' id='word_1_211' title='bbox 714 2893 911 2978; x_wconf 81' lang='lat' dir='ltr'><em>vulgabatur.</em></span> <span class='ocrx_word' id='word_1_212' title='bbox 961 2895 1005 2958; x_wconf 79' lang='lat' dir='ltr'><em>At</em></span> <span class='ocrx_word' id='word_1_213' title='bbox 1037 2893 1083 2957; x_wconf 87' lang='lat' dir='ltr'><em>di·</em></span> 
     </span>
     <span class='ocr_line' id='line_1_32' title="bbox 135 2978 1082 3065; baseline 0.003 -27"><span class='ocrx_word' id='word_1_214' title='bbox 135 2978 215 3061; x_wconf 83' lang='lat' dir='ltr'><em>spici</em></span> <span class='ocrx_word' id='word_1_215' title='bbox 236 2981 353 3065; x_wconf 87' lang='lat' dir='ltr'><em>nequit,</em></span> <span class='ocrx_word' id='word_1_216' title='bbox 384 3001 439 3044; x_wconf 85' lang='lat' dir='ltr'><em>cur</em></span> <span class='ocrx_word' id='word_1_217' title='bbox 460 2979 613 3044; x_wconf 87' lang='lat' dir='ltr'><em>eiusmodi</em></span> <span class='ocrx_word' id='word_1_218' title='bbox 638 2981 831 3043; x_wconf 83' lang='lat' dir='ltr'><em>tritissimam</em></span> <span class='ocrx_word' id='word_1_219' title='bbox 857 2979 1025 3044; x_wconf 89' lang='lat' dir='ltr'><em>dictionem</em></span> <span class='ocrx_word' id='word_1_220' title='bbox 1046 2979 1082 3041; x_wconf 91' lang='lat' dir='ltr'><em>li·</em></span> 
     </span>
     <span class='ocr_line' id='line_1_33' title="bbox 135 3060 1082 3150; baseline 0.002 -24"><span class='ocrx_word' id='word_1_221' title='bbox 135 3060 259 3126; x_wconf 84' lang='lat' dir='ltr'><em>brarius</em></span> <span class='ocrx_word' id='word_1_222' title='bbox 283 3064 409 3150; x_wconf 88' lang='lat' dir='ltr'><em>quidam</em></span> <span class='ocrx_word' id='word_1_223' title='bbox 436 3066 675 3130; x_wconf 81' lang='lat' dir='ltr'><em>commutaverit</em></span> <span class='ocrx_word' id='word_1_224' title='bbox 700 3087 771 3128; x_wconf 90' lang='lat' dir='ltr'><em>cum</em></span> <span class='ocrx_word' id='word_1_225' title='bbox 799 3064 1001 3129; x_wconf 88' lang='lat' dir='ltr'><em>insolentiore</em></span> <span class='ocrx_word' id='word_1_226' title='bbox 1029 3085 1082 3128; x_wconf 85' lang='lat' dir='ltr'><em>ne-</em></span> 
     </span>
     <span class='ocr_line' id='line_1_34' title="bbox 137 3149 1084 3224; baseline 0.001 -13"><span class='ocrx_word' id='word_1_227' title='bbox 137 3156 276 3212; x_wconf 88' lang='lat' dir='ltr'><em>cessitate</em></span> <span class='ocrx_word' id='word_1_228' title='bbox 298 3157 421 3214; x_wconf 90' lang='lat' dir='ltr'><em>edoctus</em></span> <span class='ocrx_word' id='word_1_229' title='bbox 428 3175 441 3224; x_wconf 92' lang='lat'><em>;</em></span> <span class='ocrx_word' id='word_1_230' title='bbox 471 3172 546 3214; x_wconf 85' lang='lat' dir='ltr'><em>casu</em></span> <span class='ocrx_word' id='word_1_231' title='bbox 575 3151 658 3215; x_wconf 86' lang='lat' dir='ltr'><em>enim</em></span> <span class='ocrx_word' id='word_1_232' title='bbox 686 3157 835 3214; x_wconf 88' lang='lat' dir='ltr'><em>adductus</em></span> <span class='ocrx_word' id='word_1_233' title='bbox 860 3149 913 3214; x_wconf 85' lang='lat' dir='ltr'><em>vel</em></span> <span class='ocrx_word' id='word_1_234' title='bbox 935 3157 1084 3214; x_wconf 87' lang='lat' dir='ltr'><em>deductus</em></span> 
     </span>
     <span class='ocr_line' id='line_1_35' title="bbox 136 3233 1082 3318; baseline 0.003 -24"><span class='ocrx_word' id='word_1_235' title='bbox 136 3243 316 3318; x_wconf 84' lang='lat' dir='ltr'><em>corruptum</em></span> <span class='ocrx_word' id='word_1_236' title='bbox 350 3257 421 3300; x_wconf 82' lang='lat' dir='ltr'><em>esse</em></span> <span class='ocrx_word' id='word_1_237' title='bbox 455 3236 489 3298; x_wconf 88' lang='lat' dir='ltr'><em>in</em></span> <span class='ocrx_word' id='word_1_238' title='bbox 519 3243 641 3300; x_wconf 86' lang='lat' dir='ltr'><em>edoctus</em></span> <span class='ocrx_word' id='word_1_239' title='bbox 671 3235 729 3298; x_wconf 85' lang='lat' dir='ltr'><em>vix</em></span> <span class='ocrx_word' id='word_1_240' title='bbox 753 3233 924 3298; x_wconf 80' lang='lat' dir='ltr'><em>verisimile</em></span> <span class='ocrx_word' id='word_1_241' title='bbox 945 3234 1082 3298; x_wconf 87' lang='lat' dir='ltr'><em>videtur.</em></span> 
     </span>
     <span class='ocr_line' id='line_1_36' title="bbox 130 3315 1083 3406; baseline 0.004 -28"><span class='ocrx_word' id='word_1_242' title='bbox 130 3315 245 3401; x_wconf 58' lang='lat' dir='ltr'><em>‘Neque</em></span> <span class='ocrx_word' id='word_1_243' title='bbox 285 3319 493 3404; x_wconf 85' lang='lat' dir='ltr'><em>explicatione</em></span> <span class='ocrx_word' id='word_1_244' title='bbox 533 3330 604 3406; x_wconf 88' lang='lat' dir='ltr'><em>eget</em></span> <span class='ocrx_word' id='word_1_245' title='bbox 623 3319 718 3384; x_wconf 81' lang='lat' dir='ltr'><em>illud</em></span> <span class='ocrx_word' id='word_1_246' title='bbox 757 3327 889 3384; x_wconf 90' lang='lat' dir='ltr'><em>edoctus.</em></span> <span class='ocrx_word' id='word_1_247' title='bbox 932 3319 1083 3382; x_wconf 86' lang='lat' dir='ltr'><em>Narratur</em></span> 
     </span>
     <span class='ocr_line' id='line_1_37' title="bbox 137 3404 1084 3490; baseline 0.002 -26"><span class='ocrx_word' id='word_1_248' title='bbox 137 3404 237 3484; x_wconf 88' lang='lat' dir='ltr'><em>enim,</em></span> <span class='ocrx_word' id='word_1_249' title='bbox 271 3427 339 3468; x_wconf 88' lang='lat' dir='ltr'><em>eam</em></span> <span class='ocrx_word' id='word_1_250' title='bbox 370 3405 468 3470; x_wconf 83' lang='lat' dir='ltr'><em>fuisse</em></span> <span class='ocrx_word' id='word_1_251' title='bbox 499 3405 642 3469; x_wconf 87' lang='lat' dir='ltr'><em>Marcelli</em></span> <span class='ocrx_word' id='word_1_252' title='bbox 680 3405 911 3486; x_wconf 87' lang='lat' dir='ltr'><em>conditionem,</em></span> <span class='ocrx_word' id='word_1_253' title='bbox 948 3415 983 3469; x_wconf 89' lang='lat' dir='ltr'><em>ut</em></span> <span class='ocrx_word' id='word_1_254' title='bbox 1014 3406 1084 3490; x_wconf 84' lang='lat' dir='ltr'><em>ipsa</em></span> 
     </span>
     <span class='ocr_line' id='line_1_38' title="bbox 135 3489 1082 3638; baseline 0.003 -89"><span class='ocrx_word' id='word_1_255' title='bbox 135 3491 323 3638; x_wconf 50' lang='lat' dir='ltr'><em>uecessppate</em></span> <span class='ocrx_word' id='word_1_256' title='bbox 362 3491 396 3575; x_wconf 80' lang='lat' dir='ltr'><em>(i.</em></span> <span class='ocrx_word' id='word_1_257' title='bbox 438 3513 464 3554; x_wconf 88' lang='lat' dir='ltr'><em>e.</em></span> <span class='ocrx_word' id='word_1_258' title='bbox 504 3499 616 3555; x_wconf 83' lang='lat' dir='ltr'><em>nature</em></span> <span class='ocrx_word' id='word_1_259' title='bbox 653 3489 724 3565; x_wconf 85' lang='lat' dir='ltr'><em>loci)</em></span> <span class='ocrx_word' id='word_1_260' title='bbox 770 3489 800 3553; x_wconf 89' lang='lat' dir='ltr'><em>ei</em></span> <span class='ocrx_word' id='word_1_261' title='bbox 838 3491 1082 3574; x_wconf 85' lang='lat' dir='ltr'><em>praeciperetur,</em></span> 
     </span>
    </p>

    <p class='ocr_par' dir='ltr' id='par_1_6' title="bbox 165 3589 885 3640">
     <span class='ocr_line' id='line_1_39' title="bbox 165 3589 885 3640; baseline 0 -12"><span class='ocrx_word' id='word_1_262' title='bbox 165 3589 245 3631; x_wconf 70' lang='lat' dir='ltr'><em>Caesar</em></span> <span class='ocrx_word' id='word_1_263' title='bbox 277 3625 285 3640; x_wconf 69' lang='lat'>‚</span> <span class='ocrx_word' id='word_1_264' title='bbox 873 3592 885 3640; x_wconf 87' lang='lat' dir='ltr'>f</span> 
     </span>
    </p>
   </div>
   <div class='ocr_carea' id='block_1_3' title="bbox 0 0 1286 3970">
    <p class='ocr_par' dir='ltr' id='par_1_7' title="bbox 0 0 1286 3970">
     <span class='ocr_line' id='line_1_40' title="bbox 0 0 1286 3970; baseline 0 0"><span class='ocrx_word' id='word_1_265' title='bbox 0 0 1286 3970; x_wconf 95' lang='lat' dir='ltr'><em> </em></span> 
     </span>
    </p>
   </div>
  </div>
 </body>
</html>
