2490 3974
181 243 243 308 182
279 294 281 298 .
440 243 571 309 BELLI
591 243 893 310 ALEXANDRINI

180 413 288 497 disset,
305 415 372 480 sive
388 416 483 480 etism
503 415 620 480 fiducie
632 417 776 480 veterani
791 415 949 479 exercitus
972 415 1030 496 sui,
1049 437 1158 500 quem

180 505 258 562 XXll
286 501 320 564 in
350 503 419 567 acie
449 501 630 566 conflixisse
658 511 690 565 et
717 502 834 565 vicisse
863 499 959 584 legati
982 501 1052 564 eius
1076 499 1155 584 glo-

179 585 353 668 riabantur,
384 585 478 651 simul
504 597 630 651 contem
652 596 687 652 tu
716 587 874 650 exercitus
902 586 1012 668 nostri,
1049 605 1156 671 quem

201 669 306 735 ulsum
334 695 354 736 s
381 694 416 736 se
443 671 585 737 Domitio
638 694 697 738 uce
730 670 865 753 sciebat,
898 672 976 735 inito
1009 669 1155 734 oonsilio

204 756 353 820 ‘micendi
374 757 569 823 descendere
620 766 770 842 rserupte
797 755 883 820 valle
905 757 1018 841 coepit.
1042 753 1154 819 (luins

180 839 374 990 aliquamdiu
396 841 517 906 Oeescr
537 779 691 908 irridebat
704 845 831 906 inanem
854 843 1099 906 ostentationem
1117 850 1155 904 et

182 947 220 991 eo
254 948 311 991 oco
333 927 467 991 militum
496 929 730 1007 scortationem,
753 949 847 1014 quem
867 929 901 991 in
922 926 1027 991 locum
1047 947 1153 991 nemo

184 1033 280 1076 sanus
301 1012 400 1078 hostis
422 1011 584 1078 subiturus
607 1025 707 1077 essetz
731 1034 830 1099 quum
851 1013 980 1076 interim
1001 1010 1152 1074 Pharna-

182 1117 236 1160 ces
269 1097 381 1161 eodem
413 1098 524 1184 gradu,
562 1120 623 1184 quo
659 1099 692 1163 in
727 1097 902 1183 proclivem
934 1095 1152 1160 descenderat

181 1181 308 1266 vallem,
331 1189 502 1248 escendere
524 1183 678 1248 adversus
699 1183 833 1249 arduum
847 1182 961 1248 collem
981 1182 1151 1246 instructis

182 1269 280 1352 copiis
303 1269 415 1354 coepit.
992 1345 995 1354 ι

247 1353 299 1416 75.
332 1352 452 1418 Caesar
484 1353 664 1419 incredibili
697 1357 765 1419 eins
798 1354 852 1418 vel
882 1354 1060 1419 temeritate
1088 1350 1149 1416 vel

181 1437 299 1502 fiducie
327 1449 500 1505 commotus
526 1461 630 1527 neque
660 1440 793 1524 opinens
819 1442 1055 1525 imperetusque
1089 1458 1149 1522 op-

181 1544 311 1610 pressus
334 1524 446 1589 eodem
467 1533 608 1611 tempore
629 1525 745 1590 milites
761 1525 802 1589 ab
818 1547 914 1626 opere
935 1530 1038 1603 vocat,
1056 1543 1150 1586 erma

183 1630 297 1694 cepere
328 1608 425 1690 iubet,
459 1610 601 1695 legiones
634 1612 765 1696 opponit
801 1631 966 1696 acremque
1001 1607 1148 1689 instruit3

183 1695 273 1758 ouius
293 1696 342 1758 rei
364 1694 469 1760 subita
489 1695 656 1781 trepidatio
685 1718 835 1782 magnum
861 1705 1018 1760 terrorem
1039 1691 1149 1756 attulit

183 1781 309 1844 nostris.
331 1780 480 1846 Nondum
501 1781 665 1846 ordinibus
694 1782 856 1846 instrmtis
877 1780 1012 1844 selectae
1034 1779 1149 1862 regiae

184 1864 357 1951 quadrigae
378 1868 549 1951 permixtos
563 1866 680 1932 milites
702 1866 906 1954 perturbent3
930 1887 1012 1951 quse
1033 1874 1146 1926 temen

185 1949 334 2014 celeriter
348 1951 546 2018 multitudine
560 1952 697 2019 telorum
709 1956 940 2040 opprimuntur.
963 1950 1148 2033 Insequitur

183 2034 242 2100 hes
275 2037 360 2100 ecies
391 2037 540 2121 hostium,
572 2047 605 2103 et
633 2039 771 2105 clamore
807 2035 932 2102 sublato
965 2033 1148 2119 confligium
1205 2043 1212 2064 '

184 2119 317 2184 multum
350 2122 518 2188 adiuvante
553 2134 666 2188 notura
700 2124 772 2207 loci,
807 2122 979 2210 plurimum
1015 2121 1148 2184 deorum

60 2202 65 2213 '
186 2206 408 2271 immortalium
427 2207 638 2294 benignitate3
662 2212 715 2296 qui
731 2231 827 2297 quum
849 2207 995 2273 omnibus
1018 2203 1147 2269 casibus

184 2288 262 2354 belli
289 2291 444 2357 intersunt
471 2304 544 2362 turn
570 2297 740 2381 praecipue
767 2293 883 2382 quibus
908 2289 989 2358 nihil
1022 2291 1148 2354 ratione

184 2376 286 2461 potuit
308 2375 528 2444 administrari.

250 2460 301 2524 76.
322 2463 439 2548 Magno
473 2475 567 2552 etque
600 2468 666 2530 scri
696 2465 820 2614 proelio
854 2463 1030 2529 comminus
1062 2461 1146 2525 fecto

187 2544 301 2611 dextro
324 2570 431 2631 cornu,
455 2574 517 2636 quo
531 2559 683 2616 veterana
709 2554 780 2636 egio
792 2560 884 2616 sexto
898 2557 966 2618 eret
980 2545 1145 2626 collocate,

185 2631 310 2695 initium
331 2635 481 2700 victoriae
502 2648 611 2701 netum
626 2647 682 2700 est.
705 2635 757 2701 Ab
781 2659 820 2701 ec
841 2646 932 2722 parte
953 2655 1052 2719 quum
1073 2653 1146 2715 pro·

188 2714 263 2780 clivi
286 2717 528 2787 detruderentur
557 2722 673 2804 hostes,
696 2721 795 2787 multo
816 2721 937 2786 tordius
960 2717 1017 2782 sed
1038 2727 1145 2781 temen

187 2802 306 2868 eisdem
339 2804 399 2869 diis
432 2807 653 2872 adiuvantibus
687 2810 813 2872 sinistro
847 2829 945 2872 cornu
977 2803 1146 2887 mediaque

173 2889 255 2952 scie
287 2899 371 2956 totae
400 2893 609 2978 profligentur
638 2894 748 2979 copies
780 2893 877 2979 regis.
922 2891 1014 2971 Quae
1050 2909 1146 2973 quam

187 2971 281 3037 focile
303 2975 465 3041 subierant
484 2980 627 3064 iniquum
648 2978 763 3060 locum,
786 2987 852 3043 tam
873 2977 1019 3044 celeriter
1043 2971 1145 3058 grsdu

187 3057 298 3206 qulsee
319 3062 542 3162 premebantur
562 3063 624 3127 loci
638 3065 811 3164 iniquitute.
833 3064 945 3149 Itsque
967 3059 1073 3160 multis
1087 3058 1145 3122 mi-

211 3143 297 3208 tibus
325 3156 440 3231 pertun
466 3147 640 3214 interfectis
668 3158 785 3235 pertrm
814 3171 941 3214 suorum
969 3166 1063 3212 ruma
1090 3163 1144 3227 op·

189 3231 310 3313 pressis
332 3234 386 3317 qui
406 3233 575 3300 velocitate
590 3235 730 3321 effugere
722 3243 900 3386 mildam
921 3234 1017 3298 ermis
1037 3239 1143 3294 nmen

187 3317 337 3398 proiectis
365 3318 482 3384 vallem
510 3321 702 3407 transgressi
782 3322 788 3335 '
826 3341 867 3384 ex
886 3319 958 3384 loco
981 3315 1143 3401 superiore
1218 3321 1219 3326 ’

189 3399 302 3464 inermi
329 3403 482 3492 proficere
512 3416 667 3491 poterent.
699 3405 744 3470 At
775 3407 875 3470 nostri
905 3404 1039 3470 victorie
1070 3397 1144 3464 eloti

190 3482 296 3550 subire
323 3488 464 3574 iniquum
496 3489 601 3556 locum
632 3492 884 3577 munitionesque
916 3486 1049 3575 aggredi
1079 3503 1142 3548 non
