2538 3978
206 225 248 291 74
377 228 438 292 DE
452 229 489 293 B.
508 228 590 295 CIV.
608 229 742 295 OOMM.
765 229 798 294 Π
820 229 913 296 CAP.
935 229 989 294 44.

205 398 366 463 lenunculi
402 400 443 465 ad
478 397 617 466 officium
654 403 884 487 imperiumque
920 397 1166 466 conveniebant.

205 483 270 548 Sed
291 495 379 549 tanta
401 494 468 550 erat
490 486 652 572 completis
675 487 817 551 litoribus
841 487 1009 568 contentio,
1032 485 1086 570 qui
1106 507 1165 569 po-

204 571 361 634 tissimum
383 593 424 635 ex
445 593 559 657 magno
581 594 712 638 numero
736 572 993 651 conscenderent,
1026 569 1166 634 11111111-

204 656 336 722 titudine
359 667 452 741 atque
475 680 571 722 onere
592 657 736 722 nonnulli
757 657 1016 743 deprimerentur,
1046 654 1165 740 reliqui

203 741 265 818 hoc
286 743 399 806 timore
420 743 549 827 propius
572 743 658 806 adire
680 743 890 809 tardarentur.

267 826 319 890 44.
343 827 466 906 Quibus
488 827 583 892 rebus
606 827 730 912 accidit,
754 840 788 892 ut
801 829 895 914 pauci
909 827 1024 891 milites
1039 837 1163 914 patres·

205 933 267 999 que
288 911 435 994 familiae,
471 915 525 1000 qui
547 923 601 977 aut
628 915 731 998 gratia
753 923 807 989 aut
828 913 1047 977 misericordia
1073 911 1162 977 vale-

203 1006 274 1062 rent
303 1007 357 1061 aut
384 1021 481 1062 naves
504 998 623 1064 adnare
650 1009 789 1084 possent,
822 999 943 1084 recepti
963 999 998 1062 in
1020 998 1166 1076 Siciliam

203 1082 378 1147 incolumes
407 1085 619 1168 pervenirent.
654 1085 810 1170 Reliquae
842 1086 951 1171 copiae
983 1085 1088 1147 missis
1118 1082 1163 1148 ad

203 1168 323 1234 Varum
345 1179 440 1232 noctu
461 1170 639 1255 legatorum
660 1193 791 1234 numero
825 1169 1060 1234 centurionibus
1089 1191 1163 1233 sese

204 1255 234 1318 ei
256 1253 452 1318 dediderunt.
477 1255 619 1334 Quarum
641 1256 817 1320 cohortium
837 1256 952 1320 milites
967 1264 1093 1340 postero
1109 1255 1163 1318 die

204 1348 277 1403 ante
300 1339 450 1425 oppidum
482 1340 562 1404 Iuba
588 1342 788 1426 conspicatus
818 1364 907 1406 suam
937 1363 1006 1404 esse
1037 1339 1161 1425 praedi-

204 1446 280 1489 cans
302 1425 453 1510 praedam
474 1448 623 1512 magnam
645 1437 768 1512 partem
784 1449 892 1493 eorum
906 1427 1042 1490 interfici
1058 1426 1160 1506 iussit,
1253 1489 1254 1494 ,

226 1531 322 1574 auoos
344 1511 461 1576 electos
482 1514 517 1576 in
537 1533 671 1597 regnum
685 1514 815 1596 remisit,
839 1534 936 1599 quum
951 1512 1055 1575 Varus
1071 1533 1167 1574 suam,

202 1531 299 1658 1111111
321 1595 361 1660 ab
384 1619 421 1661 eo
444 1596 528 1664 laedi
549 1607 736 1684 quereretur
757 1621 860 1684 neque
881 1599 1030 1662 resistere
1064 1595 1161 1660 aude·

202 1690 261 1746 ret.
297 1681 370 1766 Ipse
404 1705 485 1770 equo
506 1686 540 1748 in
563 1683 713 1768 oppidum
748 1695 858 1749 vectus
894 1681 1162 1768 prosequentibus

203 1766 417 1852 compluribus
451 1769 658 1849 senatoribus,
696 1791 758 1854 quo
791 1771 978 1834 innumero
1001 1777 1069 1830 erat
1091 1766 1160 1830 Ser.

203 1849 361 1937 Sulpicius
385 1863 416 1918 11
436 1855 577 1918 Licinius
599 1854 823 1940 Damasippus,
846 1857 964 1942 paucis,
988 1875 1070 1938 quac
1091 1852 1163 1916 fieri

202 1936 310 2020 vellet,
343 1939 455 2003 Uticae
489 1941 649 2006 constituit
677 1950 769 2026 atque
798 1937 1163 2026 imperavitdiebusque

202 2033 275 2108 post
295 2026 405 2109 paucis
422 2047 456 2090 se
471 2027 505 2090 in
518 2048 651 2111 regnum
668 2048 739 2090 cum
755 2027 899 2092 omnibus
916 2025 1014 2112 copiis
1029 2025 1162 2110 recepit.
