2490 3974
130 1051 460 1170 BELLUM
524 1057 1082 1172 ulsrauruusu.

402 1365 810 1419 Anauuanruu.

131 1497 171 1562 [A.
190 1499 222 1551 U.
241 1500 269 1552 C.
288 1502 345 1553 708.
365 1503 431 1567 709]
462 1501 586 1554 Collectis
603 1503 818 1569 Pompeianorum
839 1504 949 1568 partium
966 1503 1081 1566 reliquiis

164 1567 318 1634 auxiliisque
336 1575 361 1620 et
378 1571 497 1635 precibus
515 1577 541 1622 et
562 1573 590 1622 vi
612 1573 765 1638 comparatis
788 1571 833 1623 Cn.
852 1573 989 1637 Pompeius
1012 1570 1081 1619 iilius

164 1636 191 1684 in
207 1637 336 1702 Hispania
363 1637 486 1688 ulteriore
515 1640 599 1691 denno
628 1639 725 1690 bellum
747 1645 835 1691 contra
853 1640 991 1690 Caesarem
1008 1642 1082 1704 parat

164 1719 187 1754 o.
206 1707 228 1756 1.
248 1706 344 1758 Caesar
362 1713 479 1772 quartum
496 1708 587 1758 consul
604 1713 705 1758 creatus
723 1708 757 1758 ad
774 1708 921 1758 Cordubam
941 1707 1080 1773 proficisci-

164 1775 213 1834 tur,
232 1789 308 1838 quam
327 1776 396 1826 Sext.
415 1775 553 1840 Pompeius
578 1781 728 1842 occupatam
749 1775 853 1826 tenebat
870 1791 892 1826 c.
910 1777 934 1824 2.
953 1775 1029 1826 Uliae
1048 1772 1080 1823 ab

165 1838 211 1889 Cn
229 1843 352 1908 Pompeio
371 1843 494 1894 obsessae
523 1845 681 1909 tempestatis
710 1843 834 1894 beneflcio
862 1844 1018 1910 praesidium
1035 1842 1081 1890 im-

163 1908 239 1958 mittit
257 1926 278 1960 o.
297 1913 321 1972 3,
338 1913 395 1978 ipse
422 1911 567 1962 Cordubam
596 1914 752 1978 aggreditur.
788 1911 843 1962 Iam
870 1912 955 1962 fratris
989 1909 1081 1958 litteris

164 1979 302 2028 arcessitus
320 1980 367 2031 Cn.
384 1980 531 2044 Pompeius,
548 1981 624 2031 Uliae
642 1981 793 2030 obsessione
810 1981 916 2030 dimissa
933 1995 955 2029 c.
973 1981 998 2040 4,
1016 1977 1080 2028 Cae·

164 2047 217 2094 sari
233 2047 328 2096 flumen
344 2048 445 2098 Baetim
462 2053 656 2114 transgressuro
675 2049 792 2100 occurrit.
823 2048 908 2110 Quum
925 2046 1016 2097 crebro
1033 2059 1081 2094 nee

163 2116 249 2163 tamen
266 2115 321 2165 ullo
346 2121 440 2166 eventu
463 2121 532 2166 esset
554 2121 704 2182 pugnatum,
734 2116 830 2166 Caesar
852 2121 931 2166 noctu
954 2115 1080 2180 Ateguam

163 2180 239 2245 signa
259 2188 354 2245 movet,
383 2199 491 2248 eumque
514 2185 657 2249 insequitur
678 2185 816 2249 Pompeius
838 2199 860 2236 c.
879 2185 903 2236 5.
929 2186 953 2234 6.
989 2182 1080 2232 Castra

162 2256 271 2314 uterque
298 2253 416 2301 muniunt
443 2252 477 2302 ad
500 2254 594 2302 flumen
613 2250 715 2302 Salsum
733 2267 754 2301 o.
774 2254 789 2300 '1
805 2253 833 2300 in
850 2251 916 2302 locis
934 2251 967 2302 ad
983 2248 1079 2299 bellum

163 2316 308 2368 ducendum
330 2320 438 2370 maxime
461 2324 554 2371 natura
570 2321 670 2370 idoneis
688 2335 710 2370 c.
729 2321 754 2373 8.
783 2321 921 2385 Pompeius
945 2317 1078 2370 castellum

163 2385 291 2448 quoddam
310 2387 429 2438 Caesaris
446 2388 552 2439 adortus
570 2387 704 2453 repellitur
722 2404 742 2439 c.
761 2389 792 2448 93
814 2388 892 2454 paulo
910 2393 971 2454 post
987 2385 1078 2436 castris

161 2451 274 2504 incensis
292 2455 438 2506 Cordubam
455 2457 585 2506 contendit
601 2458 677 2506 c.10⁴
696 2455 837 2521 capiuntur
848 2473 865 2506 a
876 2455 995 2506 Caesaris
1008 2454 1078 2518 equi·

161 2520 231 2571 tibus
247 2522 362 2574 homines
381 2530 548 2575 commeatum
570 2541 602 2574 ex
625 2524 720 2590 oppido
743 2525 771 2574 in
792 2525 899 2590 Pompei
917 2529 1002 2574 castra
1018 2537 1077 2586 por-

160 2592 245 2640 tantes
258 2607 279 2642 c.
293 2594 332 2641 11.
352 2591 481 2657 Oppidani
498 2598 660 2658 erumpentes
678 2593 836 2657 repelluntur
847 2609 868 2642 c.
883 2594 922 2642 12.
939 2591 1078 2656 Pompeius

161 2662 247 2707 castra
258 2660 397 2708 munitione
409 2675 466 2709 curn
477 2661 579 2710 flumine
598 2661 673 2711 Salso
686 2662 825 2726 coniungit.
844 2661 940 2711 Caesar
951 2659 1078 2724 Ateguam

162 2739 313 2791 oppugnare
330 2728 426 2792 pergit;
443 2729 566 2792 imprimis
583 2729 715 2779 tormentis
735 2730 832 2779 eminus
849 2733 978 2794 pugnatur
995 2741 1016 2775 c.
1037 2725 1076 2773 13.

161 2794 300 2858 Pompeius
317 2800 388 2845 trans
405 2797 498 2845 flumen
522 2797 624 2848 Salsum
647 2795 782 2847 castellum
804 2799 943 2847 constituit-
973 2792 1076 2844 Proelio

161 2865 276 2925 equestri
291 2863 360 2913 iacto
377 2864 527 2928 Pompeiani
552 2864 722 2915 Caesarianos
744 2865 887 2930 repellunt;
916 2863 1009 2913 deinde
1031 2859 1077 2910 ad-

161 2929 246 2980 ductis
264 2931 296 2981 ab
315 2932 427 2982 Caesare
449 2931 553 2983 auxiliis
577 2933 670 2982 cedere
696 2939 823 2998 coguntur
840 2949 862 2982 c.
882 2935 921 2982 14.
952 2931 1025 2993 Quae
1043 2929 1077 2978 sit

159 2998 254 3062 proelii
271 3000 396 3064 equestris
414 3001 488 3062 ratio,
506 3002 649 3066 exponitur.
667 3001 746 3051 Brevi
757 3006 824 3067 post,
843 3017 921 3065 quum
932 2999 967 3049 ad
977 3012 1076 3046 murum

158 3073 326 3132 pugnaretur,
345 3067 468 3132 oppidani
485 3067 609 3134 hospites,
634 3068 678 3134 qui
699 3070 726 3118 in
745 3069 840 3135 oppido
860 3073 939 3130 erant,
957 3064 1076 3131 iugulant

160 3139 186 3184 et
204 3135 237 3184 de
253 3152 326 3186 muro
355 3136 527 3201 praecipitant
549 3153 570 3189 c.
591 3138 630 3186 15.
661 3136 792 3203 Oppidani
821 3153 878 3186 curn
905 3135 1028 3199 Pompeio
1047 3147 1075 3182 se

157 3205 319 3254 coniuncturi
349 3205 508 3268 eruptionem
535 3205 643 3266 iudana
672 3212 699 3254 at
727 3205 887 3272 repelluntur
913 3220 934 3254 o.
954 3205 994 3252 16.
1012 3199 1075 3249 Tul·

156 3271 208 3322 lius
226 3272 331 3337 quidam
348 3289 406 3322 eum
424 3272 535 3322 Caesare
553 3274 585 3324 de
598 3274 729 3324 deditione
746 3275 800 3340 agit
811 3290 832 3324 e
847 3275 887 3323 1⁷.
906 3271 1075 3322 Continentur

157 3340 247 3406 oppidi
276 3340 434 3406 oppugnatio
453 3357 474 3389 o.
494 3343 534 3393 18.
569 3341 699 3408 Oppidum
729 3342 836 3393 Caesari
864 3341 965 3390 deditur
988 3354 1009 3386 u
1033 3337 1073 3384 19.

157 3407 255 3459 Castris
284 3409 391 3474 Pompei
413 3408 447 3458 ad
469 3409 586 3460 Ucubam
602 3425 694 3460 versus
711 3412 787 3460 motis
806 3410 901 3460 Caesar
919 3410 1009 3459 eodem
1026 3411 1074 3458 iter

156 3475 218 3526 iacit
235 3493 258 3526 c.
276 3479 316 3527 20.
348 3479 433 3539 Quum
455 3479 645 3545 transfugarum
668 3491 699 3528 ex
721 3480 878 3544 Pompeiano
898 3479 1010 3527 exercitu
1026 3491 1073 3526 nu·
