2534 3970
188 205 230 270 50
444 203 505 268 DE
526 204 670 272 BELLO
693 205 884 272 GALLIOO

252 374 303 443 28.
326 375 397 440 Hoc
417 373 538 462 proelio
554 376 637 444 facto
659 385 691 441 et
711 400 810 464 prope
836 379 877 444 ad
898 379 1142 444 internecionem

188 469 282 545 gente
312 482 350 526 ac
370 463 497 526 nomine
521 461 711 528 Nerviorum
738 462 865 530 redacto
894 466 1028 528 maiores
1054 472 1140 544 natu,

189 567 268 630 quos
289 567 354 610 una
374 568 446 612 oum
471 547 577 632 pueris
603 548 849 635 mulieribusque
871 550 904 614 in
926 549 1083 612 aestuaria
1104 569 1141 624 ac

188 630 321 716 paludes
352 631 501 696 collectos·
528 631 725 715 dixeramus,
760 635 819 700 hac
850 656 957 720 pugna
991 633 1141 714 nuntiata,

190 738 285 801 quum
306 716 477 786 victoribus
504 717 584 785 nihil
604 718 803 804 impeditum,
825 721 917 784 vietis
943 717 1021 783 nihil
1042 726 1143 782 tutum
1262 727 1263 750 ³

189 800 425 885 arbitraremur,
441 804 588 886 omnium,
608 805 662 890 qui
677 814 869 890 supererant,
889 825 1045 870 consensu
1058 801 1143 888 legu-

189 895 237 952 tos
257 887 297 951 ad
317 886 487 952 Caesarem
514 889 668 952 miserunt
685 910 782 975 seque
804 892 833 954 ei
850 890 1037 956 dediderunt
1061 896 1093 952 et
1109 888 1143 950 in

190 972 463 1038 commemoranda
490 975 624 1038 civitatis
654 973 829 1040 calamitate
855 997 897 1039 ex
923 974 1079 1039 sexcentis
1103 971 1143 1047 ad

189 1066 253 1120 tres
274 1066 443 1141 senatores,
467 1081 509 1124 ex
530 1058 691 1122 hominum
706 1059 831 1124 milibus
855 1067 901 1122 Lx
918 1060 974 1126 vix
997 1058 1038 1122 ad
1056 1058 1143 1144 quin·

212 1150 316 1224 entos,
340 1143 393 1228 qui
419 1166 509 1208 arma
529 1143 612 1208 ferre
634 1156 772 1230 possent,
803 1167 873 1210 sese
901 1143 1047 1210 redactos
1074 1163 1143 1206 esse

190 1163 346 1292 dixerunt
391 1227 478 1307 Quos
501 1228 636 1311 Caesar,
659 1239 693 1294 ut
720 1230 753 1293 in
774 1231 904 1294 miseros
926 1252 962 1294 ac
986 1226 1143 1313 supplices

190 1333 266 1376 usus
288 1313 506 1378 misericordia
525 1315 695 1397 videretur,
718 1314 956 1400 diligentissime
980 1335 1144 1378 conserva

192 1399 237 1462 vit
258 1399 385 1484 suisque
399 1397 515 1464 finibus
531 1411 624 1485 atque
647 1400 770 1486 oppidis
790 1402 835 1464 uti
855 1401 946 1466 iussit
960 1409 991 1464 et
1004 1398 1144 1464 finitimis

190 1484 364 1631 {mperavit
388 1493 422 1548 ut
443 1482 483 1546 ab
505 1485 620 1551 iniuria
642 1496 673 1550 et
693 1485 848 1552 maleficio
868 1507 903 1550 se
918 1507 1054 1572 suosque
1074 1505 1144 1569 pro-

213 1568 345 1631 ierent.
1087 1615 1092 1632 ,
1128 1633 1130 1638 .

255 1652 306 1716 29.
328 1651 495 1735 Aduatuci,
519 1652 694 1740 dequibus
717 1657 1026 1742 suprascripsimus,
1049 1677 1145 1740 quum

192 1736 336 1802 omnibus
360 1740 457 1824 copiis
486 1739 604 1804 auxilio
629 1740 756 1806 Nerviis
777 1743 935 1822 venirent,
959 1741 1019 1806 hac
1039 1761 1146 1826 pugna

192 1825 335 1887 nuntiata
357 1844 399 1887 ex
418 1824 530 1888 itinere
545 1825 672 1890 domum
687 1835 901 1910 reverterunt3
923 1827 1076 1892 cunctiso
1099 1826 1141 1910 pi

193 1906 240 1972 dis
263 1907 464 1994 castellisque
484 1907 617 1974 desertis
640 1933 699 1976 sua
720 1914 825 1976 omnia
839 1914 872 1976 iu
887 1933 1016 1976 munio
1038 1848 1147 1997 pidum

193 1994 321 2077 egregie
350 2002 464 2057 natura
491 1997 645 2060 munitum
675 1997 880 2062 contulenmt.
931 1995 1001 2076 Quo
1051 2017 1145 2081 quum

193 2098 234 2142 ex
246 2077 432 2142 omnibusin
445 2080 578 2144 circuitu
587 2081 730 2166 pertibus
742 2081 908 2147 altissimas
924 2102 1021 2166 rupes·
1036 2080 1146 2165 despe-

98 2181 102 2190 ·
193 2170 324 2247 otusque
346 2161 486 2246 haberet,
508 2187 573 2230 una
587 2189 629 2232 ex
649 2177 739 2252 parte
760 2166 872 2232 leniter
893 2166 1022 2231 acclivis
1044 2165 1147 2232 aditus

98 2264 101 2269 ·
192 2247 226 2309 in
246 2245 443 2312 latitudinem
464 2272 528 2315 nou
548 2251 682 2336 amplius
705 2252 908 2318 ducentorum
924 2251 1040 2337 pedum
1053 2249 1146 2317 relin-

193 2330 364 2418 quebatur;
383 2354 478 2418 quem
496 2334 599 2400 locum
618 2335 737 2422 duplici
754 2337 906 2403 altissimo
921 2358 1010 2402 muro
1028 2337 1148 2400 munio

192 2425 280 2481 rant:
302 2426 369 2482 tum
389 2421 497 2504 magni
517 2420 667 2506 ponderis
690 2444 770 2486 saxa
783 2431 815 2486 et
835 2431 1021 2507 praeacutas
1040 2419 1147 2485 trabes

193 2503 227 2564 in
248 2525 338 2568 muro
360 2501 566 2570 collocabant.
609 2507 676 2591 Ipsi
697 2516 786 2571 erant
807 2530 848 2572 ex
870 2506 1007 2572 Cimbris
1033 2507 1147 2572 Teuto-

193 2589 306 2673 nisque
309 2590 475 2736 prognati,
491 2593 554 2676 qui,
571 2613 667 2676 quum
682 2593 743 2656 iter
754 2594 788 2656 in
797 2593 993 2678 provinciam
1009 2601 1148 2658 nostram

194 2681 288 2757 atque
326 2671 434 2738 taliam
455 2675 604 2758 iacerent,
626 2678 665 2740 iis
681 2677 921 2762 impedimentis,
938 2699 1018 2762 quae
1041 2698 1148 2740 secum

194 2777 290 2842 agere
312 2768 498 2844 asportare
519 2782 584 2824 non
605 2771 760 2846 poterant,
780 2763 859 2828 citra
872 2761 989 2828 flumen
1003 2761 1148 2826 Rhenum

195 2842 345 2928 depositis
368 2845 542 2910 custodiam
563 2869 604 2910 ex
622 2845 691 2910 suis
718 2869 755 2912 ac
776 2847 967 2935 praesidium
985 2869 1042 2912 sex
1061 2845 1149 2910 milia

195 2926 357 2993 hominum
383 2951 448 2994 una
475 2930 679 3031 reliquerunt.
728 2932 772 2996 Hi
800 2942 870 3018 post
895 2955 1003 2998 eorum
1031 2931 1150 2996 obitum

195 3012 308 3078 multos
331 3037 432 3080 annos
446 3036 465 3079 a
478 3015 620 3082 finitumis
644 3018 804 3103 exagitati,
827 3041 923 3105 quum
937 3017 1149 3084 aliasbellum

194 3099 353 3181 inferrent,
382 3099 460 3164 alias
482 3100 604 3166 illatum
626 3100 839 3185 defenderent,
862 3125 1019 3168 consensu
1040 3124 1151 3166 eorum

196 3184 335 3248 omnium
355 3207 435 3269 pace
457 3185 540 3250 facta
560 3186 644 3250 hunc
671 3186 733 3252 sibi
753 3186 910 3254 domicilio
940 3187 1044 3254 locum
1065 3186 1150 3254 dele·

195 3289 311 3418 genili).
341 3353 390 3420 Ao
418 3357 519 3440 primo
548 3357 687 3424 adventu
708 3360 865 3424 exercitus
893 3359 993 3424 nostri
1021 3357 1149 3424 crebras

197 3461 238 3504 ex
260 3439 375 3526 oppido
397 3442 601 3506 excursiones
618 3442 775 3508 faciebant
795 3442 998 3530 postridieque
1019 3441 1150 3528 proeliis
