2562 3970
200 250 242 316 58
489 249 549 314 DE
570 248 714 316 BELLO
738 175 881 316 ΟΝΠᾸχ

201 422 296 488 latius
319 432 414 507 atque
436 420 575 486 inflatius
597 421 747 486 Afranius
775 421 1003 507 perscribebat,
1026 445 1061 488 se
1083 445 1166 511 quo·

201 531 263 595 que
285 508 327 571 ad
348 518 452 572 motus
473 507 618 572 fortunae
646 529 776 574 movere
799 509 913 594 coepit.

163 657 166 667 .
266 593 315 659 18.
338 592 508 658 Delectum
536 592 647 658 habuit
679 603 745 658 tota
773 595 953 679 provincia,
982 593 1165 680 legionibus

201 679 365 766 completis
389 678 511 743 duabus
542 680 687 744 cohortes
717 680 842 744 circiter
867 673 946 742 XXX
968 679 1081 744 alarias
1104 679 1164 746 ad-

201 765 289 830 didit.
311 765 476 828 Frumenti
491 787 640 851 magnum
661 787 827 832 numerum
843 767 955 850 co'e'git,
978 764 1062 851 quod
1075 765 1162 829 Mas-

199 850 394 932 siliensibus,
422 851 499 916 item
528 850 613 937 quod
638 851 771 916 Afranio
799 851 990 937 Petreioque
1011 852 1163 918 mitteret.

197 938 303 1003 Nares
336 935 448 1020 longas
481 943 506 998 X
540 935 706 1002 Gaditanis
738 945 773 1001 ut
813 937 954 1002 facerent
981 937 1163 1022 imperavit,

198 1023 376 1108 complures
398 1030 563 1108 praeterea
584 1021 710 1108 Hispali
729 1021 891 1088 faciendas
907 1022 1038 1088 curavit.
1060 1022 1163 1086 Pecu-

197 1109 283 1174 niam
310 1130 435 1172 omnem
458 1109 624 1194 omniaque
647 1117 831 1172 ornamenta
851 1129 893 1173 ex
914 1108 988 1175 fano
1010 1106 1165 1172 Herculis

197 1196 231 1259 in
253 1192 403 1279 oppidum
431 1193 537 1260 Gades
554 1193 700 1260 contulit:
716 1215 754 1259 eo
769 1215 828 1259 sex
843 1194 987 1259 cohortes
1008 1191 1165 1280 praesidii

198 1301 294 1344 causa
306 1301 346 1342 ex
356 1281 521 1366 provincia
532 1281 616 1344 misit
628 1279 805 1366 Gaiumque
817 1278 1009 1360 Gallonium,
1022 1280 1162 1364 equitem

196 1365 388 1446 Romanum,
416 1365 601 1430 familiarem
626 1365 768 1448 Domitii,
799 1366 853 1450 qui
881 1387 918 1428 eo
940 1362 1163 1450 procurandae

192 1443 380 1516 'hereditatis
403 1473 500 1516 causa
528 1461 660 1516 venerat
685 1452 800 1516 missus
823 1473 843 1514 a
862 1449 1014 1532 Domitio,
1042 1449 1161 1534 oppido

198 1533 343 1602 Gadibus
369 1536 538 1622 praefecit3
568 1559 656 1602 arma
684 1539 790 1602 omnia
817 1537 942 1622 privata
971 1557 1010 1600 ac
1030 1533 1164 1621 publica

196 1623 230 1686 in
259 1621 387 1688 domum
416 1621 545 1689 Galloni
574 1622 714 1687 contulit
743 1623 817 1709 lpse
839 1620 950 1686 habuit
978 1642 1094 1706 graves
1124 1621 1159 1686 in

197 1707 368 1774 Caesarem
392 1709 570 1774 conciones.
600 1709 704 1795 Saepe
726 1731 768 1773 ex
790 1707 941 1774 tribunali
961 1706 1162 1792 praedicavit

197 1792 333 1858 adversa
356 1793 527 1860 Caesarem
541 1795 662 1881 proelia
682 1795 805 1876 iecisse,
821 1815 971 1878 magnum
991 1813 1160 1856 numerum

197 1879 238 1942 ab
254 1901 291 1944 eo
307 1879 441 1944 militum
456 1880 497 1944 ad
517 1880 684 1944 Afranium
698 1880 893 1966 perfugisse:
917 1879 997 1944 haec
1012 1900 1046 1943 se
1062 1877 1161 1940 certis

196 1967 324 2047 nuntiis,
349 1967 442 2030 certis
470 1966 649 2031 auctoribus
680 1967 882 2052 comperisse.
917 1964 1040 2044 Quibus
1061 1961 1160 2028 rebus

196 2053 383 2136 perterritos
408 2053 493 2116 cives
520 2051 679 2116 Romanos
716 2053 783 2116 eius
813 2053 995 2136 provinciae
1028 2047 1089 2112 sibi
1116 2047 1157 2112 ad

132 2197 136 2205 .
196 2157 265 2200 rem
287 2136 427 2202 ublioam
447 2137 727 2202 administrandam
758 2136 814 2202 HS
838 2141 957 2200 CLXXX
981 2143 1013 2200 et
1034 2135 1161 2217 argenti

195 2159 301 2308 pondo
323 2229 376 2284 XX
403 2221 498 2304 milia,
525 2223 622 2288 tritici
648 2223 769 2289 modios
798 2229 871 2286 CXX
898 2221 987 2285 milia
1014 2218 1157 2306 polliceri

197 2308 309 2392 coligit.
333 2306 420 2386 Quas
451 2306 582 2372 Caesari
605 2331 675 2372 esse
704 2310 823 2374 amicas
851 2309 996 2372 civitates
1024 2304 1158 2368 arbitra·

195 2393 298 2473 batur,
322 2391 371 2456 his
393 2395 540 2478 graviora
562 2415 658 2459 onera
679 2392 865 2480 iniungebat
879 2391 1099 2478 praesidiaque
1116 2411 1156 2453 eo

197 2476 374 2542 deducebat
396 2489 427 2544 et
447 2479 563 2545 iudicia
583 2481 617 2544 in
638 2479 778 2566 priv‘atos
800 2478 970 2567 reddebat,
988 2477 1041 2626 qui
1056 2474 1158 2539 verba

196 2572 290 2650 atque
313 2566 488 2630 orationem
518 2565 670 2630 adversus
697 2564 926 2650 rempublicam
953 2563 995 2626 ha
1017 2562 1157 2642 uissent3

196 2669 306 2714 eorum
314 2647 400 2714 bona
409 2651 443 2713 in
454 2650 616 2736 publicum
628 2650 804 2717 addicebat.
817 2651 1018 2714 Provinciam
1030 2667 1155 2711 omnem

194 2738 228 2798 in
251 2757 309 2798 sua
336 2746 369 2799 et
394 2735 526 2821 Pompei
546 2735 646 2800 verba
674 2735 892 2802 iusiurandum
912 2732 1070 2819 adigebat.
1093 2730 1155 2796 Co-

193 2823 289 2907 gnitis
312 2822 351 2884 iis
366 2821 472 2902 rebus,
496 2831 665 2908 quaesunt
687 2832 794 2908 gestae
816 2823 850 2884 in
872 2821 1018 2886 citeriore
1040 2817 1154 2902 Hispa-

193 2909 257 2990 nia,
280 2906 400 2970 bellum
421 2907 561 2992 parabat.
584 2907 676 2973 Ratio
699 2917 804 2972 autem
825 2906 905 2971 haec
928 2914 995 2970 erat
1016 2901 1102 2983 belli,
1118 2913 1155 2967 ut

194 3015 230 3059 se
252 3014 323 3056 cum
345 2999 368 3052 ll
390 2991 568 3078 legionibus
590 2991 696 3058 Gades
712 2993 879 3074 conferret,
895 3013 994 3054 naves
1016 2989 1153 3053 frumen·
1254 2989 1255 2994 ’

193 3087 323 3162 tumque
338 3099 431 3140 omne
445 3077 491 3141 ibi
506 3080 697 3144 contineret:
717 3079 914 3164 provinciam
929 3079 1012 3140 enim
1028 3094 1154 3138 omnem

194 3160 340 3228 Caesaris
359 3162 455 3227 rebus
470 3164 578 3230 favere
594 3172 795 3250 cognoverat
817 3163 856 3228 ln
870 3162 974 3227 insula
995 3160 1152 3224 frumento

192 3247 392 3334 navibusque
414 3251 602 3335 comparatis
624 3249 743 3316 bellum
762 3251 835 3314 duci
856 3271 922 3314 non
944 3244 1073 3310 difficile
1088 3244 1152 3308 exi-

192 3333 349 3399 stimabat.
372 3331 499 3417 Caesar,
524 3336 584 3400 etsi
603 3335 709 3400 multis
730 3337 981 3421 necessariisque
1002 3330 1099 3395 rebus
1120 3329 1153 3394 in

191 3417 316 3484 Italiam
338 3418 556 3502 revocabatur,
579 3430 685 3484 tamen
712 3423 919 3486 constituerat
940 3418 1060 3484 nullam
1082 3443 1153 3507 par-

192 3511 255 3564 *em
277 3503 354 3568 belli
375 3505 408 3567 in
430 3504 594 3590 Hispaniis
623 3506 813 3593 relinquere,
838 3508 922 3593 quod
943 3526 1060 3592 magna
1082 3529 1163 3574 esse·
