2538 3978
365 247 500 355 OQMM
522 247 571 312 III
594 247 688 314 OAP.
711 249 847 315 ets-99.
1023 249 1083 314 129

121 423 203 509 iugis
227 426 294 488 eius
316 421 478 486 Larissam
509 442 625 484 versus
660 445 693 486 se
726 421 868 505 recipere
902 417 1082 505 coeperunt.

121 505 194 586 Qua
214 531 249 573 re
272 507 494 572 animadversa
517 504 637 574 Caesar
658 509 765 593 copias
789 528 861 570 suas
885 507 991 570 divisit
1014 529 1083 590 par·

120 601 248 680 temque
271 592 431 677 legionum
452 595 485 656 in
508 580 620 654 castrii
640 593 773 678 Pompei
795 614 959 657 remanere
982 595 1082 672 iussit,

119 689 243 763 partem
272 681 305 742 in
336 699 393 740 sua
423 688 527 742 castre
559 679 689 760 remisit,
724 687 772 740 ΙΙΙΙ
806 700 913 741 secum
941 677 1083 762 legiones

121 763 212 827 duxit
240 762 517 850 commodioreque
546 763 661 828 itinere
690 764 891 848 Pompeianis
919 785 1083 828 occurrere

120 851 224 936 coepit
246 859 277 913 et
297 871 483 935 progressus
506 847 594 910 milia
613 871 764 933 passuum
789 858 824 910 Vl
846 852 947 913 aciem
969 851 1083 912 instru·

118 936 175 998 xit.
199 935 320 1014 Quare
336 930 559 998 animadversa
579 933 765 1020 Pompeiani
779 937 813 1012 in
828 935 967 1021 quodam
978 946 1084 998 monte

120 1023 338 1085 constiterunt.
362 1020 458 1083 Hunc
472 1029 610 1083 montem
626 1021 744 1085 flumen
760 1020 937 1084 subluebat.
962 1020 1083 1084 Caesar

109 1106 237 1170 'milites
260 1108 449 1188 cohortatus,
474 1107 533 1169 etsi
561 1107 657 1169 totius
686 1107 749 1170 diei
779 1108 953 1170 continenti
975 1105 1084 1170 labore

121 1203 211 1255 erant
233 1193 375 1274 confecti,
399 1212 528 1276 noxque
549 1192 612 1254 iam
636 1191 773 1275 suberat,
790 1202 896 1256 tamen
911 1193 1084 1257 munitione

120 1275 237 1340 flumen
259 1299 279 1341 a
300 1287 406 1342 monte
429 1277 568 1358 seclusit,
592 1299 633 1340 ne
655 1287 751 1342 noctu
773 1301 793 1342 a
816 1279 885 1340 uari
899 1278 1085 1362 Pompeiani
1134 1303 1136 1306 ·

53 1374 54 1378 ’
119 1373 258 1510 possent.
282 1362 352 1441 Quo
375 1362 516 1448 perfecto
545 1384 643 1448 opere
665 1362 712 1427 illi
735 1364 774 1428 de
794 1301 956 1428 deditione
978 1364 1084 1426 missis

133 1449 233 1532 egatis
256 1471 351 1533 agere
374 1456 555 1533 coeperunt·
585 1448 684 1512 Pauci
706 1449 826 1514 ordinis
850 1449 1007 1529 senatorii,
1031 1451 1085 1533 qui

121 1553 156 1596 se
168 1555 239 1596 cum
254 1535 292 1597 iis
305 1535 547 1615 coniunxerant,
559 1545 652 1600 nocte
663 1535 740 1620 fuga
752 1535 885 1600 salutem
896 1535 1086 1618 petiverunt.

184 1617 235 1681 98.
259 1617 380 1683 Caesar
407 1621 508 1704 prima
530 1619 601 1683 luce
631 1642 739 1684 omnes
763 1643 826 1702 eos,
850 1622 904 1705 qui
924 1621 959 1682 in
981 1628 1096 1694 monte·

121 1703 339 1787 consederant,
368 1704 647 1790 exsuperioribus
676 1705 755 1770 locis
784 1708 818 1769 in
839 1705 1012 1791 planitiem·
1032 1705 1083 1768 de-

123 1787 277 1852 scendere
300 1799 393 1875 atque
410 1813 499 1854 arma
520 1792 676 1876 proiicere
697 1792 798 1856 iussit,
822 1791 917 1870 Quod
938 1789 992 1854 ubi
1016 1790 1084 1854 sine

120 1876 318 1939 recusatione
354 1874 497 1940 fecerunt
533 1877 698 1963 passisque
731 1876 845 1963 palmis
878 1878 1012 1962 proiecti
1044 1874 1084 1938 ed

120 1967 237 2022 terram
260 1961 372 2024 flentes
395 1960 436 2024 ab
460 1984 497 2026 eo
526 1961 660 2026 salutem
687 1965 878 2048 petiverunt,
903 1960 1084 2026 consolatus

121 2065 314 2129 consurgere
335 2047 428 2110 iussit
450 2056 481 2110 et
502 2069 604 2132 pauca
627 2053 711 2134 apud
734 2071 788 2112 eos
811 2049 850 2113 de
873 2047 1002 2112 lenitate
1026 2069 1084 2110 sua

121 2127 254 2212 locutus,
299 2153 339 2196 uo
361 2134 483 2198 minore
511 2142 618 2196 essent
639 2137 761 2215 timore,
786 2157 895 2200 omnes
917 2153 1085 2197 conserva·

121 2215 167 2278 vit
195 2155 411 2302 militilusque
445 2219 510 2280 suis
539 2219 780 2301 commendavit,
814 2241 856 2282 ne
889 2222 943 2304 qui
976 2240 1084 2282 eorum

120 2299 302 2386 violaretur,
324 2325 388 2366 neu
411 2302 487 2390 quid
516 2306 564 2367 sui
591 2304 816 2368 desiderarent.
849 2305 921 2368 Hac
943 2302 1084 2368 adhibita

121 2385 284 2472 diligentia
307 2411 349 2452 ex
371 2389 483 2453 castris
506 2388 567 2452 sibi
597 2388 739 2474 legiones
763 2389 841 2455 alias
864 2411 1029 2454 occurrere
1052 2400 1083 2452 et

121 2492 185 2554 eas,
209 2495 287 2558 quas
310 2495 418 2538 secum
441 2473 585 2556 duxerat,
601 2477 634 2538 in
655 2477 760 2539 vicem
774 2477 972 2560 requiescere
989 2485 1083 2560 atque

120 2557 153 2619 in
164 2567 268 2622 castra
275 2561 393 2623 reverti
401 2561 492 2623 iussit
503 2559 677 2645 eodemque
689 2561 740 2626 die
752 2560 915 2625 Larissam
926 2562 1082 2644 pervenit.

185 2643 235 2706 99.
258 2643 296 2706 In
319 2667 356 2708 eo
383 2645 504 2730 proelio
533 2667 597 2708 non
626 2646 759 2731 ampli-us
789 2652 831 2709 CC
860 2644 975 2710 milites
999 2646 1081 2710 desi-

121 2727 252 2811 deravit,
282 2730 339 2793 sed
366 2732 575 2814 centuriones,
604 2729 701 2795 fortes
730 2735 825 2813 viros,
854 2733 981 2795 circiter
1003 2737 1081 2792 XXX

121 2815 233 2877 amisit.
256 2814 443 2879 interfectus
467 2824 515 2880 est
537 2819 631 2882 etiam
653 2817 822 2880 fortissime
844 2835 991 2902 pugnans
1006 2815 1081 2879 Ora·

123 2900 232 2980 stinus,
257 2901 345 2962 cuius
367 2903 559 2964 mentionem
582 2924 678 2986 supra
699 2901 841 2984 fecimus,
865 2901 970 2987 gladio
992 2903 1024 2964 in
1047 2923 1082 2964 os

120 2983 288 3049 adversum
310 2987 462 3051 coniecto.
489 2985 601 3073 Neque
627 2986 673 3051 id'
687 2987 746 3050 fuit
774 2986 897 3068 falsum,
922 2985 1006 3072 quod
1027 2985 1081 3050 ille

119 3070 151 3132 in
184 3091 322 3154 pugnam
354 3071 557 3156 proficiscens
590 3069 723 3137 dixerat.
758 3071 812 3136 Sic
845 3073 928 3134 enim
962 3070 1081 3136 Caesar

64 3198 68 3205 -
120 3155 328 3237 existimabat,
366 3177 403 3220 eo
440 3155 560 3241 proelio
598 3157 897 3222 excellentissimam
931 3158 1080 3221 virtutem

121 3237 258 3303 Crastini
278 3241 386 3323 fuisse,
410 3243 589 3327 optimeque
620 3265 692 3306 eum
714 3241 754 3307 de
776 3263 811 3305 se
834 3243 980 3306 meritum
1001 3242 1080 3306 iudi·

121 3323 221 3388 cabat.
246 3325 306 3402 ,Ex
339 3326 533 3412 Pompeiano
566 3329 710 3396 exercitu
743 3327 870 3392 'circiter
905 3327 993 3390 milia
1025 3333 1077 3388 XV

120 3407 284 3488 cecidisse¹
307 3411 505 3497 videbantur,
543 3411 600 3476 sed
632 3414 665 3475 in
698 3411 891 3476 deditionem
926 3422 1081 3476 venerunt

119 3493 253 3580 amplius
269 3497 362 3645 InIrilia
388 3505 490 3560 xxuu
521 3496 671 3584 (namque
702 3500 796 3561 etiam
818 3496 975 3642 cogortes,
998 3519 1080 3585 quae

177 3599 254 3639 crem
304 3630 312 3645 .
859 3626 868 3645 t
