2562 3970
179 251 221 318 56
468 253 530 318 DE
551 254 695 320 BELLO
719 253 852 320 CIVlLI

181 424 333 510 operibus
354 424 503 492 inierunt
524 426 621 491 Hunc
643 429 688 491 sio
710 426 832 492 distulit
851 437 976 510 ventus,
1009 428 1057 494 uti
1076 449 1143 492 uno

179 519 323 596 tempore
338 533 447 597 agger,
462 511 571 598 plutei,
593 512 729 595 testudo,
751 514 858 596 turris,
881 522 1039 578 tormenta
1052 512 1141 576 flam-

180 618 266 660 mam
295 597 499 683 conciperent
520 606 552 662 et
572 601 660 684 prius
689 598 770 663 haec
791 600 897 663 omnia
918 619 1142 664 consumeren-

179 692 241 763 tur,
275 704 381 770 quam,
414 683 681 768 quemadmodum
712 684 891 767 accidisset,
931 684 1143 748 animadverti

180 777 298 853 posset.
319 767 428 833 Nostri
448 770 614 854 repentina
633 769 759 834 for-tima
779 770 915 855 permoti
936 791 1034 851 arma,
1057 789 1141 854 quae

180 862 323 939 possunt,
345 854 515 940 arripiunt3
548 853 604 918 alii
625 877 667 920 ex
688 856 893 920 natissae
914 855 1055 919 incitant.
1087 853 1143 918 Fit

182 941 215 1002 in
238 939 346 1003 hostes
368 940 522 1025 impetus3
556 939 615 1005 sed
642 940 683 1006 de
705 963 833 1006 muros
878 941 941 1006 'ttis
962 939 1142 1005 tormentis·

182 1046 243 1109 que
265 1024 422 1110 fugientes
444 1027 594 1127 persequi
614 1025 832 1112 prohibentur.
899 1029 911 1090 i
933 1025 992 1090 sub
1015 1045 1144 1090 murum

182 1131 216 1174 se
239 1111 396 1210 recipiunt
417 1110 524 1201 ibrque
554 1112 733 1178 musculum
761 1113 937 1212 turrimque
968 1110 1142 1176 latericiam

182 1193 283 1259 libere
305 1195 487 1261 incendunt.
520 1197 570 1262 Ita
599 1197 770 1262 multorum
795 1219 953 1262 mensrum
974 1195 1066 1261 labor
1086 1194 1143 1259 ho·

181 1281 277 1344 stium
297 1281 432 1366 pertidia
458 1292 490 1346 et
510 1284 545 1347 vi
565 1283 762 1370 tempestatis
806 1293 901 1348 uncto
923 1282 1072 1369 temporis
1094 1281 1142 1344 iu-

182 1367 277 1430 teriit.
314 1363 532 1433 Tentaverunt
564 1367 625 1432 hoc
654 1368 739 1434 idem
841 1369 986 1434 silienses
1014 1375 1144 1454 postero

181 1450 243 1515 die.
286 1451 431 1517 Eandem
459 1454 545 1518 nacti
578 1464 800 1542 tempestatem
821 1456 940 1520 maiore
969 1476 1041 1518 cum
1062 1452 1143 1517 fidu·

181 1537 231 1601 cia
251 1537 293 1602 ad
314 1537 447 1602 alteram
467 1541 578 1605 turrim
600 1562 813 1627 aggeremque
836 1540 1000 1626 eruptione
1021 1561 1143 1625 pugna·

179 1632 296 1687 verimt
316 1622 514 1712 multumque
535 1627 643 1727 ignem
663 1625 847 1692 intulerunt.
871 1624 938 1691 Sed
950 1633 986 1691 ut
1000 1625 1142 1726 superio·

63 1713 67 1721 “
181 1709 226 1772 ris
248 1710 399 1795 temporis
422 1720 656 1777 contentronem
676 1713 778 1778 nostri
794 1733 922 1777 omnem
942 1717 1142 1792 remrserant,

179 1794 225 1858 ita
246 1796 385 1880 proximi
407 1795 471 1860 diei
485 1819 561 1862 casu
575 1797 728 1863 admoniti
750 1797 857 1863 omnia
870 1795 913 1861 ad
926 1795 1144 1862 defensionem

180 1890 382 1965 paraverant.
403 1881 518 1968 Itaque
539 1883 646 1949 multis
668 1883 841 1948 interiectis
863 1882 1003 1970 reliquos
1025 1881 1143 1946 infecte

180 1965 270 2030 rein
294 1988 334 2052 op
357 1965 444 2032 idum
466 1967 661 2054 repulerunt.
1011 1992 1014 1996 ’

246 2049 296 2115 15.
347 2052 497 2118 rebonius
527 2077 574 2139 ea,
598 2078 680 2141 quae
703 2063 776 2120 sunt
798 2056 923 2138 amissa,
953 2051 1052 2118 multo
1075 2075 1141 2117 ma·

179 2135 247 2200 iore
269 2136 404 2202 militum
427 2139 530 2203 studio
553 2140 775 2205 administrare
790 2151 821 2205 et
842 2141 976 2207 reficere
997 2139 1142 2204 instituit.

180 2221 262 2286 Nam
284 2221 339 2287 ubi
360 2233 463 2289 tantos
487 2248 560 2291 suos
590 2225 715 2292 labores
737 2235 770 2290 et
791 2236 960 2312 apparatus
986 2223 1070 2290 male
1092 2246 1143 2289 ce-

182 2307 298 2372 cidisse
319 2309 469 2374 viderunt
489 2311 624 2376 induciis
647 2335 687 2376 ue
708 2334 767 2398 per
790 2310 894 2377 scelus
909 2310 1036 2377 violatis
1052 2331 1143 2374 suam

179 2392 330 2458 virtutem
351 2395 458 2459 irrisui
478 2395 547 2461 fore
568 2337 805 2483 perdoluertmt
828 2397 921 2484 quod,
944 2395 1029 2462 unde
1043 2417 1143 2482 agger

182 2479 308 2543 omnino
331 2482 522 2566 comportari
536 2492 653 2569 posset,
676 2483 755 2548 nihil
770 2493 839 2548 erat
852 2481 912 2547 reli
934 2505 1019 2562 uum,
1043 2482 1142 2546 omni-

181 2563 242 2628 bus
265 2564 431 2631 arboribus
453 2565 548 2654 longe
569 2568 695 2656 lateque
717 2570 751 2634 in
765 2568 882 2635 finibus
931 2567 1142 2633 assiliensium

181 2649 298 2713 excisis
320 2661 352 2716 et
378 2655 539 2718 convectis
562 2677 714 2740 aggerem
735 2657 811 2720 novi
826 2655 956 2743 generis
978 2662 1072 2739 atque
1093 2653 1141 2716 in·

182 2735 323 2800 auditum
345 2759 387 2801 ex
407 2737 559 2806 latericiis
593 2739 717 2806 duobus
749 2745 847 2806 muris
880 2763 993 2805 senum
1023 2737 1142 2824 pedum

181 2821 390 2888 crassitudine
413 2833 508 2911 atque
532 2849 641 2894 eorum
662 2849 824 2892 murorum
839 2826 1074 2912 contignatione
1095 2822 1140 2887 fa·

183 2928 256 2972 cere
277 2907 483 2978 instituerunt
515 2934 618 3000 aequa
649 2912 716 2979 fere
749 2911 924 2994 altitudine,
959 2920 1053 2998 atque
1084 2907 1140 2974 ille

182 2995 394 3079 congesticius
418 3019 459 3062 ex
480 2999 613 3064 materia
633 2999 736 3063 iuerat
758 3019 866 3085 agger.
898 2996 965 3062 Ubi
993 3004 1047 3060 aut
1069 3015 1141 3080 spa·
1263 2999 1264 3034 ³

180 3078 260 3165 tium
280 3081 363 3144 inter
384 3104 491 3150 muros
515 3095 570 3150 aut
592 3083 793 3148 imbecillitas
812 3085 965 3148 materiae
978 3080 1141 3168 postulare

179 3163 353 3250 videretur,
386 3167 472 3253 pilae
493 3172 744 3256 interponuntur,
766 3171 962 3235 traversaria
982 3169 1072 3252 tigna
1092 3167 1139 3230 in-

181 3249 339 3333 ficiuntur,
364 3275 446 3339 quae
467 3255 666 3321 firmamento
689 3277 759 3320 esse
780 3257 912 3340 possint,
935 3264 967 3318 et
990 3254 1063 3339 quic
1085 3250 1141 3316 uid

181 3344 229 3399 est
261 3339 478 3423 contignatum
510 3341 650 3406 cratibus
684 3343 905 3425 consternitur,
939 3349 1041 3404 crates
1064 3275 1140 3402 luto

180 3419 374 3504 integuntur.
398 3424 464 3491 Sub
487 3437 570 3492 teoto
592 3426 683 3492 miles
706 3427 819 3493 dextra
839 3449 879 3493 ac
900 3427 1028 3492 sinistra
1047 3445 1141 3488 muro

180 3510 291 3588 tectus,
322 3509 476 3577 adversus
503 3513 603 3599 plutei
637 3511 762 3579 obiectu
801 3516 889 3600 operi
922 3531 1141 3601 quaecumque
