2562 3966
185 213 246 280 ¹roo
437 183 500 278 nir
521 213 665 280 annuo
688 213 880 280 sunnrco

180 384 263 449 iuter
282 383 406 450 Mosam
426 405 465 450 ac
485 383 645 466 Rhenum,
668 385 723 471 qui
744 384 803 450 sub
825 386 957 486 imperio
979 385 1136 452 Ambiori·

204 471 229 533 's
251 477 283 534 et
298 468 463 536 Catuvolci
484 479 583 553 erant,
605 471 699 534 misit
733 469 793 534 His
814 469 966 536 militibus
982 470 1136 552 Quintum

210 556 336 620 ‘tunium
357 553 510 620 Sabinum
533 564 564 620 et
584 555 718 620 Lucium
739 555 988 622 Aurunculeium
1011 555 1136 623 Cottam

179 639 300 727 legatos
322 662 471 726 praeesse
493 641 593 704 iussit.
630 640 683 704 Ad
704 639 787 706 hunc
808 640 937 706 modum
959 641 1136 708 distributis

180 724 357 811 legionibus
379 724 527 790 tscillime
542 727 668 812 inopiae
689 725 912 792 frumentariae
927 750 999 792 sese
1014 727 1135 793 mederi

178 833 272 897 posse
287 811 488 876 existimavit
511 811 616 898 Atque
631 810 742 876 harum
761 820 868 878 tamen
884 814 1023 876 omnium
1037 812 1135 898 legio·

177 919 255 962 uum
282 895 417 962 hiberna
442 905 571 982 praeter
599 919 687 978 eam,
718 919 813 982 quam
834 896 934 962 Lucio
956 897 1071 963 Roscio
1100 899 1135 964 iu

201 983 412 1046 amtissimam
435 991 467 1046 et
488 983 716 1068 quietissimam
737 991 860 1067 partem
881 982 1058 1047 ducendam
1080 982 1134 1048 de·

178 1005 283 1150 derat,
307 1065 435 1132 milibus
480 1089 609 1131 ossuum
631 1076 758 1131 eentum
780 1066 1029 1132 continebantur.
1059 1067 1134 1154 lpse

177 1153 306 1235 interea,
329 1151 434 1240 quoad
455 1089 597 1238 legiones
612 1151 781 1218 collocatas
796 1154 980 1239 munitaque
1001 1152 1135 1219 hiberna

179 1240 389 1324 cognovisset,
412 1239 445 1300 in
467 1237 573 1302 Gallia
593 1237 710 1302 morari
732 1238 901 1302 constituit

241 1323 293 1387 25.
314 1322 394 1387 Erat
414 1323 448 1386 in
471 1321 664 1388 Carnutibus
691 1345 814 1388 summo
843 1323 914 1390 loco
942 1333 1035 1390 natus
1057 1324 1134 1390 Tas-

175 1409 290 1496 getius,
313 1410 402 1473 cuius
424 1409 561 1474 maiores
590 1409 625 1472 in
654 1430 714 1473 sua
734 1408 862 1474 civitate
890 1431 1026 1496 regnum
1054 1409 1134 1476 obti-

152 1503 318 1558 ¹uueraut„
361 1494 446 1559 Huic
469 1492 588 1560 Caesar
615 1515 672 1580 pro
695 1495 763 1559 eius
784 1495 901 1560 virute
923 1505 1017 1582 atque
1044 1497 1076 1560 in
1099 1517 1134 1560 sc

178 1579 412 1662 benevolentia,
435 1579 521 1666 quod
548 1581 582 1644 in
608 1578 753 1645 omnibus
775 1577 868 1644 bellis
891 1580 1045 1666 singulari
1067 1582 1135 1648 eius

176 1686 274 1751 opera
294 1664 398 1732 fuerat
418 1687 504 1748 usus,
527 1666 681 1730 maiorum
703 1664 808 1730 locum
828 1666 1021 1731 restituerat
1059 1667 1135 1732 Ter·

174 1752 252 1818 tium
273 1751 339 1817 iam
349 1751 434 1816 hunc
448 1773 565 1815 annum
579 1758 775 1836 regnantem,
797 1751 933 1814 inimicis
947 1753 1012 1815 iarn
1026 1752 1135 1818 multis

172 1835 279 1988 galam
291 1859 333 1902 ex
354 1837 482 1901 civitate
496 1836 581 1908 otiis
601 1834 794 1917 auctoribus,
810 1858 882 1902 eum
899 1837 1135 1904 interfecerunt

208 1921 324 1988 eiertur
345 1943 384 1985 ea
404 1944 457 1987 res
480 1921 522 1986 ad
543 1920 722 1988 Caesarem.
755 1920 814 1986 llle
836 1923 965 2006 veritus,
989 1923 1073 2009 quod
1095 1924 1137 1989 ad
1264 1971 1277 1997 .

195 2005 281 2072 lures
302 2005 489 2093 pertinebat,
511 2030 553 2072 nc
568 2007 679 2072 civitas
695 2027 805 2072 eorum
821 2007 866 2072 im
888 2007 961 2072 ulsu
974 2007 1134 2092 deficeret,

173 2028 309 2156 lucium
336 2091 489 2156 Plancum
525 2114 597 2158 oum
626 2092 752 2178 legione
781 2115 823 2158 ex
879 2092 962 2178 elgio
990 2092 1135 2159 celeriter

172 2177 206 2242 in
229 2175 384 2243 Carnutes
410 2177 570 2264 proficisci
590 2176 679 2243 iubet
699 2177 807 2264 ibique
825 2176 964 2243 hiemare
987 2200 1134 2264 quorum·

175 2284 236 2348 que
264 2285 360 2348 opera
388 2272 582 2350 cognoverat
617 2262 801 2352 Tasgetium
834 2263 1047 2346 interfectum,
1073 2263 1132 2328 hos

173 2347 417 2434 comprehensos
447 2349 488 2412 ad
509 2371 544 2414 se
572 2349 707 2414 mittere.
757 2347 890 2412 Interim
916 2347 957 2412 ab
987 2348 1132 2414 omnibus

172 2431 286 2519 legatis
309 2433 485 2519 quibusque
513 2433 654 2518 legiones
680 2433 871 2516 tradiderat,
894 2434 1009 2498 certior
1030 2433 1133 2500 factus

173 2527 222 2584 est
249 2520 283 2583 in
310 2518 446 2584 hiberna
473 2527 662 2604 perventum
688 2518 856 2604 locumque
891 2517 1032 2584 hibernis
1061 2541 1133 2586 esse

172 2606 335 2670 munitum.

236 2689 287 2753 26.
309 2688 433 2755 Diebus
456 2689 583 2754 circiter
603 2696 673 2770 XV,
705 2689 819 2776 quibus
848 2690 882 2754 in
903 2688 1037 2754 hiberna
1057 2713 1134 2756 ven·

172 2784 239 2838 tum
269 2783 326 2858 est,
356 2776 481 2838 initium
508 2775 667 2860 repentini
694 2773 847 2840 tumultus
877 2796 916 2840 ae
948 2773 1133 2840 deiectionis

172 2869 276 2925 ortum
304 2869 352 2925 est
378 2859 419 2924 ab
445 2858 631 2945 Ambiorige
659 2869 691 2924 et
719 2858 909 2942 Catuvolco;
937 2860 1007 2946 qui,
1036 2883 1134 2946 quum

171 2944 213 3010 ad
233 2945 313 3010 fines
334 2947 428 3032 regni
449 2945 498 3008 sui
519 2943 638 3010 Sabino
661 2943 836 3030 Cottaeque
857 2956 985 3031 praesto
999 2945 1134 3011 fuissent

171 3034 424 3115 trumentumque
432 3030 466 3094 in
476 3027 610 3095 hiberna
621 3030 914 3117 comportavissent,
926 3029 1134 3098 Indutiomari

171 3116 305 3182 Treveri
325 3115 443 3180 nuntiis
464 3114 593 3201 impulsi
613 3137 687 3180 suos
710 3116 948 3182 concitaverunt
966 3114 1134 3202 subitoque

172 3202 311 3287 opressis
341 3198 549 3285 lignatoribus
578 3222 696 3286 magna
721 3222 819 3265 manu
847 3199 888 3264 ad
910 3209 1016 3266 castra
1036 3223 1134 3288 oppu-

172 3297 302 3372 gnatum
323 3293 489 3353 venerunt
526 3284 632 3365 Quum
654 3285 798 3351 celeriter
811 3286 912 3350 nostri
928 3308 1019 3350 arma
1032 3287 1133 3372 cepis-

172 3383 244 3436 sent
275 3369 458 3472 vallumque
491 3370 709 3436 ascendissent
740 3380 836 3457 atque
872 3393 936 3436 una
972 3392 1014 3434 ex
1041 3381 1133 3472 parte

174 3456 325 3542 Hispanis
348 3457 504 3543 equitibus
526 3457 649 3522 emissis
665 3456 804 3544 equestri
816 3454 938 3542 proelio
953 3477 1134 3568 superiores

957 3611 981 3690 ff
