2490 3974
406 282 549 348 orror
571 284 707 348 35-37.
798 235 801 244 ¹
969 281 1033 349 205

9 483 11 524 r
64 453 307 537 comprobavit:
329 476 466 540 namque
481 463 612 539 postero
635 455 687 518 die
710 477 751 519 ex
773 453 951 539 legionibus
973 455 1032 535 his,

65 559 151 622 quas
175 537 302 602 Gaetuli
315 541 527 621 nominarunt,
542 540 659 604 milites
674 538 840 625 legionarii
856 540 1033 625 complures

9 653 11 710 q
65 621 112 686 ab
137 621 284 708 Scipione
306 626 339 688 in
361 635 467 692 castra
489 624 637 689 Caesaris
659 625 874 710 perfugerant.

137 709 189 771 36.
212 709 298 773 Dum
319 710 399 774 haee
421 710 462 774 ad
488 710 662 794 Ruspinam
691 721 853 794 gerantur,
875 710 920 774 M.
944 710 1032 790 Cato,

67 795 128 878 qui
149 793 262 858 Uticae
285 805 441 879 praeerat,
472 794 613 860 delectus
644 795 783 880 quotidie
804 795 1033 877 libertinorum,

9 941 10 970 ,
66 878 232 964 Afrorum,
257 902 422 945 servorum
445 880 581 966 denique
603 888 635 944 et
650 881 888 966 cuiusquemodi
908 881 1034 966 generis

9 1017 10 1028 ,
67 963 245 1046 hominum,
263 968 317 1050 qui
331 967 424 1031 modo
446 987 504 1050 per
519 974 655 1030 aetatem
669 987 759 1030 arma
779 967 862 1032 ferre
876 975 1033 1052 poterant,

69 1049 194 1114 habere
217 1059 310 1134 atque
332 1051 390 1115 sub
413 1073 542 1116 manum
557 1049 698 1134 Scipioni
719 1053 752 1114 in
779 1062 884 1116 castra
906 1051 1035 1116 submit·

70 1144 143 1199 tere
165 1157 230 1199 non
252 1137 438 1200 intermittit.
459 1135 573 1220 Legati
594 1136 722 1199 interim
744 1158 784 1199 ex
806 1137 922 1222 oppido
945 1136 1034 1201 This·

70 1219 142 1302 dra,
179 1221 213 1284 in
249 1244 310 1306 quo
342 1223 438 1285 tritici
463 1221 602 1286 modium
631 1220 718 1284 milia
749 1228 813 1285 CCC
842 1230 1036 1308 comportata

68 1305 200 1368 fuerant
228 1329 247 1370 a
278 1305 525 1390 negotiatoribus
559 1305 673 1369 ltaliois
710 1307 961 1393 oratoribusque,
995 1306 1035 1370 ad

72 1389 248 1454 Caesarem
270 1413 397 1473 venere,
421 1401 601 1478 quantaque
617 1393 709 1540 copia
730 1393 879 1456 frumenti
901 1392 985 1478 apud
1001 1415 1035 1456 se

72 1475 126 1557 sit,
151 1475 273 1559 docent,
298 1476 453 1562 simulque
470 1487 569 1558 orant,
584 1486 619 1544 ut
634 1478 661 1539 si
683 1477 901 1562 ipraesidium
923 1479 1035 1556 mittat,

74 1583 139 1646 quo
162 1560 284 1624 facilius
307 1571 338 1625 et
359 1563 549 1626 frumentum
569 1570 601 1626 et
616 1563 726 1646 copiae
749 1585 825 1626 suae
848 1585 1036 1627 conserven-

72 1655 136 1708 tur.
161 1645 283 1725 Quibus
314 1645 433 1712 ansar
453 1649 487 1710 in
508 1649 690 1731 praesentia
717 1649 833 1733 gratias
861 1649 927 1732 agit
946 1669 1035 1732 prae-

75 1729 255 1816 sidiumque
277 1731 369 1796 brevi
389 1742 530 1816 tempore
552 1753 586 1794 se
601 1734 769 1796 missurum
791 1733 871 1797 dixit
893 1732 1036 1797 cohorta-

75 1826 191 1902 tusque
206 1817 248 1880 ad
262 1839 335 1881 suos
352 1818 437 1882 cives
452 1817 540 1882 iubet
553 1817 720 1902 proficisci.
735 1819 773 1882 P.
788 1818 897 1882 Sittius
912 1819 1036 1882 interim

77 1923 151 1966 cum
178 1923 214 1966 oo
237 1903 276 1964 iis
307 1902 474 1968 Numidiae
506 1903 586 1966 fines
619 1905 781 1988 ingressus
814 1903 978 1968 castellum
1004 1905 1037 1966 in

77 1986 194 2050 montis
215 1925 286 2052 lbeo
309 1990 429 2052 munito
451 1987 599 2070 locatum,
622 1989 656 2054 in
678 1990 763 2073 quod
783 1989 864 2054 Iuba
886 1987 963 2053 belli
984 2009 1037 2072 ge-

77 2072 172 2134 rendi
192 2074 295 2157 gratia
316 2081 348 2136 et
368 2073 560 2136 frumentum
582 2082 614 2138 et
634 2096 686 2138 res
719 2084 851 2156 ceteras,
887 2095 969 2159 quae
997 2071 1038 2136 ad

77 2156 199 2220 bellum
220 2159 292 2222 usui
322 2157 425 2223 solent
457 2179 539 2240 esse,
576 2168 836 2244 comportaverat,
874 2163 908 2223 vi
941 2181 1038 2244 expu-

9 2309 10 2330 ,
79 2242 206 2326 grando
230 2253 278 2306 est
299 2245 425 2329 potitus.

144 2327 195 2392 37.
220 2327 348 2410 Caesar,
382 2338 549 2414 postquam
576 2329 755 2414 legionibus
777 2320 937 2395 veteranis
960 2328 1035 2393 dua·

9 2397 10 2402 ἵ
80 2413 150 2494 bus,
186 2415 326 2499 equitatu
359 2414 485 2500 levique
514 2427 676 2479 armatura
698 2417 806 2501 copias
829 2437 902 2480 suas
925 2437 967 2480 ex
986 2437 1035 2478 se·

9 2517 10 2572 j
82 2499 185 2562 eundo
208 2509 385 2564 commeatu
407 2509 550 2582 auxerat,
583 2523 683 2565 naves
706 2501 766 2588 [vl]
790 2503 953 2566 onerarias
976 2509 1037 2564 sta·

9 2583 10 2662 j
81 2585 139 2647 tim
160 2584 247 2648 iubet
267 2583 456 2670 Lilybaeum
479 2585 521 2650 ad
549 2585 707 2671 reliquum
735 2589 911 2652 exercitum
937 2595 1038 2650 trans·

80 2669 272 2755 portandum
304 2671 480 2756 proficisci,
513 2673 583 2757 ipse
605 2677 643 2734 VI
673 2671 748 2736 Kal.
780 2672 877 2736 Febr.
913 2673 1038 2735 circiter

81 2753 192 2840 vigilia
223 2757 325 2840 prima
356 2757 510 2842 imperat„
537 2756 750 2836 speculatores
779 2759 1039 2856 apparitoresque

9 2909 10 2930 ,
83 2861 190 2904 omnes
212 2851 247 2904 ut
269 2840 329 2905 sibi
350 2850 476 2927 praesto
499 2851 615 2907 essent.
637 2842 748 2928 Itaque
770 2842 916 2907 omnibus
929 2843 1039 2906 inseris

9 2931 10 2948 ³
84 2947 185 3011 neque
208 2928 440 3011 suspicantibus
462 2927 572 3013 vigilia
592 2929 685 2992 tertia
706 2927 794 2992 iubet
816 2950 925 2992 omnes
941 2926 1038 3010 legio·

9 2995 10 3034 ³
83 3033 141 3074 nes
162 3033 203 3075 ex
225 3012 337 3075 eastris
360 3011 452 3079 educi
474 3023 568 3098 atque
591 3035 625 3077 se
648 3015 799 3099 consequi
820 3012 860 3076 ad
890 3011 1040 3098 oppidum

9 3165 10 3178 χ
82 3096 256 3180 Ruspinam
277 3119 401 3178 versus,
424 3100 458 3162 in
480 3121 542 3184 quo
563 3099 634 3183 ipse
655 3099 849 3184 praesidium
864 3098 984 3179 habuit,
1008 3107 1041 3162 et

9 3197 10 3202 ’
86 3181 167 3268 quod
188 3183 323 3266 primum
345 3182 386 3247 ad
408 3185 577 3248 amicitiam
600 3185 667 3248 eius
690 3187 833 3248 accessit.
867 3183 946 3248 Inde
967 3205 1040 3268 par-

9 3277 10 3348 ]
85 3265 189 3332 vulam
211 3267 444 3352 proclivitatem
474 3266 513 3332 de
536 3291 645 3336 reseas
674 3270 802 3334 sinistra
822 3278 913 3354 parte
936 3271 1041 3354 campi

9 3363 10 3428 j
86 3360 214 3438 propter
234 3375 322 3416 mare
344 3353 487 3504 leffiqnes
515 3293 610 3418 ducit.
647 3353 711 3418 Hic
744 3376 874 3438 campus
901 3353 1040 3418 mirabili

9 3453 10 3456 ’
87 3437 214 3524 planitie
235 3446 322 3522 patet
343 3440 408 3502 m''
451 3459 603 3524 passuum
624 3447 693 3521 xl13
730 3461 823 3523 quem
844 3441 955 3524 iugum
977 3441 1041 3503 cin·

87 3545 163 3609 gens
186 3547 205 3588 a
226 3524 307 3588 mari
328 3534 432 3588 ortum
453 3545 557 3612 neque
572 3526 618 3588 ita
631 3524 810 3610 praealtum
824 3522 912 3589 velut
925 3525 1042 3590 theatri
