2534 3970
170 202 211 264 32
427 199 487 262 DE
508 199 652 264 BELLO
676 197 866 264 GALLICO

173 371 345 450 scientiam,
370 391 432 454 qua
452 369 554 432 multa
570 371 639 433 iam·
651 367 1029 519 Ariovisturlonfflngue
1050 391 1123 434 oon.-

171 455 336 519 suetudine
350 454 506 536 utebatur,
529 463 561 517 et
582 455 666 541 quod
686 458 719 520 in
735 477 772 519 eo
786 477 906 541 pccoan
931 455 938 468 '
987 457 1124 525 ermanis

171 563 267 605 causa
287 562 351 605 non
373 549 466 621 esset,
488 539 530 603 ad
551 562 623 604 eum
641 543 764 606 mittere
780 551 811 603 et
824 539 1123 622 Marcum'Metium,

170 628 225 714 qui
249 626 385 710 hospitio
405 624 566 700 Ariovisti
590 626 764 704 utebatur·
789 625 849 688 His
878 625 1048 707 mandarit,
1077 633 1123 707 ut,

170 732 251 797 quae
274 711 393 774 diceret
406 710 598 792 Ariovistus,
621 719 901 796 cognoscerent-et
915 709 957 774 ad
979 731 1014 773 se
1027 709 1124 773 reler-

169 807 249 859 rent.
294 793 382 874 Quos
405 817 500 880 quum
523 795 656 880 apudse
678 799 711 861 in
726 797 835 860 caetris
856 795 1036 861 Ariovistus
1051 813 1125 860 con*-

171 882 337 966 spexisset,
359 881 502 944 exercitu
524 903 580 945 suo
602 892 767 966 praesente
790 879 1027 945 conclamavit21
1048 879 1126 966 quid

171 967 213 1030 ad
235 987 269 1028 se
290 964 460 1028 venirent?
482 989 523 1030 an
545 965 743 1050 speculandi.
752 965 873 1030 cauea?
889 963 1056 1036 ‘Conantes
1078 964 1124 1028 di-

171 1073 244 1115 cere
266 1049 425 1135 prohibuit
445 1061 480 1113 et
500 1053 533 1113 in
555 1062 682 1114 catenas
705 1052 849 1115 coniecit.
946 1075 960 1102 κ

233 1135 285 1199 48.
318 1135 440 1200 Eodem
462 1135 513 1198 die
536 1138 819 1222 castrapromovit
846 1135 1026 1200 etmilibus
1053 1155 1124 1220 pas·

171 1243 262 1284 suum
295 1243 352 1284 sex
381 1243 401 1282 a
430 1219 576 1284 Caesaris
610 1223 719 1284 castris
746 1221 944 1285 submonte
970 1219 1124 1284 consedit.

170 1306 327 1370 Postridie
345 1307 417 1369 eius·
429 1305 492 1368 diei
506 1315 633 1391 praeter
648 1317 753 1371 castra
768 1304 919 1370 Caesaris-
930 1325 1003 1369 suae
1018 1305 1125 1390 copias

170 1391 311 1455 traduxit
333 1390 512 1454 amitibus
534 1411 685 1477 passuum
699 1391 822 1456 duobus
837 1391 921 1455 ultra
936 1400 1127 1455 eum-castra

171 1477 255 1556 fecit,
279 1498 316 1540 eo
339 1475 549 1559 consiliasuti
569 1477 988 1562 frumento-commeauique,
1012 1476 1127 1562 quiex

171 1560 325 1647 Sequanis
349 1569 380 1624 et
401 1561 545 1626 Haeduis
558 1572 815 1649 supportaretur,
839 1560 1010 1626 Caesarem
1030 1562 1126 1624 inter·

171 1645 323 1710 eluderet.
366 1645 419 1709 Ex
440 1669 478 1711 eo
501 1646 552 1710 die
570 1647 643 1711 dies
665 1649 829 1711 continuos
852 1649 990 1748 quinque
1006 1644 1129 1710 Caesar

169 1754 228 1817 pro
251 1733 362 1794 castris
384 1754 457 1795 suas
479 1754 498 1795 o
539 1733 586 1795 ias
608 1732 759 1818 produxit
780 1743 813 1796 et
827 1733 927 1796 aciem
941 1740 1127 1796 instructam

170 1817 296 1898 habuit,
326 1827 375 1898 ut,
406 1820 433 1882 si
461 1839 502 1880 ve
527 1828 559 1882 et
579 1817 758 1882 Ariovistus
780 1817 900 1903 proelio
924 1816 1126 1898 contendere,

172 1905 201 1966 ei
211 1911 351 1988 potestas
369 1925 433 1966 non
445 1901 584 1967 deessetw
601 1902 781 1966 Ariovistus
793 1903 842 1966 hie
854 1901 1000 1967 omnibus
1012 1899 1126 1965 diebus

172 1988 344 2051 exercitum
369 1989 480 2051 castris
503 1989 664 2069 continuit,
688 1989 828 2074 equestri
842 1987 966 2073 proelio
1009 1986 1128 2050 uotidie

171 2072 351 2136 contendit·
387 2071 497 2136 Grenus
517 2073 578 2138 hoc
600 2083 668 2137 erat
683 2095 823 2159 pugnae,
846 2095 908 2159 quo
925 2095 959 2136 se
983 2095 985 2104 ·
1006 2073 1128 2136 ermani

172 2167 407 2223 exercuerant
431 2157 583 2242 Equitum
604 2157 691 2222 milia
713 2168 803 2224 erant
825 2179 891 2241 sex,
917 2157 1048 2222 totidem
1069 2179 1128 2220 nu·

171 2264 259 2306 mero
281 2241 405 2328 pedites
425 2243 618 2307 velocissimi
639 2265 678 2307 ac
696 2244 867 2326 fortissimi,
891 2262 969 2330 quos
986 2240 1128 2306 exomni

172 2328 263 2412 copia
285 2327 401 2411 singuli
422 2327 563 2412 singulos
582 2351 662 2392 suae
684 2329 794 2392 salutis
817 2351 913 2393 causa
927 2328 1126 2412 delegerant:

173 2435 244 2475 eum
270 2411 320 2474 his
349 2413 382 2475 in
409 2413 537 2499 proeliis
564 2413 784 2480 versabantur.
828 2414 881 2477 Ad
906 2435 961 2478 eos
984 2435 1020 2477 se
1040 2412 1127 2496 equi·

172 2511 219 2561 tes
233 2498 443 2582 recipiebant3
466 2499 508 2581 hi,
532 2500 559 2562 si
574 2500 650 2585 quid
665 2509 732 2564 erat
747 2500 865 2582 deuius,
886 2496 1127 2579 concurrebant,

173 2585 200 2645 si
221 2583 276 2668 qui
297 2585 443 2666 graviore
464 2583 598 2648 vulnere
618 2595 750 2670 accepto
773 2607 854 2671 equo
875 2583 1045 2665 deciderat,
1068 2583 1127 2646 cir·.

173 2667 413 2752 cumsistebant3
436 2671 464 2733 si
491 2691 553 2756 quo
580 2681 647 2733 erat
675 2668 799 2754 longius
825 2668 1045 2757 prodeundum
1074 2675 1129 2731 aut

173 2752 305 2816 celerius
326 2755 552 2839 recipiendum,
575 2764 662 2818 tanta
684 2767 752 2818 erat
769 2755 882 2820 horum
902 2755 1128 2818 exercitatione

172 2837 328 2920 celeritas,
351 2850 386 2902 ut
406 2839 489 2903 iubis
512 2860 665 2926 equorum
683 2839 862 2930 sublevati.
881 2861 1008 2905 cursum
1035 2839 1127 2902 adae

173 2934 314 3010 quarent

235 3007 287 3072 49.
320 3009 385 3073 Ubi
408 3032 480 3073 eum
496 3011 614 3074 castris
634 3031 671 3075 se
693 3021 801 3074 tenere
820 3008 939 3075 Caesar
960 3008 1127 3092 intellexit,

172 3115 213 3157 ne
236 3093 352 3158 diutius
368 3109 552 3160 *commeatu
572 3095 802 3180 prohiberetur,
825 3095 910 3159 ultra
925 3118 998 3160 eum
1013 3093 1126 3176 locum,

174 3202 236 3266 quo
263 3181 296 3242 in
324 3179 394 3244 loco
427 3179 579 3244 Germani
606 3181 829 3264 consederant,
851 3182 990 3244 'circiter
1015 3197 1129 3265 passus

175 3276 340 3330 sexcentos
349 3265 390 3328 ab
399 3265 458 3347 his,
471 3265 744 3339 cestrisidoneum
752 3266 857 3330 locum
868 3265 986 3350 delegit
997 3266 1129 3350 acieque

139 3396 143 3404 .
173 3349 288 3436 triplici
315 3351 469 3414 instructa
490 3350 532 3414 ad
561 3372 633 3414 eum
659 3351 762 3416 locum
790 3352 890 3416 venit*
929 3351 1069 3414 Prunam
1098 3358 1131 3414 et

173 3436 350 3500 secundam·
367 3437 467 3500 aciem
482 3437 523 3499 :in
545 3437 641 3499 armis
665 3457 761 3518 esse,
780 3438 907 3500 tertiam
933 3446 1037 3500 castra
1062 3457 1129 3498 mu-
