2534 3970
183 163 225 230 82
441 163 500 226 Du
521 163 665 228 BELLO
688 163 879 229 GALLICO

183 335 264 400 ditos
292 334 530 416 adoriebantur,
563 333 671 419 plures
700 357 817 418 paucos
853 335 1138 416 circumsistebant,

183 419 238 484 alii
265 419 306 483 ab
333 419 431 484 latere
453 428 561 504 aperto
583 420 617 482 in
637 420 802 483 universos
828 419 893 488 tela
918 419 1137 484 coniiciebant.
1187 466 1191 471 -

184 503 279 584 Quod
300 527 397 591 quum
419 503 693 568 animadvertisset
716 503 844 587 Caesar,
867 505 1000 588 scaphas
1028 504 1139 590 longa-

182 613 252 654 rum
267 590 405 672 navium,
427 590 503 652 item
518 588 727 674 speculatoria
744 591 872 674 navigia
886 589 1037 655 militibus
1053 612 1139 654 com·

182 673 264 762 pleri
285 675 376 738 iussit
397 683 449 824 eq)
461 695 539 760 quos
559 673 739 740 laborantes
759 683 977 760 conspexerat,
1000 674 1049 738 his
1065 675 1138 740 sub-

184 760 265 825 sidia
279 759 428 824 submitte
451 769 492 824 at.
522 759 637 841 Nostri,
659 758 752 822 simul
766 762 799 823 in
815 760 903 826 arido
919 761 1137 842 constiterunt,

183 847 248 910 suis
271 845 415 911 omnibus
438 846 614 908 consecutis
636 845 669 907 in
690 844 796 909 hostes
822 845 974 930 impeturn
994 843 1139 924 fecerunt

182 939 277 1016 atque
300 953 354 995 eos
375 931 408 994 in
429 930 537 1015 fugam
552 929 705 994 dedenmt
726 951 829 1015 neque
849 930 972 1014 longius
987 933 1138 1016 prosequi

182 1024 358 1102 potuerunt,
383 1014 467 1101 quod
489 1016 609 1102 equites
625 1036 751 1078 cursum
770 1024 879 1080 tenere
893 1025 986 1099 atque
1000 1015 1138 1078 insulam

182 1122 296 1186 capere
317 1123 382 1164 non
404 1107 578 1185 potuerant
610 1098 683 1164 Hoc
704 1122 801 1164 unum
823 1099 865 1163 ad
885 1099 1049 1185 pristinam
1075 1100 1137 1164 for-

181 1195 291 1250 tunam
312 1184 444 1250 Caesari
463 1184 570 1248 defuit.

245 1269 296 1334 27.
338 1269 453 1340 Hostes
482 1269 604 1355 proelio
632 1271 781 1355 superati,
808 1269 900 1334 simul
923 1280 1016 1356 atque
1039 1293 1072 1333 se
1096 1293 1138 1334 ex

181 1355 257 1456 fuga
277 1363 474 1440 receperunt,
498 1355 603 1418 statim
624 1354 666 1418 ad
682 1353 852 1420 Caesarem
866 1354 986 1442 legatos
1002 1355 1042 1418 de
1056 1377 1137 1440 pace

181 1450 349 1524 miserunt,
365 1439 490 1506 obsides
503 1439 630 1504 daturos
644 1462 786 1526 quaeque
797 1441 841 1503 im
863 1450 982 1506 orasset
997 1441 1138 1504 facturos

182 1548 252 1591 esse
280 1525 413 1612 polliciti
439 1534 522 1592 sunt.
563 1525 637 1589 Una
662 1548 733 1590 cum
763 1525 811 1588 his
839 1463 953 1610 legatis
975 1523 1137 1590 Commius

180 1610 318 1694 Atrebas
339 1611 440 1693 venit,
469 1632 563 1696 quem
585 1633 680 1696 supra
702 1609 991 1682 demonstraveram
1013 1633 1032 1674 a
1057 1608 1136 1676 Cae·

182 1718 252 1761 sare
278 1697 313 1760 in
345 1695 542 1760 Britanniam
568 1696 786 1781 praemissum.
831 1693 924 1758 Hunc
946 1694 994 1758 illi
1021 1717 1039 1758 e
1060 1697 1137 1758 navi

182 1804 353 1868 egressum,
377 1803 473 1867 quum
493 1780 534 1844 ad
556 1803 610 1846 eos
633 1782 765 1845 oratoris
779 1780 872 1845 modo
888 1778 1034 1844 Caesaris
1048 1803 1137 1844 man·

181 1866 256 1930 data
287 1867 439 1948 deferret,
474 1865 777 1951 comprehenderant
813 1874 908 1952 atque
945 1868 980 1929 in
1010 1864 1138 1930 vincula

181 1953 399 2017 coniecerant:
427 1963 494 2014 tum
516 1950 635 2036 proelio
658 1951 740 2016 facto
762 1953 950 2014 remiserunt
972 1952 1057 2014 etin
1081 1973 1136 2036 pe·

180 2036 277 2103 tenda
303 2059 382 2123 pace
412 2038 479 2100 eius
501 2037 548 2100 rei
575 2036 699 2122 culpam
721 2038 754 2101 in
781 2035 1011 2100 multitudinem
1032 2037 1137 2100 conie-

182 2131 293 2196 cerunt
314 2131 345 2186 et
383 2131 489 2206 ropter
505 2121 747 2207 imprudentiam
761 2131 796 2184 ut
810 2123 1034 2206 ignosceretur,
1056 2123 1136 2206 peti·

180 2217 302 2272 verunt.
338 2145 456 2271 dieser
478 2215 616 2291 questus,
640 2206 733 2292 quod,
758 2229 854 2292 quum
876 2205 957 2270 ultro
983 2206 1016 2268 in
1039 2210 1136 2270 conti·

179 2301 314 2375 nentem³
328 2291 440 2378 legatis
463 2292 566 2354 missis
588 2314 700 2377 pacem
722 2291 763 2355 ab
782 2314 816 2355 se
831 2293 992 2377 petissent,
1016 2290 1135 2355 bellurn

180 2379 247 2441 sine
271 2399 367 2441 causa
387 2375 582 2458 intulissent,
613 2379 777 2462 ignoscere
800 2376 1030 2462 imprudentiae
1055 2375 1137 2440 dixit

181 2462 372 2548 obsidesque
387 2463 567 2547 imperavit3
590 2485 723 2547 quorum
734 2461 779 2526 illi
790 2471 913 2547 partem
925 2462 1028 2524 statim
1041 2460 1136 2525 dede-

179 2557 266 2631 runt,
300 2556 424 2632 partem
456 2569 497 2611 ex
530 2545 800 2633 longinquioribus
838 2545 915 2611 locis
952 2547 1134 2610 arcessitam

180 2635 289 2720 paucis
320 2631 431 2696 diebus
462 2653 532 2696 sese
562 2631 690 2696 daturos
720 2632 877 2696 dixerunt.
910 2630 1035 2695 Interea
1061 2653 1135 2696 suos

178 2720 352 2804 remigrare
381 2719 414 2780 in
443 2739 536 2801 agros
565 2717 731 2800 iusserunt,
754 2719 975 2804 principesque
995 2716 1135 2802 undique

180 2803 348 2869 convenire
366 2811 396 2866 et
411 2825 445 2867 se
457 2803 665 2888 civitatesque
680 2825 753 2866 suas
770 2801 900 2867 Caesari
915 2801 1135 2865 commendare

178 2898 359 2976 coeperunt

242 2973 293 3038 28.
315 2973 374 3036 His
390 2970 486 3036 rebus
501 2995 579 3058 pace
595 2973 778 3037 confirmata
792 2982 863 3058 post
878 2971 961 3035 diem
978 2981 1134 3058 quartum,

178 3081 273 3146 quam
295 3067 344 3122 est
371 3058 403 3122 in
431 3057 629 3122 Britanniam
655 3068 798 3140 ventum,
833 3079 931 3124 naves
964 3064 1065 3129 XVIII,
1094 3057 1135 3122 de

178 3144 292 3230 quibus
315 3166 411 3229 supra
433 3143 679 3207 demonstratum
706 3153 762 3225 est,
786 3165 866 3228 quae
889 3143 1010 3227 equites
1033 3152 1135 3206 sustu·

178 3228 290 3312 lerant,
313 3251 355 3294 ex
377 3229 536 3315 superiore
551 3238 643 3314 portu
663 3228 728 3294 leni
741 3237 836 3294 vento
852 3227 1021 3293 solverunt.
1044 3225 1135 3304 Quae

177 3337 274 3401 quum
296 3317 581 3400 appropinquarent
601 3312 786 3378 Britanniae
809 3324 840 3380 et
862 3335 903 3376 ex
925 3313 1135 3377 castrisvide-

177 3409 296 3484 rentur,
320 3408 407 3463 tanta
427 3408 596 3486 tempestas
626 3397 729 3463 subito
757 3407 864 3464 coorta
890 3406 954 3479 est,
983 3407 1018 3461 ut
1047 3396 1135 3461 nulla
