2490 3974
480 233 623 299 CAPUT
646 233 782 298 54-57.
1051 229 1114 296 215

149 419 255 474 torem
284 429 380 508 quam
417 405 548 491 pudoris
579 404 814 489 modestiaeque
850 403 970 468 fueritis
999 402 1115 467 studio·

152 494 264 574 siores,
287 493 433 576 indignos
450 513 507 554 vos
522 512 592 553 esse
607 489 754 569 arbitror,
770 490 824 573 qui
838 489 871 551 in
886 511 957 553 meo
972 489 1114 553 exercitu

152 578 282 642 ordines
315 577 436 641 ducatis
468 577 644 661 missosque
676 574 759 637 facio
792 585 824 637 et
856 585 1007 659 quantum
1039 583 1113 658 pote.

152 663 268 727 abesse
284 685 325 726 ex
340 662 447 726 Africa
457 660 561 725 iubeo.
577 660 688 760 Itaque
704 658 800 722 tradit
811 681 865 723 eos
877 659 1113 723 centurionibus

153 757 186 812 et
209 749 341 834 singulis
370 770 434 811 non
461 745 595 831 amplius
625 743 765 829 singulos
794 744 917 808 additos
947 763 1058 808 servos
1080 745 1113 807 in

153 855 271 896 navem
292 833 500 918 imponendos
524 832 693 916 separatim
717 831 847 894 curavit.

218 918 269 982 55.
293 917 422 983 Gaetuli
449 918 575 982 interim
604 915 766 1002 perfugae,
795 937 874 1002 quos
904 939 976 981 cum
1001 914 1114 980 litteris

153 1003 374 1089 mandatisque
397 1025 416 1066 a
439 1001 577 1067 Caesare
606 1003 720 1066 missos
752 1023 850 1086 supra
877 1001 1049 1082 docuimus,
1073 1001 1114 1064 ad

153 1111 228 1152 suos
262 1091 348 1153 cives
385 1091 582 1173 perveniunt.
621 1086 762 1166 Quorum
800 1089 985 1151 auctoritate
1020 1084 1114 1149 facile

153 1173 282 1237 adducti
311 1173 522 1259 Caesarisque
550 1173 678 1236 nomine
706 1173 851 1256 persuasi
880 1195 899 1236 a
927 1193 1004 1258 rege
1033 1170 1114 1235 Iuba

154 1258 337 1323 desciscunt
359 1258 565 1343 celeriterque
594 1258 699 1320 cuncti
728 1279 815 1320 arma
842 1259 969 1344 capiunt
991 1266 1113 1320 contra-

155 1365 217 1428 que
238 1366 348 1429 regem
365 1345 470 1408 facere
491 1364 557 1406 non
579 1341 730 1406 dubitant
752 1340 875 1421 Quibus
891 1343 986 1406 rebus
1009 1341 1114 1427 cogni-

154 1429 195 1490 tis
217 1428 298 1492 Iuba
312 1428 467 1492 distentus
483 1427 599 1513 triplici
612 1426 698 1491 bello
713 1429 964 1513 necessitateque
987 1437 1114 1491 coaetus

155 1513 195 1576 de
218 1515 282 1577 suis
305 1516 413 1599 copiis,
436 1536 515 1600 quas
538 1523 648 1577 contra
668 1511 838 1577 Caesarem
854 1513 1038 1594 adduxerat,
1055 1533 1112 1575 sex

155 1597 301 1662 cohortes
322 1600 356 1662 in
377 1601 457 1664 fines
479 1599 570 1684 regni
592 1600 641 1662 sui
662 1599 764 1680 mittit,
789 1621 870 1684 quae
893 1611 1000 1662 esseut
1020 1619 1112 1683 prae-

157 1682 237 1747 sidio
260 1694 370 1748 contra
392 1684 554 1748 Gaetulos.

218 1769 269 1832 56.
294 1768 414 1834 Caesar
435 1768 573 1834 brachiis
595 1767 742 1852 perlectis
771 1771 984 1855 promotisque
1011 1791 1114 1853 usque

156 1876 204 1931 eu,
233 1877 295 1939 quo
324 1855 423 1919 telum
452 1877 494 1918 ex
522 1854 638 1939 oppido
668 1854 762 1919 adiici
788 1877 852 1918 nou
873 1867 988 1940 posset,
1012 1863 1116 1920 castra

156 1941 267 2020 munit,
290 1939 425 2004 ballistis
448 1939 732 2026 scorpionibusque
749 1939 870 2004 crebris
886 1953 958 2004 ante
979 1940 1115 2006 frontem

157 2033 332 2088 castrorum
354 2036 465 2090 contra
487 2025 637 2110 oppidum
658 2024 820 2089 collocatis
836 2025 1019 2090 defensores
1033 2027 1117 2088 muri

157 2108 319 2174 deterrere
341 2134 405 2190 non
426 2111 604 2174 intermittit
625 2131 726 2196 eoque
749 2113 825 2198 quin
848 2133 888 2175 ue
911 2112 1053 2195 legiones
1076 2132 1117 2175 ex

157 2193 372 2280 superioribus
405 2197 516 2260 castris
553 2194 688 2259 deducit.
723 2195 796 2274 Qua
827 2133 976 2261 laudate
1009 2195 1117 2260 oblata

155 2278 343 2345 illustriores
369 2283 586 2366 notissimique
616 2292 820 2366 conspectum
846 2284 1018 2346 amicorum
1045 2303 1116 2366 pro·

156 2366 410 2511 pinquorumque
433 2364 650 2451 efflagitabant
678 2377 772 2454 atquo
793 2369 877 2432 inter
900 2390 934 2430 se
956 2366 1116 2453 colloque·

180 2463 281 2516 antur.
310 2452 474 2531 Quaeres
504 2452 579 2538 quid
605 2450 749 2516 utilitatis
776 2452 917 2536 haberet,
942 2451 1116 2518 Gaesarem

156 2557 219 2597 non
255 2534 395 2602 fallebat.
431 2537 576 2627 Namque
613 2537 743 2601 Gaetuli
779 2561 820 2602 ex
856 2539 996 2624 equitatu
1028 2539 1117 2622 regio

157 2618 329 2686 nobiliores
353 2623 555 2708 equitumque
577 2622 738 2707 praefecti,
763 2646 895 2710 quorum
916 2633 1024 2710 patres
1046 2644 1118 2686 eum

155 2704 257 2770 Mario
281 2717 353 2770 ante
382 2719 563 2772 meruerant
591 2711 721 2809 eiusque
748 2709 903 2774 beneficio
934 2711 1019 2793 agris
1047 2709 1116 2772 fini-

157 2788 280 2876 busque
303 2792 410 2857 donati
432 2804 505 2878 post
527 2793 635 2858 Sullae
649 2797 816 2859 victoriam
839 2794 898 2859 sub
920 2793 1117 2879 Hiempsalis

156 2877 242 2960 regis
270 2889 361 2942 erant
386 2879 452 2942 dati
480 2888 676 2965 potestatem,
708 2883 874 2946 occasione
903 2889 997 2964 capta
1023 2887 1116 2942 noete

157 2962 219 3023 iam
242 2961 412 3028 luminibus
435 2966 577 3030 accensis
599 2987 672 3032 eum
694 2989 712 3031 e
734 2968 784 3030 uis
806 2964 1033 3050 calonibusque
1050 2964 1115 3028 suis

158 3045 281 3110 circiter
313 3048 400 3114 mille
432 3051 614 3135 perfugiunt
645 3053 680 3116 in
713 2990 859 3116 damaris
889 3063 1003 3132 castra,
1035 3070 1117 3136 quae
1220 3045 1221 3052 '

157 3142 247 3195 erant
267 3135 301 3196 in
323 3156 435 3220 campo
456 3139 601 3220 proxime
625 3137 750 3219 [locum]
770 3138 897 3202 Uzittae
919 3136 1031 3200 locata.

218 3218 270 3281 57.
294 3219 386 3300 Quod
410 3232 579 3307 postquam
600 3222 708 3307 Scipio
730 3225 845 3311 quique
872 3245 945 3286 cum
967 3244 1004 3286 eo
1027 3231 1118 3285 erant

156 3315 382 3389 cognoverunt,
420 3331 516 3392 quum
561 3309 708 3374 commoti
750 3331 791 3372 ex
826 3306 883 3371 tali
918 3307 1116 3371 incommodo

156 3398 271 3470 essent,
304 3391 372 3454 fere
405 3414 462 3477 per
494 3395 527 3458 id
559 3402 683 3484 tempus
711 3393 754 3456 M.
784 3395 946 3480 Aquinum
976 3415 1046 3464 cum
1078 3391 1116 3455 O.

158 3472 297 3538 Saserna
313 3475 543 3563 colloquentem
559 3479 715 3546 viderunt.
732 3478 839 3564 Scipio
854 3480 947 3558 mittit
963 3479 1005 3542 ad
1019 3479 1117 3562 Aqui-
