2532 3968
173 201 232 265 188
428 207 488 270 Du
510 207 655 274 BELLO
678 209 870 274 GALLIOO

170 367 292 441 partem
312 363 410 445 sequi,
433 371 555 446 partem
570 364 735 427 circumire
751 363 923 427 exteriores
938 362 1129 426 munitiones

170 451 201 506 et
215 442 255 506 ab
271 454 360 533 tergo
375 445 482 510 hostes
498 447 615 512 adoriri
632 448 729 512 iubet.
766 447 938 529 Labienus,
960 455 1130 532 postquam

169 550 272 614 neque
294 552 427 616 aggeres
456 554 561 618 neque
589 533 694 596 fossae
722 534 786 597 mm
814 533 950 597 hostium
973 533 1129 597 sustinere

168 623 322 698 poterant,
346 618 463 679 coactis
486 639 549 680 una
576 625 622 679 XL
645 617 835 699 cohortibus,
859 639 937 704 quas
959 639 1001 681 ex
1022 619 1128 702 proxi·

169 703 228 766 mis
257 700 424 786 praesidiis
452 701 602 766 deductas
630 704 695 767 fors
723 702 844 785 obtulit,
875 701 1046 767 Caesarem
1071 725 1129 788 per

168 788 295 851 nuntios
324 786 398 850 facit
427 789 610 870 certiorem,
644 788 720 873 quid
748 787 926 852 faciendum
959 789 1127 852 existimet.

168 871 335 936 Accelerat
357 869 485 954 Caesar,
509 882 543 937 ut
564 872 684 958 proelio
706 875 838 938 intersit.

230 957 282 1024 88.
305 957 382 1020 Eius
405 956 544 1022 adventu
566 980 607 1022 ex
629 958 733 1023 colore
750 960 882 1022 vestitus
906 959 1042 1044 cognito,
1066 980 1127 1045 quo

167 1043 284 1128 insigni
304 1041 488 1128 in'proeliis
515 1044 561 1107 uti
591 1052 766 1127 consuerat,
789 1045 965 1128 turmisque
988 1044 1128 1129 equitum
1185 1045 1198 1070 ‘

167 1138 199 1192 ct
227 1127 407 1192 cohortibus
436 1128 528 1210 visis,
556 1151 635 1215 quas
666 1151 700 1193 se
730 1131 819 1215 sequi
845 1131 999 1211 iusserat,
1029 1137 1065 1192 ut
1087 1127 1128 1192 de

166 1213 243 1278 locis
266 1213 479 1299 superioribus
502 1213 581 1279 haec
602 1213 739 1278 declivia
758 1224 790 1278 ct
811 1213 934 1280 devexa
956 1212 1127 1278 cerneban-

166 1311 225 1380 tur,
248 1297 355 1364 hostes
379 1298 535 1384 proelium
554 1301 764 1364 committunt
800 1300 967 1386 Utrimque
989 1298 1128 1364 clamore

167 1382 290 1449 sublato
314 1385 431 1469 exeipit
452 1407 562 1448 rursus
586 1407 627 1448 ex
648 1384 734 1449 vallo
758 1394 851 1470 atquo
867 1384 1011 1450 omnibus
1026 1386 1128 1450 muni-

165 1469 303 1534 tionibus
332 1469 461 1533 clamor.
515 1469 623 1534 Nostri
656 1471 780 1535 omissis
816 1469 888 1556 pilis
916 1469 1030 1556 gladiis
1059 1491 1128 1534 rem

165 1564 289 1640 gerunt
339 1555 481 1640 Repente
514 1565 586 1640 post
620 1565 745 1640 tergum
781 1557 937 1643 equitatus
972 1556 1127 1638 cernitur3

166 1639 311 1706 cohortes
333 1639 414 1705 aliae
436 1642 700 1740 appropinquant.
733 1640 851 1706 Hostes
873 1650 964 1727 terga
984 1650 1126 1724 vertunt,

164 1725 358 1813 firgientibus
391 1735 512 1811 equrtes
546 1737 722 1792 occurrunt.
771 1726 825 1790 Fit
857 1749 974 1812 magna
1002 1725 1126 1792 caedes.

165 1809 330 1893 Sedulius,
372 1811 438 1876 dux
466 1821 498 1876 et
529 1813 678 1898 princeps
706 1811 927 1894 Lemovicum,
958 1811 1127 1895 occiditur;

166 1895 479 1961 Vercassivellaunus
508 1896 672 1962 Arvernus
700 1899 793 1962 vivus
822 1899 855 1961 in
884 1897 959 1983 fuga
985 1920 1126 1984 compre-

164 1981 327 2065 henditur;
360 1983 451 2068 signs
481 1979 634 2046 ⁴militaria
668 1985 867 2069 septuaginta
904 1993 1050 2070 quattuor
1084 1984 1127 2048 ad

165 2065 335 2132 Caesarem
356 2067 550 2132 referuntur:
572 2069 668 2154 pauci
689 2091 731 2133 ex
744 2078 830 2133 tanto
845 2092 977 2134 numero
992 2091 1027 2134 se
1041 2070 1126 2133 inco·

162 2151 264 2217 lumes
293 2154 327 2216 in
361 2163 466 2217 castra
497 2154 663 2239 recipitmt.
715 2153 898 2240 Conspicati
933 2176 975 2218 ex
1009 2153 1124 2238 oppido

164 2239 293 2302 caedem
316 2247 347 2302 et
368 2238 475 2324 tagam
506 2259 634 2303 suorum
663 2237 832 2324 desperata
853 2240 953 2303 salute
975 2240 1083 2324 copias
1105 2260 1125 2300 a

164 2323 390 2388 munitionibus
412 2323 575 2388 reducunt.
618 2324 672 2388 Fit
721 2325 842 2389 rotinus
868 2324 929 2388 bac
955 2346 990 2388 re
1016 2323 1125 2387 audita

164 2430 204 2472 ex
226 2410 337 2473 castris
361 2408 526 2474 Gallorum
554 2411 637 2494 fuga
683 2348 777 2488 dinoci
797 2411 859 2472 uisi
881 2407 999 2474 crebris
1014 2406 1123 2484 ,subsi-

163 2493 223 2558 diis
245 2515 284 2558 ac
298 2495 393 2559 totius
410 2493 473 2558 diei
487 2493 596 2560 labore
611 2493 726 2558 milites
745 2504 852 2558 essent
866 2493 991 2576 defessi,
1014 2515 1123 2558 omnes

164 2580 301 2644 hostium
323 2581 432 2665 copiae
454 2579 554 2644 deleri
582 2581 767 2665 potuissent.
811 2578 863 2643 De
891 2579 996 2644 media
1027 2593 1123 2644 noeto

162 2665 277 2728 missus
310 2667 468 2751 equitatus
507 2666 715 2729 novissimum
752 2685 867 2748 agmen
904 2666 1122 2752 consequitur:

161 2771 296 2836 maguus
322 2771 473 2814 numerus
500 2752 623 2834 capitur
650 2763 744 2836 atque
778 2750 980 2833 interficitur3
1010 2749 1125 2838 reliqui

163 2857 204 2900 ox
226 2835 302 2920 suga
322 2837 356 2899 in
379 2836 522 2900 civitates
545 2835 719 2900 discedunt.
775 2851 777 2856 ’

226 2920 277 2984 89.
300 2921 432 2986 Postero
455 2920 506 2984 die
527 2919 772 3007 Vercingetorix
793 2921 926 2987 concilio
949 2932 1121 2988 convocato

161 3004 196 3070 id
226 3005 347 3071 bellum
374 3029 409 3070 se
437 3007 614 3092 suscepisse
641 3028 705 3071 non
735 3028 862 3072 suarum
887 3009 1122 3090 necessitatum,

163 3091 220 3155 sed
249 3093 424 3156 communis
451 3090 606 3157 libertatis
636 3113 733 3156 causa
760 3091 963 3176 demonstrat,
993 3103 1026 3158 et
1047 3116 1122 3181 quo-

161 3177 247 3240 niam
270 3179 311 3240 sit
333 3178 477 3243 fortunae
506 3176 696 3260 cedendum,
731 3177 773 3241 ad
799 3188 965 3266 utramque
992 3201 1061 3243 rem
1089 3201 1123 3242 se

161 3259 225 3325 illis
248 3262 372 3343 offerre,
397 3283 453 3326 seu
475 3273 577 3327 morte
607 3285 665 3327 sus
685 3263 837 3327 Romanis
860 3264 1044 3330 satisfacere
1066 3285 1123 3328 seu

160 3347 269 3410 vivum
301 3347 428 3410 tradere
457 3347 566 3412 velint
616 3348 781 3414 Miturutm
810 3348 850 3412 de
882 3348 931 3413 bis
958 3349 1054 3414 rebus
1082 3348 1124 3412 ad

162 3428 334 3495 Caesarem
355 3431 462 3518 legati.
505 3432 599 3498 Iubet
628 3455 718 3498 arma
746 3433 842 3518 tradi,
871 3435 1031 3522 principes
1051 3455 1124 3522 pro·
