2490 3974
2 503 7 543 l

2 589 6 629 t

2 675 6 716 t

2 763 6 803 t

2 831 5 888 l

2 936 5 973 r

3 1021 5 1060 l

427 274 570 340 CAPUT
593 275 719 340 θεῖ-,66
986 277 1042 342 ill

85 447 326 512 occurrentibus
349 449 429 512 ostio
452 446 591 511 fluminis
614 448 648 510 in
669 449 747 532 ipsis
769 446 925 530 faucibus,
949 470 1046 533 quum

84 555 188 620 neque
216 533 346 598 flectcre
376 536 484 618 navim
516 543 647 619 propter
674 535 740 597 vim
769 533 909 598 fluminis
940 557 1045 621 neque

85 619 238 684 directam
273 621 369 682 tantis
410 618 558 683 fluctibus
596 628 704 684 tenere
740 629 856 708 posset,
902 619 1048 685 demersa

83 727 166 770 nave
188 707 290 790 periit.

149 791 198 854 65.
224 790 330 870 Quum
352 791 386 853 in
409 788 535 876 Syriam
558 788 679 853 Caesar
709 813 750 853 ex
772 791 919 876 Aegypto
941 792 1046 855 venis-

84 886 133 940 set
155 886 250 961 atquc
273 876 313 940 ab
336 877 386 957 iis,
421 877 474 962 qui
505 875 607 938 Rome
639 887 794 940 venerant
827 875 971 959 adeum,
996 899 1046 941 co-

83 971 252 1046 gnosceret
274 961 453 1046 litterisque
484 960 616 1024 urbanis
650 961 917 1026 animadverteret
948 962 1048 1026 mults

2 1110 4 1129 ,
82 1049 202 1112 Romae
224 1047 307 1110 male
330 1057 361 1110 et
382 1047 537 1111 inutiliter
570 1045 782 1110 administrari
814 1069 919 1133 neque
947 1047 1046 1112 ullam

3 1197 4 1218 ,
81 1144 206 1218 partem
227 1132 423 1218 reipublicae
446 1133 523 1197 satis
547 1132 710 1196 commode
725 1133 803 1215 geri,
828 1133 913 1218 quod
927 1143 959 1198 et
974 1155 1046 1198 con-

2 1226 4 1294 ]
84 1219 280 1284 tentionibus
303 1219 480 1282 tribuniciis
502 1218 700 1303 perniciosae
723 1217 896 1282 seditiones
919 1241 1046 1284 oreren-

3 1299 4 1372 Ϊ
80 1315 142 1388 tur,
166 1315 197 1368 et
218 1303 390 1368 ambitione
414 1314 508 1390 atque
529 1302 728 1386 indulgentia
748 1302 946 1368 tribunorum
965 1303 1047 1368 mili·

3 1379 4 1436 l
81 1401 149 1454 tum
172 1399 204 1454 et
225 1391 280 1475 qui
302 1390 481 1476 legionibus
503 1396 672 1474 praeerant
686 1388 786 1452 multa
800 1399 911 1454 contra
925 1411 1046 1454 morem

3 1553 4 1562 χ
82 1477 404 1562 consuetudinemque
427 1475 595 1539 militarem
616 1473 738 1556 fierent,
766 1497 847 1559 quae
869 1475 1045 1562 dissoluen-

82 1561 142 1626 dae
164 1561 352 1646 disciplinae
375 1561 618 1644 severitatisque
652 1571 768 1642 essent,
801 1583 903 1647 saque
936 1561 1044 1626 onmia

80 1646 226 1734 flagitare
248 1647 419 1710 adventum
442 1669 533 1710 suum
555 1645 688 1729 videret,
722 1655 830 1710 tamen
861 1646 1043 1732 praeferen-

3 1801 4 1810 χ
81 1733 157 1796 dum
179 1734 382 1815 existimavit,
405 1755 483 1819 quas
506 1733 539 1794 in
561 1732 742 1816 provincias
764 1735 976 1819 regionesque
990 1753 1046 1797 ve·

80 1819 189 1902 nisset,
218 1828 277 1883 eas
299 1819 345 1881 ita
365 1819 546 1905 relinquere
569 1818 764 1900 constitutas,
799 1829 834 1882 ut
862 1817 1045 1884 domesticis

3 1897 4 1908 ¹
81 1904 334 1970 dissensionibus
356 1904 576 1985 liberarentur,
599 1904 670 1966 iura
685 1903 836 1990 legesque
851 1905 1043 1992 acciperent,

81 2000 285 2055 externorum
317 1989 455 2054 hostium
487 2000 607 2052 metum
638 1988 843 2077 deponerent.
887 1991 978 2056 Haec
1010 1990 1045 2054 in

80 2077 184 2162 Syria,
209 2076 332 2158 Cilicia,
366 2076 446 2139 Asia
467 2075 614 2142 celeriter
636 2096 670 2140 se
694 2077 912 2141 confecturum
934 2097 1041 2161 spera·

80 2161 145 2246 bat,
180 2163 265 2311 quod
286 2163 347 2226 hae
369 2163 553 2245 provinciae
574 2159 662 2226 nullo
684 2161 770 2228 bello
799 2161 1042 2248 premebantur;

74 2249 113 2312 in
135 2247 188 2310 Bit
210 2250 286 2333 ynia
308 2269 346 2312 ac
368 2249 470 2313 Ponto
492 2247 564 2332 plus
587 2249 692 2312 oneris
725 2249 857 2314 videbat
890 2247 953 2311 sibi
984 2247 1042 2309 im-

78 2334 228 2418 pendere.
270 2333 341 2399 Non
374 2335 553 2397 excessisse
586 2335 672 2397 enim
704 2334 806 2398 Ponto
841 2335 1041 2398 Pharnacem

3 2423 4 2434 ¹
79 2418 229 2483 audiebat
250 2441 355 2506 neque
378 2441 584 2483 excessurum
605 2420 745 2504 putabat,
781 2443 878 2506 quum
901 2418 1040 2500 secundo

3 2517 4 2524 ’
77 2503 200 2590 proelio
222 2506 428 2570 vehementer
449 2514 534 2570 esset
564 2505 702 2590 inflatus,
737 2506 823 2590 quod
844 2514 955 2571 contra
977 2503 1040 2567 Do·

77 2591 203 2655 mitium
226 2589 393 2656 Calvinum
415 2590 544 2655 fecerat.
569 2589 790 2657 Commoratus
811 2590 926 2658 sercin
942 2590 1040 2653 omni·

3 2675 4 2682 '
77 2674 138 2739 bus
162 2677 353 2759 civitatibus,
377 2699 457 2762 quae
479 2678 600 2742 maiore
624 2688 695 2741 sunt
711 2678 875 2766 dignitate,
897 2675 1042 2763 praemia

77 2760 160 2825 bene
183 2764 302 2826 meritis
325 2773 357 2827 et
377 2763 497 2827 viritim
520 2773 551 2826 et
572 2763 699 2849 publice
714 2765 836 2846 tribuit,
860 2763 900 2828 de
916 2770 1038 2826 contro·

76 2847 190 2910 versiis
213 2849 373 2912 veteribus
397 2850 560 2932 cognoscit
583 2873 621 2916 ac
643 2852 766 2934 statuit3
798 2871 903 2934 reges,
929 2856 1035 2932 tyran·

75 2953 145 3014 nos,
179 2933 328 3018 dynastas
360 2935 546 3021 provinciae
578 2936 738 3019 finitimos,
776 2936 831 3023 qui
864 2954 973 2997 omnes
997 2931 1038 2994 ad

77 3040 150 3082 eum
182 3031 416 3104 concurrerant,
448 3031 594 3106 receptos
616 3023 650 3085 in
678 3022 774 3086 fidem
803 3017 1037 3086 conditionibus

75 3105 233 3188 impositis
255 3107 440 3191 provinciae
461 3107 598 3172 tuendae
621 3131 657 3172 ac
673 3107 893 3173 defendendae
909 3105 1040 3169 dimittit

77 3198 109 3255 et
132 3190 193 3254 sibi
216 3199 248 3255 et
269 3193 386 3277 populo
408 3192 551 3259 Romano
573 3194 792 3259 amicissimos.

141 3276 192 3342 66.
215 3278 330 3342 Paucis
364 3278 476 3343 diebus
508 3280 542 3342 in
575 3301 615 3344 ea
645 3281 812 3366 provincia
843 3277 1038 3362 consumptis

76 3359 210 3428 Sextum
240 3364 421 3447 Gaesarem,
454 3367 591 3430 amicum
624 3377 655 3430 et
686 3369 903 3430 necessarium
936 3384 1037 3445 suum,

75 3446 255 3532 legionibus
277 3449 454 3537 Syriaeque
475 3451 641 3552 praefecit3
673 3454 744 3538 ipse
776 3451 888 3515 eadem
920 3448 1034 3530 classo,

77 3554 141 3618 qua
161 3548 301 3620 venerat,
325 3537 537 3624 proficisc1tur
557 3541 592 3601 in
614 3537 770 3602 Ciliciam.
794 3537 894 3601 Cuius
909 3536 1036 3621 proriu-
