2490 3974
179 227 241 294 192
488 227 616 290 BELLI
640 224 831 290 AFRICAE

177 401 309 464 lnterim
338 397 459 462 Caesar
485 399 587 462 aciem
616 397 724 482 dirigit
752 394 937 481 simplicem,
960 405 996 460 ut
1016 406 1160 480 poterat

177 494 308 585 propter
323 485 538 632 paucitatem
562 484 741 568 sagittarios
757 493 830 546 aute
845 482 947 546 aciem
969 483 1158 561 constituit,

178 581 300 657 equites
346 580 436 633 extro
458 570 647 653 sinistroque
670 590 768 632 cornu
790 568 921 652 opponit
942 576 974 630 et
995 568 1041 630 ita
1056 590 1158 652 prae·
1220 635 1222 640 ,

177 657 261 741 cipit,
283 665 318 718 ut
331 653 542 739 providerent,
557 676 598 716 ne
613 653 812 718 multitudine
828 655 986 737 equitatus
1003 652 1156 716 hostium

179 742 493 805 circumvenirentur:
518 739 717 802 existimabat
733 739 817 802 enim
839 759 875 800 se
897 739 965 802 acie
988 739 1155 802 instructa

178 850 252 890 cum
273 825 473 910 pedestribus
496 826 595 910 copiis
618 824 848 888 dimicaturum.

244 911 294 974 14.
317 909 423 988 Quum
445 911 603 996 utrimque
620 911 813 994 exspectatio
829 909 930 990 fieret,
941 929 1047 993 neque
1065 907 1153 973 Cae·

59 1059 62 1066 ,
179 1019 230 1061 sar
259 1018 329 1060 sese
358 1006 500 1061 moveret
529 1005 561 1059 et
586 1017 660 1058 cum
690 1016 819 1058 suorum
846 995 1005 1078 paucitate
1033 1004 1155 1059 contra

178 1104 325 1166 magnam
353 1081 419 1144 vim
449 1080 586 1145 hostium
617 1079 749 1144 artificio
778 1081 880 1166 magis
902 1103 999 1165 quam
1019 1079 1152 1144 viribus

178 1167 413 1231 decernendum
435 1166 567 1246 videret,
585 1164 688 1230 subito
704 1165 961 1230 adversariorum
982 1187 1001 1228 e
1024 1167 1150 1229 uitatus

180 1274 251 1316 sese
274 1252 445 1316 extendere
462 1253 539 1315 etin
560 1251 756 1316 latitudinem
772 1269 958 1336 promovere
981 1273 1018 1315 co
1044 1273 1152 1337 esque

178 1337 346 1422 complecti
368 1349 399 1400 et
422 1338 569 1400 Caesaris
593 1339 766 1422 equitatum
789 1348 962 1401 extenuare
985 1336 1150 1423 simulque

177 1423 219 1487 ad
234 1422 492 1486 circumeundum
513 1445 582 1487 com
606 1445 697 1486 arare
713 1445 747 1486 sc
763 1432 942 1508 coeperunt.
958 1421 1151 1486 Caesariani

178 1510 301 1594 equites
315 1530 432 1590 eorum
447 1446 681 1571 multitudinem
697 1531 792 1592 aegre
815 1507 1022 1572 sustinebant
1045 1507 1150 1572 Acies

177 1594 305 1658 interim
327 1593 450 1658 mediae
481 1616 578 1680 quum
602 1616 791 1658 conclusere
815 1603 1014 1675 conarentur,
1037 1593 1149 1657 subito

178 1701 219 1743 ex
241 1679 411 1743 condensis
433 1680 544 1742 turmis
573 1679 697 1764 pedites
726 1679 883 1744 Numidae
904 1679 985 1743 levis
1007 1691 1150 1743 armatu-

177 1787 232 1829 rae
268 1787 340 1829 cum
370 1763 527 1851 equitibus
554 1775 747 1848 procurrunt
775 1775 808 1829 et
833 1767 916 1829 inter
949 1764 1149 1852 legionarios

179 1850 322 1936 [pedites]
353 1850 457 1914 iacula
486 1851 667 1914 coniiciunt.
696 1851 759 1913 Hic
781 1873 877 1936 quum
901 1849 1089 1916 Caesariani
1112 1852 1148 1914 in

178 1957 232 2000 eos
263 1938 416 2021 impetum
440 1935 598 2017 fecissent,
632 1935 758 2000 illorum
780 1939 904 2022 equites
925 1936 1148 2021 refugiebant3

176 2021 299 2107 pedites
321 2024 447 2085 interim
470 2021 668 2103 resistebant,
685 2021 760 2084 dum
783 2025 906 2108 equites
920 2045 1031 2087 rursm
1048 2045 1148 2086 cursu

177 2120 328 2173 renovato
350 2107 509 2192 peditibus
532 2109 597 2172 suis
621 2120 852 2172 succurrerent

243 2194 293 2256 15.
318 2193 436 2256 Caesar
464 2215 548 2258 novo
581 2215 698 2277 genere
731 2216 857 2278 pugnae
886 2193 1010 2276 oblato,
1045 2216 1147 2279 quum

177 2279 316 2342 animum
344 2279 522 2343 adverteret
551 2278 679 2344 ordines
709 2301 836 2344 suorum
865 2281 899 2343 in
925 2281 1147 2364 procurrendo

177 2363 300 2428 turbari
323 2364 459 2449 (pedites
482 2365 576 2446 enim,
600 2364 676 2428 dum
692 2367 813 2450 equites
828 2365 954 2451 longius
978 2365 1019 2429 ab
1042 2367 1146 2452 signis

178 2461 426 2536 persequuntur,
464 2453 562 2514 latere
597 2450 715 2515 nudato
754 2473 773 2514 a
808 2453 962 2536 proximis
997 2450 1146 2515 Numidis

177 2534 289 2598 iaculis
311 2535 577 2618 vulnerabantur3
608 2539 732 2622 equites⁴
757 2528 863 2601 autem
884 2537 1023 2601 hostium
1043 2536 1147 2622 pilum

177 2620 284 2683 militis
307 2643 401 2684 cursu
422 2621 514 2685 facile
535 2621 710 2709 vitabant),
734 2622 829 2686 edicit
849 2646 908 2708 per
929 2622 1068 2704 ordines,
1102 2645 1145 2687 ne

177 2707 249 2853 quis
278 2706 370 2770 miles
400 2707 440 2771 ab
469 2708 568 2793 signis
598 2716 647 2770 1111
675 2708 775 2793 pedes
797 2707 922 2793 longius
944 2708 1144 2793 procederet

208 2792 344 2877 quitatus
373 2793 500 2857 interim
526 2792 661 2858 Labieni
690 2815 819 2858 suorum
846 2793 1047 2858 multitudine
1070 2815 1144 2857 con·

177 2877 254 2940 fisus
291 2877 438 2949 Caesaris
479 2881 671 2964 paucitatem
714 2881 848 2945 circumc
884 2899 947 2943 non
984 2889 1143 2944 moratur:

179 2964 300 3048 equites
336 2962 450 3028 Iuliani
486 2967 580 3051 pauci
615 2965 815 3030 multitudine
851 2965 988 3031 hostium
1026 2965 1144 3030 defessi

179 3050 269 3132 equis
299 3049 533 3115 convulneratis
565 3050 717 3136 paulatim
745 3051 876 3133 cedere3
907 3051 1005 3116 hostis
1039 3053 1142 3136 magis

178 3135 344 3220 magisque
367 3135 496 3199 instare.
519 3136 569 3199 lta
589 3146 707 3220 puncto
729 3141 880 3222 temporis
896 3136 1041 3202 omnibus
1064 3135 1143 3221 legi-

178 3220 296 3282 onariis
312 3221 352 3283 ab
367 3220 504 3286 hostium
519 3224 660 3308 equitatu
683 3224 907 3288 circumventis
931 3220 1143 3307 Caesarisque

179 3305 278 3388 copiis
310 3307 344 3370 in
377 3307 487 3371 orbem
520 3309 690 3394 compulsis
722 3311 807 3374 intra
839 3307 998 3374 cancellos
1032 3329 1142 3372 omnes

179 3391 314 3454 coniecti
335 3413 481 3477 pugnare
504 3394 707 3479 cogebantur.

246 3475 293 3540 16.
318 3477 478 3542 Labienus
511 3480 544 3542 in
578 3501 660 3566 equo
695 3482 797 3565 capite
828 3481 914 3546 nudo
949 3481 1071 3546 versari
1107 3481 1142 3546 in
