2490 3974
320 279 324 286 -
438 231 581 302 OAPUT
603 236 737 301 93-97.
1000 236 1060 301 237

172 399 230 470 95.
245 406 280 470 Ρ.
304 407 411 472 Sittius
443 409 568 470 interim
596 407 687 492 pulso
721 408 861 472 exercitu
893 407 1061 490 Saburrae,

6 493 7 496 ’
102 492 258 576 praefecti
284 490 397 574 Iubae,
419 493 551 577 ipsoque
579 491 751 574 interfecto,
782 515 877 578 quum
903 493 963 556 iter
991 513 1061 556 cum

6 579 7 588 ³
101 578 215 660 paucis
243 599 300 662 per
327 577 547 640 Mauritaniam
569 577 611 641 ad
633 576 803 640 Caesarem
832 576 960 658 faceret,
982 578 1061 642 forte
1178 617 1182 638 .

6 665 7 700 ³
101 661 216 724 incidit
239 663 276 725 -in
304 661 457 726 Faustum
489 663 725 747 Afraniumque,
754 663 808 746 qui
837 683 907 726 eam
933 683 1060 725 manum

6 749 8 788 ἒ
102 745 276 829 habebant,
299 769 379 896 quae
401 745 526 811 Uticam
549 745 728 832 diripuerat,
751 749 872 830 iterque
894 749 926 810 in
946 747 1061 894 Hispa

6 849 8 872 ³
101 832 191 894 niam
212 834 299 896 inten
322 832 418 896 ebant
440 841 471 895 et
487 840 577 895 erant
591 854 722 895 numero
738 833 862 895 circiter
882 831 978 895 mille.
1016 843 1061 895 ta

103 938 169 1002 que
191 917 335 981 celeriter
349 927 500 982 nocturno
516 926 657 1002 tempore
671 917 793 980 insidiis
816 915 975 1002 dispositis
991 939 1060 980 eum

101 1003 208 1086 prima
234 1002 305 1066 luce
334 1002 461 1066 adortus
490 1011 616 1086 praeter
642 1023 760 1087 paucos
791 1005 921 1086 equites,
945 1003 1061 1087 quiex

125 1089 207 1151 rimo
230 1089 355 1173 agmine
377 1087 529 1171 ingerant,
552 1087 689 1172 reliquos
712 1095 766 1150 aut
786 1088 932 1150 interficit
953 1095 1007 1150 aut
1028 1087 1062 1148 in

102 1109 296 1236 deditionem
311 1173 435 1258 accipit,
452 1171 619 1236 Afranium
631 1180 661 1236 et
677 1171 828 1235 Faustum
842 1194 913 1236 cum
928 1173 1061 1256 coniuge

104 1265 138 1320 et
159 1256 268 1321 liberis
289 1257 379 1322 vivos
402 1259 494 1342 capit.
517 1257 630 1320 Paucis
669 1265 717 1320 ost
739 1255 849 1321 diebus
865 1257 1061 1320 dissensione

104 1341 139 1404 in
161 1343 303 1406 exercitu
325 1351 394 1406 orta
419 1341 555 1405 Faustus
578 1351 610 1404 et
680 1343 787 1406 ranius
815 1341 1060 1423 interficiuntur3

104 1426 275 1512 Pompeiae
304 1449 374 1490 cum
401 1427 513 1491 Fausti
541 1425 649 1490 liberis
678 1427 797 1490 Caesar
817 1427 1061 1492 incolumitatem

106 1533 165 1575 sua
187 1533 226 1574 ue
249 1513 354 1575 omnia
376 1513 539 1577 concessit.
795 1533 798 1536 ·

166 1533 220 1660 Sd.
244 1596 349 1681 Scipio
377 1597 503 1660 interim
532 1619 603 1660 cum
634 1597 826 1682 Damasippo
850 1607 881 1660 et
901 1595 1059 1678 Torquato

105 1691 137 1745 et
158 1681 315 1746 Plaetorio
336 1681 488 1746 Rustiauo
510 1681 644 1745 navibus
666 1681 768 1767 longis
791 1682 845 1746 diu
866 1680 1058 1766 multumque

104 1767 220 1847 iactati,
265 1789 340 1831 uum
361 1767 547 1851 Hispaniam
574 1775 726 1851 peterent,
749 1767 790 1830 ad
811 1767 992 1851 Hipponem
1012 1787 1060 1828 re-

104 1851 191 1935 gium
213 1789 408 1934 ddieruntur3
430 1851 486 1916 ubi
509 1850 619 1915 classis
646 1852 680 1916 P.
711 1852 783 1915 Sitti
804 1851 916 1937 perid
937 1860 1060 1935 tempus

106 1945 182 2000 erat.
211 1937 241 1998 A
271 1959 334 2024 qua
361 1938 510 2022 pauciora
540 1935 580 1999 ab
607 1936 812 2022 amplioribus
845 1937 1060 1999 circumventa

104 2023 233 2106 navigia
255 2023 479 2106 deprimuntur,
502 2021 609 2106 ibique
625 2021 730 2106 Scipio
746 2043 817 2085 cum
832 2019 946 2106 quibus
957 2019 1059 2106 paulo

107 2115 179 2168 ante
200 2109 361 2171 nominavi
382 2108 510 2170 interiit.

168 2190 219 2254 97.
243 2191 363 2256 Caesar
390 2193 515 2255 interim
544 2191 660 2256 Zamae
690 2193 834 2256 auctione
862 2191 951 2276 regia
977 2190 1060 2254 facta

105 2274 259 2360 bonisque
288 2299 396 2342 eorum
423 2276 568 2359 venditis,
600 2278 653 2362 qui
683 2280 769 2341 cives
795 2277 929 2342 Romani
951 2284 1060 2339 contra

105 2359 255 2445 populum
277 2362 461 2426 Romanum·
483 2384 572 2426 arma
600 2361 745 2443 tulerant,
768 2363 979 2447 praemiisque
1001 2360 1058 2422 Za·

103 2445 274 2528 mensibus,
305 2449 358 2531 qui
386 2448 426 2511 de
455 2469 491 2512 re
515 2469 532 2510 e
560 2441 756 2511 excludendo
783 2445 948 2511 consilium
970 2467 1060 2530 cepe-

103 2539 190 2612 rant,
223 2530 347 2596 tributis
376 2471 646 2617 vectigalibusque
673 2534 769 2616 regiis
792 2532 927 2616 erogatis
950 2553 990 2594 ex
1010 2552 1059 2593 re·

104 2636 227 2702 guoque
248 2619 412 2702 provincia
427 2617 510 2682 facta
522 2626 615 2702 atque
629 2616 674 2680 ibi
689 2616 836 2681 Sallustio
858 2639 915 2702 pro
931 2613 1060 2680 consule

106 2721 175 2763 cum
196 2702 326 2786 imperio
348 2703 458 2767 relicto
486 2704 555 2787 ipse
584 2702 685 2776 Zama
710 2724 856 2788 egressus
877 2697 1003 2765 Uticam
1026 2723 1059 2764 se

104 2787 232 2870 recepit.
265 2785 315 2850 lbi
346 2786 436 2852 bonis
469 2789 605 2851 venditis
643 2810 760 2869 eorum,
794 2789 848 2873 qui
884 2785 943 2849 sub
979 2784 1059 2848 Iuba

105 2869 291 2956 Petreioque
324 2872 448 2937 ordines
482 2873 646 2954 duxerant,
674 2872 876 2958 Thapsitanis
908 2869 964 2934 HS
997 2877 1058 2951 XX,

6 3001 7 3028 2
107 2957 273 3019 conventui
296 2979 403 3020 eorum
425 2959 480 3022 HS
502 2966 590 3040 XXX,
614 2960 751 3042 itemque
772 2956 987 3020 Adrumetinis
1003 2949 1058 3018 HS

6 3087 7 3098 .
106 3045 192 3120 XXX,
216 3044 382 3105 conventui
404 3066 512 3108 eorum
535 3039 589 3107 HS
612 3051 631 3104 L
662 3043 778 3108 multae
807 3033 939 3106 nomina
961 3042 1059 3125 impo-

6 3183 7 3198 ,
106 3125 165 3206 nit;
189 3126 332 3190 civitates
353 3127 498 3214 bonaque
527 3151 637 3192 eorum
665 3127 705 3191 ab
728 3129 813 3192 omni
841 3127 955 3190 iniuria
975 3126 1058 3210 rapi·

105 3211 216 3296 nisque
228 3210 375 3275 defendit.
387 3213 579 3298 Leptitanos,
596 3235 728 3298 quorum
744 3210 955 3296 superioribus
968 3211 1059 3273 annis

105 3294 187 3360 bona
218 3293 298 3360 Iuba
337 3297 395 3360 di1i
418 3308 525 3379 uerat,
556 3308 587 3363 et
620 3297 661 3362 ad
695 3306 838 3362 senatum
868 3299 969 3382 questi
1001 3316 1058 3379 per

6 3447 7 3470 ,
106 3378 224 3464 legatos
247 3393 341 3466 atque
362 3321 489 3447 arbitris
513 3406 533 3447 a
555 3391 666 3447 senatu
682 3382 763 3445 datis
786 3404 842 3444 sua
862 3388 1058 3465 receperant,

6 3503 7 3544 ;
108 3472 181 3528 XXX
203 3469 343 3532 centenis
365 3467 492 3533 milibus
520 3468 625 3554 pondo
654 3467 716 3531 olei
737 3466 770 3529 in
791 3487 889 3530 annos
920 3463 1059 3550 singulos
