2490 3974
199 263 260 328 178
458 263 589 329 BELLI
610 262 914 328 ALEXANDRINI

198 436 267 500 cias
290 435 435 500 civitates
458 458 568 502 omnes
591 443 703 501 evocat
724 434 871 517 Tarsum,
903 435 988 520 quod
1009 437 1172 522 oppidum

198 521 264 586 fere
286 522 383 586 totius
406 519 540 586 Ciliciae
561 520 795 586 nobilissimum
816 521 1090 608 fortissimumque
1105 533 1170 587 est.

198 606 249 670 Ibi
270 606 366 677 robus
388 606 535 672 omnibus
557 607 741 692 provinciae
763 615 796 670 et
815 606 1020 671 finitimarum
1052 608 1169 672 civita

186 701 265 773 ‚tum
287 693 464 756 constitutis
488 691 659 778 cupiditate
682 689 903 778 proficiscendi
917 692 958 756 ad
972 691 1096 757 bellum
1110 715 1168 779 ge·

198 775 334 842 rendum
355 801 419 844 non
451 778 569 842 diutius
602 787 742 842 moratur
774 778 963 863 magnisque
994 778 1168 842 itineribus

198 885 257 950 per
280 863 327 928 Ca
349 864 514 947 padooiam
538 861 689 928 confectis
711 861 844 926 biduum
858 862 1009 928 Mazacae
1025 885 1168 928 commo-

200 958 289 1012 ratus
342 970 456 1013 omana
481 957 571 1031 venit,
593 949 844 1012 vetustissimum
870 956 902 1010 et
927 950 1167 1012 sanctissimum

199 1035 234 1098 in
257 1032 462 1119 Cappadocia
482 1033 636 1098 Bellonae
657 1034 819 1119 templum,
854 1034 939 1118 quod
971 1043 1060 1098 tanta
1089 1034 1165 1098 reli-

199 1120 294 1205 gione
316 1118 437 1202 colitur,
474 1127 509 1184 ut
532 1119 681 1183 sacerdos
704 1121 771 1183 eius
794 1119 873 1182 deae
895 1121 1070 1201 maiestate,
1105 1121 1166 1184 im-

199 1205 303 1290 perio,
338 1206 479 1289 potentia
518 1204 675 1268 secundus
709 1227 728 1268 a
759 1225 836 1290 rege
869 1225 1027 1268 consensu
1082 1207 1167 1269 entis

199 1289 284 1355 illius
306 1289 471 1354 habeatur.
493 1290 531 1354 Id
552 1289 673 1355 homini
695 1288 893 1355 nobilissimo
914 1290 1054 1374 Lycome
1080 1289 1167 1354 'Bi-

199 1375 310 1462 thynia
344 1375 555 1459 adiudicavit3
588 1375 642 1461 qui
674 1377 764 1462 regio
788 1374 1014 1461 Cappadocum
1043 1397 1166 1460 genere

200 1470 287 1526 ortus
310 1471 439 1548 propter
461 1461 631 1525 adversam
653 1460 812 1526 fortunam
845 1461 999 1524 maiorum
1033 1483 1166 1525 suorum

200 1546 470 1633 mutationemque
492 1548 618 1632 generis
641 1547 709 1611 iure
731 1547 863 1610 minime
886 1545 982 1611 dubio
1004 1555 1166 1610 vetustate

199 1641 306 1696 tamen
338 1632 518 1698 intermisso
552 1631 764 1696 sacerdotium
785 1631 818 1695 id
846 1630 1019 1716 repetebat.
1055 1631 1166 1695 Fratri

200 1726 307 1782 autem
328 1717 556 1783 Ariobarzanis
578 1715 750 1799 Ariarathi,
786 1738 884 1803 quum
915 1716 998 1782 bene
1031 1718 1166 1780 meritus

201 1814 333 1888 uterque
357 1825 465 1867 eorum
488 1803 528 1867 de
550 1802 715 1950 republica
737 1811 830 1882 esset,
853 1823 896 1866 ne
912 1811 965 1866 aut
980 1803 1072 1887 regni
1087 1801 1163 1866 hae‘

200 1889 319 1953 reditas
342 1888 534 1953 Ariarathen
556 1909 592 1951 so
607 1887 751 1970 licitaret,
774 1896 829 1952 aut
850 1887 964 1952 haeres
986 1887 1080 1972 regni
1101 1898 1166 1951 ter-

200 1983 285 2040 reret
309 1973 560 2056 Ariobarzanen,
585 1973 745 2056 adtribuit,
777 1973 832 2060 qui
853 1971 912 2036 sub
936 1973 1004 2036 eius
1027 1974 1167 2058 imperio

201 2082 239 2124 ac
260 2060 386 2125 dicione
409 2069 525 2124 essent.
559 2059 633 2145 Ipse
660 2059 723 2124 iter
743 2059 905 2144 inceptum
928 2057 1024 2122 simili
1045 2057 1166 2124 veloci-

200 2154 265 2212 tate
288 2143 446 2210 conficere
469 2147 582 2232 coepit.

265 2230 316 2294 67.
340 2230 447 2309 Quum
469 2231 598 2318 propius
613 2231 749 2296 Pontum
763 2229 906 2315 finesque
923 2228 1168 2314 Gallograeciae

201 2315 398 2397 accessisset,
420 2318 601 2400 Deiotarus,
624 2316 799 2380 tetrarches
822 2313 1066 2401 Gallograeciae
1089 2326 1168 2381 truie

203 2401 332 2488 quidem
354 2424 456 2487 paene
485 2401 591 2485 totius,
626 2401 711 2488 quod
733 2403 763 2464 ei
784 2423 888 2488 neque
910 2400 1035 2485 legibus
1058 2424 1100 2465 ne
1124 2425 1168 2467 ue

203 2486 343 2551 moribus
367 2509 554 2552 concessum
578 2509 649 2551 esse
672 2487 769 2552 ceteri
790 2485 970 2551 tetrarchae
993 2426 1167 2552 contende-

202 2572 288 2653 bant,
327 2574 395 2637 sine
429 2574 525 2639 dubio
558 2583 663 2638 autem
690 2595 749 2636 rex
770 2573 940 2636 Armeniae
968 2573 1100 2636 minoris
1124 2573 1167 2637 ab

204 2667 318 2722 senatu
340 2659 527 2744 appellatus,
562 2659 713 2745 depositis
742 2659 837 2742 regiis
859 2657 1038 2742 insignibus
1059 2681 1167 2744 neque

202 2752 325 2808 tantum
357 2745 481 2830 privato
515 2745 642 2826 vestitu,
681 2742 738 2806 sed
771 2744 866 2807 etiam
899 2765 1024 2807 reorum
1051 2743 1166 2808 habitu

203 2827 340 2914 supplex
362 2830 403 2893 ad
425 2830 596 2896 Caesarem
617 2830 706 2894 venit
728 2840 858 2910 oratum,
881 2837 915 2892 ut
937 2827 999 2891 sibi
1021 2829 1167 2914 ignosce

203 2923 261 2994 ret,
285 2915 370 3000 quod
392 2917 426 2978 in
448 2939 486 2980 ea
506 2924 597 3018 parte
619 2917 741 3000 positus
763 2923 928 2995 terrarum,
966 2935 1048 2999 quae
1076 2914 1168 2980 nulla

204 3001 364 3100 praesidia
386 2999 534 3066 Caesaris
556 3000 728 3082 habuisset,
752 3000 943 3064 exercitibus
959 3001 1168 3086 imperiisque

204 3108 239 3148 m
250 3084 309 3150 Cn.
321 3087 453 3172 Pompei
469 3086 579 3152 castris
595 3087 720 3151 fuisset:
744 3084 849 3172 neque
865 3085 998 3149 enimse
1014 3085 1167 3151 debuisse

204 3170 341 3235 iudicem
370 3194 441 3236 esse
474 3173 760 3238 controversiarum
788 3170 897 3257 populi
925 3169 1070 3254 Romani,
1108 3172 1168 3236 sed

204 3269 320 3343 parere
362 3257 563 3322 raesentibus
586 3258 739 3342 imperiis.

270 3342 320 3406 68.
341 3280 463 3408 Contra
484 3366 577 3430 quem
601 3343 721 3410 Caesar
742 3365 840 3429 quum
854 3341 993 3428 plurima
1008 3363 1066 3406 sua
1082 3363 1167 3406 com-

206 3439 413 3494 memorasset
434 3429 545 3509 officia,
578 3449 657 3515 quae
680 3425 791 3494 consul
814 3427 845 3492 ei
867 3427 1001 3492 decretis
1024 3427 1167 3512 publicis

208 3512 380 3596 tribuisset,
409 3535 570 3600 quumque
592 3513 809 3579 defensionem
836 3515 905 3579 eius
927 3511 1048 3578 nullam
1068 3534 1168 3598 posse
