2534 3970
432 191 567 258 OOMM.
589 192 606 255 l
628 191 721 256 OAP.
743 192 837 256 4-8.
933 291 936 297 Ι
1093 193 1108 259 l

157 362 239 426 urbe
260 363 418 448 proficisci
440 373 471 428 et
493 385 587 451 quam
608 363 753 426 maximis
768 371 872 449 potest
891 362 1056 428 itineribus
1077 364 1112 428 in

157 447 296 513 Galliam
322 449 503 514 ulteriorem
532 449 691 514 contendit
718 456 749 512 et
779 449 819 512 ad
848 447 1012 512 Genavam
1040 470 1111 534 per-

156 535 254 598 venit.
290 534 477 600 Provinciae
495 537 552 600 toti
567 557 662 621 quam
675 536 847 598 maximum
860 542 965 618 potest
978 532 1111 596 militum

157 641 325 683 numerum
353 622 488 705 imperat
517 619 598 707 (erat
626 622 753 684 omnino
782 621 816 682 in
839 617 942 683 Gallia
963 617 1112 682 ulteriore

159 703 243 788 legio
264 727 350 786 una,
373 715 509 790 pontem,
533 707 675 792 quierat
696 705 738 769 ad
756 703 929 786 Genavam,
952 703 1041 766 iubet
1062 723 1110 766 re-

160 789 270 852 scindi.
366 793 377 853 i
399 791 439 854 de
461 791 528 854 eius
550 791 688 855 adventu
703 790 844 854 Helvetii
866 790 1015 852 certiores
1036 787 1111 850 facti

161 884 246 956 sunt,
268 873 396 959 ¹legatos
419 877 459 940 ad
481 899 553 940 eum
580 877 708 940 mittrmt
730 875 941 939 nobilissimos
964 873 1110 955 civitatis,

160 961 248 1023 cuius
270 959 301 1024 le
324 961 436 1024 ationis
450 961 632 1026 Nammeius
655 970 686 1024 et
698 961 919 1025 Verucloetius
937 960 1112 1044 principem

158 1043 263 1109 locum
285 983 482 1128 citinebant,
513 1049 567 1133 qui
589 1047 739 1129 dicerent,
771 1045 832 1110 sibi
861 1067 931 1109 esse
952 1047 985 1109 in
1007 1045 1111 1108 animo

159 1131 229 1194 sine
238 1129 303 1195 ullo
313 1131 467 1196 maleficio
478 1133 539 1196 iter
549 1153 607 1218 per
617 1133 811 1217 provinciam
822 1131 935 1213 facere,
943 1139 1113 1214 propterea

159 1216 245 1302 quod
273 1216 358 1280 aliud
385 1219 446 1281 iter
477 1216 630 1282 haberent
658 1217 793 1282 nullum:
821 1238 949 1300 rogare,
979 1225 1015 1277 ut
1043 1215 1111 1278 eins

157 1301 319 1366 voluntate
340 1302 374 1365 id
396 1302 457 1366 sibi
478 1303 583 1368 facere
605 1303 707 1369 liceat.
745 1301 872 1382 Caesar,
896 1300 981 1387 quod
994 1319 1110 1362 memo·

157 1387 206 1450 ria
226 1387 355 1450 tenebat
375 1387 412 1450 L.
430 1387 575 1452 Cassium
597 1388 758 1454 consulem
773 1388 911 1452 occisum
926 1385 1111 1450 exercitum·

158 1493 221 1557 que
243 1473 310 1536 eius
332 1472 372 1535 ab
394 1472 548 1538 Helvetiis
570 1473 695 1558 pulsum
718 1484 749 1538 et
771 1471 957 1556 subiugum
971 1471 1111 1552 missum,

159 1557 395 1622 concedendum
422 1581 487 1622 non
514 1559 660 1649 putabat,
689 1581 793 1645 neque
820 1558 963 1621 homines
984 1556 1113 1618 inimico

159 1645 263 1708 animo
286 1643 360 1707 data
381 1643 528 1708 facultate
549 1667 607 1730 per
627 1645 824 1729 provinciam
837 1643 958 1706 itineris
973 1639 1112 1705 faciundi

157 1737 388 1814 temperaturos
422 1729 462 1792 ab
498 1732 613 1794 iniuria
641 1739 673 1794 et
708 1728 863 1792 maleficio
900 1723 1112 1791 existimabat.

158 1814 295 1897 Tamen,
317 1823 353 1877 ut
374 1816 509 1898 spatium
529 1815 724 1879 intercedere
745 1823 867 1899 posset,
891 1813 966 1877 dum
987 1809 1113 1891 milites,

160 1922 238 1987 quos
259 1902 480 1983 imperaverat,
496 1903 709 1982 convenirent,
725 1898 838 1986 legatis
852 1897 1016 1984 respondit
1030 1896 1114 1960 diem

159 2007 195 2049 se
216 1984 258 2050 ad
280 1984 520 2049 deliberandum
542 1995 754 2072 sumpturum:
778 1987 805 2048 si
827 1984 904 2070 quid
921 1983 1050 2064 vellent,
1073 1979 1112 2044 ad

157 2069 206 2135 Id.
226 2069 328 2155 Ap1il.
350 2068 598 2135 reverterentur.
731 2136 733 2142 ,

222 2155 252 2219 8.
274 2155 400 2220 Interea
422 2177 460 2220 ea
481 2156 614 2241 legione,
632 2177 727 2240 quam
741 2175 850 2219 secum
863 2153 1012 2235 habebat,
1034 2151 1113 2216 mili·

158 2240 320 2326 tibusque,
354 2243 409 2327 qui
449 2263 490 2305 ex
528 2243 693 2327 provincia
725 2250 950 2322 convenerant,
991 2261 1011 2302 1
1042 2237 1114 2302 lacu

157 2326 332 2408 Lemanno,
346 2349 408 2412 qua
418 2329 451 2390 in
461 2327 580 2392 flumen
590 2327 778 2392 Rhodanum
792 2324 904 2408 influit,
920 2324 962 2389 ad
975 2332 1114 2389 montem

158 2410 281 2492 Iuram,
312 2413 366 2496 qui
392 2411 719 2499 finessequanorum
746 2412 787 2476 ab
809 2411 966 2475 Helvetiis
992 2409 1113 2490 dividit,

159 2495 247 2560 milia
266 2517 419 2580 passuum
441 2497 551 2561 decem
579 2519 695 2562 novem
715 2519 840 2560 murum
861 2497 895 2559 in
917 2493 1114 2560 altitudinem

158 2581 277 2666 pedum
299 2581 437 2646 sedecim
455 2583 636 2668 fossamque
657 2583 812 2668 perducit.
855 2582 904 2646 Eo
927 2603 1022 2667 opere
1043 2601 1113 2665 per,-

157 2667 240 2731 fecto
280 2667 440 2751 praesidia
477 2667 628 2753 disponit,
672 2667 802 2733 castella
835 2668 1020 2746 communit,
1053 2685 1114 2750 quo
1171 2745 1173 2751 Ι

158 2751 292 2833 facilius,
317 2753 343 2814 si
366 2774 400 2815 se
427 2755 526 2818 invito
547 2756 681 2818 transire
710 2762 914 2834 conarentur,
943 2749 1114 2837 prohibere

158 2839 267 2923 possit.
303 2837 368 2901 Ubi
391 2859 429 2901 ea
451 2837 529 2920 dies,
553 2861 647 2924 quam
670 2839 876 2902 constituerat
897 2861 968 2902 cum
990 2835 1114 2919 legatis,

157 2924 255 3004 venit,
279 2931 311 2986 et
332 2922 429 3008 legati
450 2923 491 2987 ad
513 2945 585 2986 eum
606 2933 820 3006 reverterunt,
848 2934 943 3008 negat
970 2945 1004 2984 se
1026 2940 1114 2984 more

159 3017 192 3070 et
213 3007 358 3092 exemplo
380 3007 489 3093 populi
510 3008 643 3074 Romani
671 3031 766 3095 posse
793 3012 854 3073 iter
882 3007 941 3073 ulli
966 3029 1024 3092 per
1044 3027 1115 3090 pro·

157 3093 297 3156 vinciam
312 3092 388 3158 dare
404 3102 444 3175 et,
460 3095 487 3156 si
500 3096 567 3158 vim
580 3096 684 3158 tacere
706 3104 868 3176 conentur,
884 3092 1114 3178 prohibiturum

160 3177 306 3249 ostendit.
361 3177 502 3243 Helvetii
535 3201 574 3242 ea
605 3201 662 3242 se
694 3180 809 3244 deiecti
837 3177 972 3242 navibus
1001 3177 1115 3240 iunctis

158 3263 342 3348 ratibusque
373 3262 585 3349 compluribus
614 3202 723 3347 idetis,
757 3265 811 3328 alii
840 3264 932 3328 vadis
960 3262 1141 3342 Rhodani,

160 3369 223 3433 qna
242 3351 372 3412 minima
393 3347 525 3411 altitudo
547 3348 685 3413 fluminis
709 3360 784 3430 erat,
808 3355 1043 3437 nonnumquam
1068 3349 1115 3409 in·

159 3432 273 3515 terdiu,
297 3433 423 3517 saepius
444 3443 548 3521 noctu,
573 3436 600 3496 si
621 3457 827 3519 perrumpere
849 3441 986 3517 possent,
1012 3429 1115 3494 conati
