2534 3970
350 222 484 288 OOMM.
507 223 557 288 III
579 223 672 290 cAP.
695 225 830 290 20-24.
1024 225 1069 288 dd

110 393 176 455 vita
198 393 371 458 commodis
393 417 457 476 una
478 416 549 459 oum
571 395 610 458 iis‘
628 394 779 478 fiuanttu,
795 417 930 481 quorum
944 417 977 460 se
993 397 1068 460 ami·

111 479 204 541 citiae
226 478 420 562 dediderint,
448 481 475 544 si
497 479 573 565 quid
601 479 650 543 his
679 504 737 567 per
765 481 832 546 vim
861 479 993 561 accidat,
1016 489 1069 547 aut

110 562 248 628 eundem
271 585 380 628 casum
401 587 466 628 una
494 565 597 629 ferant
620 574 674 630 aut
697 565 757 629 sibi
786 576 920 631 mortem
948 566 1068 630 consci-

110 660 218 733 scant3
241 671 345 736 neque
368 651 471 714 adhuc
492 651 653 715 hominum
681 653 834 717 memoria
854 665 998 736 repertus
1021 660 1069 716 est

110 737 289 820 quisquam,
313 737 368 820 qui
389 758 426 800 eo
449 736 625 818 interfecto,
648 738 736 800 cuius
753 759 787 800 se
803 737 958 800 amicitiae
974 737 1068 800 devo·

108 823 218 902 visset,
230 821 311 884 mori
321 831 498 885 recusaret:
512 845 583 885 oum
594 822 643 885 his
655 822 855 886 Adiatunnus
872 823 1069 907 eruptionem

108 905 216 970 facere
228 917 359 969 conatus
375 906 512 970 clamore
528 907 567 970 ab
584 929 622 970 ea
632 918 723 993 parte
734 909 916 973 munitionis
933 906 1067 988 sublato,

132 1013 209 1054 uum
231 990 272 1053 ad
294 1013 381 1054 arma
403 991 519 1055 milites
535 994 777 1075 concurrissent,
800 993 1067 1078 vehementerque

108 1013 155 1140 liti
177 1084 350 1161 pugnatum
373 1087 465 1160 esset,
488 1077 634 1162 repulsus
656 1079 689 1141 in
712 1078 861 1163 oppidum
882 1087 999 1159 tamen,
1022 1076 1067 1142 uti

110 1161 223 1226 eadem
246 1161 413 1226 deditionis
436 1163 615 1227 conditione
637 1173 786 1246 uteretur,
810 1161 850 1228 ab
874 1162 989 1228 Crasso
1011 1166 1067 1228 im·

132 1247 256 1312 etravit

109 1270 131 1335 p
173 1332 226 1396 23.
248 1333 354 1396 Armis
377 1331 603 1419 obsidibusque
623 1335 761 1419 acceptis
777 1333 910 1398 Orassus
932 1335 966 1397 in
987 1334 1067 1398 fines

109 1417 278 1483 Vocatium
301 1428 333 1482 et
361 1417 562 1482 Tarusatium
591 1421 749 1505 profectus
779 1429 834 1484 est.
880 1419 961 1482 Tum
989 1442 1067 1484 vero

108 1503 241 1569 barban·
268 1505 426 1585 commoti,
454 1505 540 1589 quod
569 1504 719 1590 oppidum
748 1513 779 1570 et
806 1516 922 1568 natura
947 1503 1010 1569 loci
1037 1515 1068 1568 et
1107 1515 1112 1529 '

108 1611 207 1661 manu
241 1590 396 1653 munitum
424 1591 534 1674 paucis
569 1590 696 1672 diebus,
727 1592 841 1675 quibus
870 1612 907 1654 eo
936 1599 1067 1654 ventum

108 1685 188 1758 erat,
213 1683 427 1760 expugnatum
453 1686 675 1760 cognoverant,
706 1674 827 1760 legatos
850 1697 912 1762 quo
935 1698 975 1739 uo
998 1697 1067 1740 ver·

109 1783 180 1824 sum
202 1760 368 1842 dimittere,
392 1763 566 1843 coniurare,
597 1760 724 1826 obsides
746 1764 828 1824 inter
851 1784 884 1826 se
907 1697 992 1843 dare,
1016 1783 1067 1825 co·

107 1847 178 1933 pias
200 1867 314 1932 parare
337 1857 517 1931 coeperunt.
561 1847 728 1911 Mittuntur
751 1849 843 1910 etiam
865 1847 905 1910 ad
922 1867 975 1910 eas
991 1847 1066 1910 civi·

6 2011 9 2018 μ
108 1942 190 1996 tates
211 1932 318 2017 legati,
342 1953 422 2018 quae
445 1941 517 1996 sunt
539 1934 690 1996 citerioris
718 1932 891 2018 Hispaniae
916 1931 1066 1995 finitimae

107 2017 316 2104 ¹Aquitaniae:
337 2017 412 2080 inde
434 2017 553 2082 auxilia
573 2019 733 2103 ducesque
748 2028 959 2082 arcessuntur.
982 2017 1066 2096 Quo·

107 2126 179 2167 rum
202 2104 341 2168 adventu
362 2125 477 2188 magna
500 2127 571 2168 curn
593 2104 778 2168 auctoritate
801 2114 833 2168 et
858 2125 1067 2188 magnacum

108 2189 271 2254 hominum
292 2187 624 2253 multitudine'bellum
639 2211 750 2274 gerere
766 2201 929 2254 conantur.
957 2188 1066 2252 Duces

107 2297 184 2340 vero
214 2276 238 2338 ii
267 2274 461 2360 deliguntur,
490 2277 545 2360 qui
578 2296 642 2338 una
671 2297 743 2351 cum
771 2274 890 2354 Quinto
926 2274 1066 2338 Sertorio

108 2383 220 2426 omnes
243 2383 343 2424 annos
364 2359 489 2424 fuerant
504 2383 657 2424 summam
681 2383 722 2424 ue
734 2361 897 2424 scientiam
918 2361 963 2424 rei
986 2357 1066 2422 mili-

107 2448 184 2510 taris
206 2445 326 2510 habere
349 2445 617 2510 existimabantur.
657 2382 943 2516 ¹diconsuetudine
958 2443 1067 2592 populi

107 2531 243 2596 Romani
264 2530 336 2596 loca
369 2554 407 2596 ca
430 2554 497 2614 ere,
526 2541 632 2595 castra
666 2533 806 2613 munire,
838 2531 1005 2594 commeati
1028 2552 1065 2592 us

107 2627 234 2682 nostros
263 2555 474 2682 intercludere
499 2618 675 2680 instituunt.
728 2615 822 2696 Quod
847 2617 902 2680 ubi
933 2615 1065 2680 Crassus

108 2702 345 2786 animadvertit,
376 2725 449 2766 suas
476 2703 583 2788 copias
611 2711 743 2788 propter
772 2703 976 2788 exiguitatem
1002 2722 1066 2765 non
1091 2757 1096 2764 .

107 2787 199 2852 facile
222 2787 338 2870 diduci,
367 2787 490 2864 hostem
519 2797 550 2850 et
577 2789 689 2872 vagari
716 2797 748 2851 et
775 2789 843 2851 vias
865 2785 1013 2853 obsidere
1035 2796 1066 2850 et

109 2877 221 2938 castris
255 2875 330 2937 satis
364 2873 514 2960 praesidii
542 2871 735 2958 relinquere,¹
770 2871 810 2937 ob
841 2895 910 2936 eam
939 2893 1066 2936 causam

108 2962 212 3024 minus
231 2961 395 3024 commode
417 2957 606 3022 frumentum
629 2967 901 3043 commeatumque
917 2957 977 3021 sibi
992 2971 1064 3041 sup-

108 3046 238 3132 portari,
260 3046 292 3110 in
315 3043 383 3108 die's
402 3045 538 3108 hostium
559 3066 725 3108 numerum
747 3045 871 3128 augeri,
904 3065 967 3107 non
991 3064 1065 3105 cun·

109 3130 258 3195 standum
275 3131 476 3212 existimavit,
500 3130 575 3215 quin
597 3151 705 3214 pugna
727 3129 913 3194 decertaret.
937 3127 1008 3190 H'a'c
1029 3148 1065 3190 re

109 3216 149 3282 ad
171 3215 337 3280 consilium
361 3215 475 3297 delata,
497 3214 554 3278 ubi
576 3236 684 3278 ornnes
706 3214 791 3279 idem¹
806 3215 922 3278 sentire
943 3210 1065 3275 intelle·

108 3304 165 3384 xit,
188 3311 350 3387 posterum
373 3300 456 3364 diem
478 3321 604 3385 pugnae
627 3301 796 3364 constituit.
829 3306 843 3340 -’
903 3316 904 3320 ’

167 3389 230 3451 at:
247 3388 354 3450 Prima
375 3386 446 3449 luce
474 3385 635 3470 productis
658 3385 803 3468 omnibus
826 3383 924 3468 copiis
942 3380 1065 3466 'duplici

111 3473 179 3537 acie
192 3475 356 3555 'instituta
388 3470 513 3535 auxiliis
542 3471 578 3532 in
604 3470 742 3534 mediam
775 3469 884 3614 a'oiegn·
901 3468 1063 3548 coniectis,

154 3577 238 3616 caesar.

1260 1223 1261 1318 ,

1258 1403 1261 1492 t
