2562 3970
198 228 357 297 LXXXII
546 231 803 296 PRAEFATIO.

212 441 240 465 ι.
263 401 298 466 Ο.
321 403 364 466 45
391 425 486 490 quum
509 403 580 468 libri
605 403 759 467 habeant:
789 408 864 467 Cani
884 410 1017 483 propius
1040 407 1151 468 tami-

199 495 263 554 dem
285 498 466 553 accessisset
488 497 678 554 distensis
693 496 758 553 stris
773 496 913 572 navitus,
939 496 1020 567 quad
1037 501 1066 554 et
1079 500 1149 554 tenu·

194 585 300 654 pastas
323 588 389 638 erat
410 581 578 639 turbulenta
600 585 628 638 et
648 581 733 638 nuda
754 580 892 654 suspicio
907 580 1003 638 tostis
1018 595 1049 641 e:
1066 595 1095 652 a.
1111 596 1148 652 a,

199 659 311 744 scripsi
341 666 493 741 distentis3
523 682 654 725 necesse
686 661 769 724 enim
798 669 866 723 erat
887 665 1030 724 distineri
1049 680 1149 726 naves

197 753 327 830 propter
354 752 582 828 tempestatem.
623 743 716 822 Quod
745 743 798 809 vul
871 744 973 808 editur
1005 751 1150 809 distensis

197 829 298 892 forme
314 838 362 894 est
377 829 491 892 dubiae
506 829 674 895 admodum
698 829 782 894 fidei.
835 876 842 892 .
864 836 1012 908 dispersis
1034 831 1149 914 posuit.

261 913 389 978 Initium
415 935 442 978 c.
465 915 507 978 46
521 914 560 978 N.
576 917 622 978 itu
643 914 761 979 edidit:
791 920 925 978 Vatinius
943 922 1150 980 numunianum

198 1004 368 1063 deuerteret
390 1021 485 1078 neque
506 1009 627 1064 nauium
648 1023 681 1064 se
694 1006 900 1078 nraanitudine
914 1021 1010 1078 neque
1024 1019 1148 1064 numera

193 1105 301 1164 parent
324 1105 398 1160 esse,
420 1091 612 1163 fortunae
632 1109 695 1150 rem
722 1093 900 1150 committere
922 1091 1026 1151 notuit.
1054 1083 1150 1150 Haeo

196 1167 352 1316 Praebent
373 1171 498 1234 codices
520 1170 619 1235 Paris.
644 1192 705 1234 sec.
728 1169 818 1234 Leid.
840 1192 888 1255 pr.
911 1169 1004 1251 Scul.;
1033 1167 1150 1255 reliqui

210 1251 281 1328 ibri,
306 1254 492 1339 quibuscum
513 1256 589 1321 fucit
610 1255 704 1319 Vind.
726 1278 773 1340 pr.
794 1247 941 1334 fortuitae
964 1261 1151 1320 dimicationi

197 1336 263 1422 (vel
286 1360 327 1413 ex
349 1340 568 1405 emendatione
594 1345 806 1420 dimicationis)
829 1349 902 1404 ente
928 1347 1072 1420 fortunae
1094 1338 1147 1404 ba·

197 1421 287 1504 bent,
316 1445 413 1508 quare
448 1435 521 1490 unte
549 1425 775 1512 Nipperdeium
808 1424 977 1490 edebatur:
1001 1432 1149 1505 fortuitae

198 1515 398 1574 dimieatianis
425 1517 571 1590 fortunae
603 1533 665 1576 rem
697 1519 875 1576 committere
906 1517 1011 1576 notuit.
1048 1509 1149 1576 Inter·

197 1603 392 1680 pretemento
415 1597 551 1683 quodem
565 1595 665 1662 verba
681 1618 751 1660 esse
765 1595 903 1678 turbata,
926 1605 1069 1682 apertum
1083 1604 1148 1676 est3

198 1701 292 1764 quum
314 1689 418 1744 eutem
446 1682 521 1746 satie
548 1681 717 1746 verisimile
746 1682 800 1762 sit,
835 1679 1070 1746 ineolentiorem
1099 1679 1148 1746 di-

199 1765 332 1830 ctionem
343 1773 488 1844 fortuitae
501 1775 688 1832 dimicationi
695 1789 757 1831 ram
766 1775 945 1832 committere
956 1763 1149 1851 explicatam

198 1869 267 1914 esee
290 1873 347 1936 per
369 1854 475 1916 tritam
496 1852 583 1916 illem
596 1860 738 1933 fortunae
752 1873 815 1917 rem
830 1859 1019 1928 committere,
1036 1871 1149 1916 vocem

194 1940 339 2013 fortunae
361 1960 402 2000 ex
424 1938 578 2003 eiusmodi
599 1937 790 2024 glossemate
816 1945 941 2000 enatam
968 1957 1038 2002 esse
1059 1943 1147 2020 puto.

197 2019 257 2084 Sue
280 2022 347 2086 icor
369 2033 473 2086 autem
494 2025 528 2087 in
551 2023 641 2106 libro,
664 2023 748 2086 unde
771 2021 930 2107 descripta
952 2031 1024 2086 sunt
1045 2019 1148 2088 verbe

196 2115 228 2170 et
248 2043 383 2170 darium
406 2117 438 2172 et
460 2108 713 2173 Vindoboueneis
729 2107 801 2171 libri
817 2107 858 2193 it),
881 2129 993 2172 vacem
1004 2113 1149 2186 fortunae

197 2211 293 2275 supra
305 2197 449 2270 fortuitae
465 2201 652 2260 dimicationi
665 2195 800 2280 positam
814 2194 928 2274 fuisse5
951 2214 1032 2276 quae
1052 2213 1150 2277 quum

197 2284 227 2340 et
249 2289 428 2342 correctura
450 2289 482 2344 et
510 2282 627 2344 omissa
654 2301 718 2344 vox
747 2278 858 2342 heberi
886 2276 1149 2363 pontentiacum

197 2371 253 2441 est,
277 2371 310 2424 ut
332 2362 464 2446 librarii,
488 2367 542 2451 qui
563 2365 664 2429 verba
693 2363 926 2444 exscriberent,
955 2361 1010 2425 alii
1038 2359 1149 2426 verbio

197 2452 340 2526 fortuitae
364 2457 550 2515 dimicationi
570 2450 743 2536 repudiatis
773 2447 874 2512 solum
901 2454 1045 2525 fortunae
1066 2446 1148 2512 reci-

198 2543 315 2616 perent,
333 2533 387 2596 alii
402 2557 466 2599 una
481 2559 552 2600 cum
566 2535 629 2607 illis
645 2534 840 2598 exhiberent.
873 2531 984 2617 Itaque
1003 2539 1150 2610 fortunae

198 2620 329 2680 removi.
363 2619 406 2683 At
428 2623 522 2684 etiam
544 2618 777 2705 pluraturbeta
792 2617 1033 2699 emendentur,
1050 2639 1150 2702 quum

197 2700 402 2769 vehementer
425 2706 472 2768 dis
497 2706 590 2769 liceat
611 2704 690 2769 illud
712 2711 816 2768 notuit.
850 2701 954 2766 Probo
976 2703 1060 2766 enim
1082 2701 1149 2766 De-

198 2787 268 2850 visii
281 2789 397 2853 verba:
413 2794 451 2871 ,si
466 2730 610 2854 durtunae
625 2812 693 2854 rem
709 2789 903 2854 committere
918 2787 1070 2868 noluit,
1093 2788 1150 2873 qui

197 2893 313 2956 quaeso
336 2875 462 2956 iactum,
485 2885 520 2938 ut
540 2876 692 2960 impetum
721 2875 841 2958 primus
862 2875 896 2937 in
924 2872 1049 2936 Octavii
1072 2894 1149 2957 qua·

196 2957 363 3023 driremem
384 2961 502 3024 faceret
523 2959 691 3024 Vatinius?
715 2960 788 3022 siin
804 2981 843 3022 ea
856 2959 968 3022 fuisset
981 2959 1148 3040 sententia,

194 3041 304 3128 digere
325 3046 428 3129 potius
450 3068 488 3108 ao
510 3045 714 3131 tergedum,
743 3042 796 3109 vel
818 3043 955 3130 quodam
976 3042 1069 3107 modo
1090 3064 1149 3128 pu·

194 3151 289 3212 gnam
316 3131 415 3194 vitare
438 3131 566 3196 debuit!
596 3131 707 3216 Itaque
735 3153 776 3196 ex
808 3128 878 3194 eod.
913 3127 1005 3192 Vind.
1038 3129 1148 3213 recepi

195 3221 297 3278 maluit
323 3235 380 3300 pro
412 3225 527 3292 notuit;
557 3217 674 3282 inserui
709 3217 803 3281 etiem
826 3228 920 3280 tamen
947 3211 1147 3298 particulam,

244 3369 269 3430 *f
287 3372 327 3418 Ex
345 3373 435 3422 eodem
453 3372 522 3422 fonte
545 3379 680 3436 utrumque
702 3370 795 3420 librum
818 3385 874 3420 esse
898 3367 1052 3434 derivatum,
1070 3369 1149 3418 etiam

196 3437 274 3484 verbe
293 3454 358 3500 quae
377 3441 462 3490 statim
480 3446 629 3504 sequuntur,
649 3440 829 3499 demonstrant,
851 3453 928 3501 quum
952 3443 1059 3502 uterque
1082 3437 1148 3487 liber

196 3502 284 3551 mirum
302 3505 374 3556 illum
392 3523 502 3558 errorem.
519 3508 613 3558 hebeat
630 3510 640 3560 i
645 3509 694 3559 ssi
699 3523 736 3558 us
755 3505 844 3558 Octaui
859 3521 905 3572 pro
922 3506 1015 3572 ipsius.
