2532 3968
448 268 704 336 PRAEFATIO.
941 270 1053 338 XXIII

103 441 236 508 formam
260 442 385 525 abiisse,
409 463 504 526 quum
519 442 695 507 sexcenties
717 442 750 504 in
771 440 861 504 libris
883 441 958 506 Mes.
981 463 1053 528 peo-

101 538 209 592 oatum
241 531 282 593 sit
309 527 522 613 permutandis
551 526 671 590 voculis
706 534 778 592 ilinc
806 533 890 592 butte
911 534 971 592 itus
992 535 1052 605 ieie,

103 616 199 678 etiam
226 624 329 698 patet,
358 613 512 699 quomodo
541 613 605 676 iam
632 611 772 697 reliquae
801 611 913 676 turbae
933 616 1054 678 moveri

101 700 270 784 potuerint.
311 698 373 777 Qui
395 701 477 763 enim
495 697 691 762 'antecedens
720 695 909 762 vocabulum
931 705 1054 763 dorsum

101 805 145 846 ex
166 785 239 846 trita
260 785 381 847 ratione
403 795 513 848 neutro
529 805 644 866 genere
660 781 843 867 accipiebat,
865 784 929 846 iam
950 783 1053 848 facere

101 870 308 953 non'potuit,
338 871 412 954 quin
439 877 520 934 tione
548 869 590 932 ad
619 867 730 932 collem
753 878 845 931 antea
867 889 1053 932 commemo.

100 963 217 1016 ratum
233 955 374 1018 referret.
411 953 454 1018 At
482 955 595 1020 collem
610 975 759 1038 ‚aequum
790 953 851 1016 diei
872 954 1052 1018 necessario

101 1036 306 1121 displicebat,
339 1050 447 1104 contra
479 1040 674 1126 aptissimum
703 1037 869 1102 videbatur
899 1039 1053 1103 eiusmodi

102 1123 263 1207 epitheton
285 1123 323 1187 de
346 1124 440 1188 dorso
461 1126 527 1210 iugi
549 1125 676 1188 dictum.
709 1123 787 1188 Inde
808 1123 996 1203 factumest,
1019 1132 1054 1188 ut

102 1208 250 1292 epithetis
280 1211 475 1274 commutatis
502 1233 627 1289 aequum
655 1210 781 1273 dorsum
807 1207 1052 1292 praedicaretur,

100 1300 251 1356 silvestris
274 1306 376 1358 autem
399 1306 430 1358 et
452 1309 599 1372 capestres
614 1293 712 1358 collis.
751 1293 952 1358 Recentiores
968 1293 1053 1358 deni·

103 1399 165 1463 que
188 1379 296 1459 critici,
327 1402 421 1465 quum
445 1381 544 1444 verba
565 1379 671 1466 qualia
693 1382 756 1442 iam
778 1378 931 1442 adornata
953 1389 1052 1462 erant,

102 1468 185 1527 bunc
210 1472 374 1528 silvestrem
404 1480 432 1528 et
460 1479 619 1544 encastum
648 1464 688 1527 ad
714 1465 913 1528 remotiorem
941 1483 1053 1530 vocem

101 1555 205 1612 collem
237 1550 350 1612 referri
382 1573 445 1614 non
478 1573 572 1635 posse
603 1549 837 1633 intellegerent,
867 1547 1053 1632 posthabitis

100 1634 217 1697 ceteris
255 1634 488 1699 difficultatibus
531 1645 642 1701 dorsus
677 1636 738 1698 hoc
772 1634 841 1698 loco
878 1632 1052 1696 masculino

125 1735 219 1782 onere
241 1742 259 1782 a
282 1719 418 1784 Caesare
433 1733 616 1806 usurpatum
640 1743 726 1800 esse,
749 1719 999 1803 pronuntiarunt.
1012 1754 1052 1764 -

100 1740 196 1881 δηθὰ
218 1804 259 1866 ad
280 1806 538 1888 significationem
560 1805 702 1869 adverbii
724 1813 795 1869 ltine
821 1805 945 1883 attinet,
976 1803 1052 1866 satis

100 1888 226 1952 videtur
247 1893 419 1971 monuisse,
441 1891 534 1976 plane
558 1891 668 1956 eadem
690 1892 722 1954 vi
742 1889 794 1953 bic
815 1890 949 1973 positum
972 1909 1052 1968 esse,

59 2031 63 2037 ,
101 1995 165 2060 qua
187 1997 282 2059 supra
303 1974 357 2040 lib.
380 1975 428 2057 Π,
458 1999 484 2039 c.
508 1977 547 2040 18
571 1978 773 2041 dictumest:
797 1981 883 2038 cottis
906 2019 1052 2040 ......

96 2081 216 2141 passae
238 2068 362 2125 circiter
384 2069 529 2127 ducentos
551 2071 669 2139 infimus
699 2072 850 2138 apertur,
868 2065 912 2124 ab
943 2079 1037 2137 supe

101 2151 214 2208 riore
239 2161 357 2224 parte
383 2155 540 2211 silvestris.

165 2229 289 2294 Initium
314 2254 340 2294 c.
363 2232 404 2294 46
426 2234 458 2294 in
480 2231 570 2295 libris
585 2231 804 2315 manuscriptis
826 2239 858 2294 et
878 2229 962 2315 typis
977 2249 1052 2291 exa·
1077 2285 1079 2292 ,

100 2315 179 2378 ratis
207 2316 253 2378 sic
281 2318 346 2380 fere
369 2317 495 2402 legitur:
533 2322 646 2397 Oppidi
673 2339 776 2381 murus
798 2321 835 2380 ab
853 2321 984 2395 planitie
1006 2326 1051 2376 ut·
1129 2389 1131 2394 Ι

101 2421 160 2479 que
182 2409 266 2465 initio
289 2423 434 2466 aseensus
456 2415 539 2467 recto
561 2410 696 2480 rectene.
720 2409 749 2464 si
769 2408 869 2465 nuilus
891 2406 1052 2479 anfractus

100 2492 308 2560 intercederet,
333 2493 413 2552 MCO
427 2510 543 2569 puseus
565 2494 685 2552 aberat:
714 2493 858 2566 quicquid
878 2493 967 2551 ituic
990 2492 1052 2548 cir·-

101 2578 201 2634 cuitus
231 2579 272 2636 ad
299 2579 484 2636 molliendum
507 2581 612 2637 clivum
639 2584 825 2654 accesserat,
863 2579 896 2636 id
922 2577 1052 2650 spatium

100 2662 220 2720 itineris
247 2664 382 2738 supetat.
420 2657 645 2742 Nipperdeius,
676 2659 726 2721 cui
756 2665 827 2722 ituit
847 2679 911 2720 non
932 2654 1051 2720 hebere

98 2739 277 2822 videbatur,
301 2764 361 2828 quo
382 2743 561 2824 referretur,
585 2766 680 2829 quum
701 2765 804 2828 neque
820 2742 861 2806 ad
876 2761 1051 2819 ascensum,

99 2847 204 2911 neque
233 2827 273 2890 ed
299 2827 427 2908 collem,
450 2828 657 2914 neodenique
679 2828 719 2891 ad
741 2836 860 2892 rectam
889 2826 1052 2909 regionem

99 2912 231 2975 circuitu
250 2913 419 2999 quidquam
435 2913 508 2976 addi
523 2924 638 2998 posset,
661 2922 720 2978 leuc
741 2911 941 2976 scribendum
956 2908 1051 2992 idque

99 2996 149 3060 ad
173 3019 360 3082 passuum
380 3019 582 3061 numerum
603 2999 804 3064 referendum
820 3013 889 3062 esse
906 2995 1050 3059 coniecit.

99 3080 144 3145 At
164 3082 318 3148 insulsum
337 3093 369 3146 et
389 3085 528 3169 ineptum
545 3085 728 3168 scriptorem
745 3083 914 3146 Caesarem
931 3077 1052 3142 habere

99 3187 231 3231 necesse
253 3178 309 3250 est,
333 3169 359 3232 si
382 3191 454 3232 eum
480 3170 561 3233 serio
586 3191 653 3234 rem
675 3168 745 3232 luce
767 3167 931 3231 elatiorem
955 3184 995 3226 ex
1019 3183 1051 3224 o-

100 3252 202 3316 suisse
228 3252 375 3335 facimus,
406 3276 443 3320 eo
466 3255 550 3340 quod
572 3255 718 3318 circuitus
741 3253 782 3316 ad
803 3253 938 3336 spatium
959 3243 1050 3310 Meo

98 3357 249 3421 passuum
276 3339 457 3421 accederet,
495 3341 629 3424 spatium
661 3361 730 3402 esse
758 3347 893 3402 auctum.
931 3331 1053 3404 Contra

99 3422 218 3506 optimo
248 3443 283 3486 se
308 3422 425 3488 habere
454 3424 578 3489 videtur
604 3422 756 3488 librorum
778 3423 932 3506 scriptura
963 3427 1050 3494 ituit,

97 3527 196 3593 quum
219 3507 268 3588 id,
297 3509 381 3593 quod
400 3509 610 3594 Nipperdeius
638 3508 768 3590 obleeit,
792 3508 957 3592 quominus
981 3509 1054 3572 huic
