2562 3966
371 263 505 330 OOMM.
528 265 588 328 VII
611 263 704 330 ΟΑΡ.
727 263 862 330 23-27.
1032 265 1093 328 155

140 437 245 500 visum
271 435 533 522 praetereundum
562 457 625 500 non
655 438 913 501 existimavimus.
957 433 1095 514 Quidam

141 531 214 586 ante
235 531 361 606 portam
382 521 488 606 oppidi
511 519 621 584 Gallus
649 543 707 607 per
733 543 844 585 manus
867 521 935 586 sevi
957 541 995 584 ac
1038 520 1094 584 icis

141 605 271 671 traditas
293 605 405 691 glebas
426 607 580 691 inignem
602 627 619 669 e
640 607 769 691 regione
784 608 878 670 turris
893 543 1093 692 proficiebat:

142 692 307 776 scorpione
329 690 369 755 ab
397 688 494 754 latere
520 689 631 756 dextm
658 695 806 756 traiectus
835 691 1094 775 exanimatusque

142 775 286 841 concidit.
331 775 425 839 Hunc
452 797 492 839 ex
520 777 673 859 proximis
702 797 782 841 unus
810 777 965 840 iacentem
995 785 1094 838 trans·

142 883 269 946 gressus
285 860 397 926 eodem
411 859 464 924 illo
480 882 609 925 munere
623 861 826 947 fungebatur3
849 861 960 924 eadem
974 861 1095 924 ratione

142 949 207 1010 ictu
229 946 400 1032 scorpionis
426 948 614 1010 exanimato·
632 947 723 1010 alteri
752 949 904 1011 successit
931 947 1042 1010 tertius
1065 954 1096 1008 et

142 1032 234 1096 tertio
257 1040 396 1118 quartus,
425 1051 484 1095 nec
510 1034 597 1116 prius
625 1031 678 1096 ille
701 1040 749 1096 est
771 1054 790 1095 a
811 1029 1095 1117 propugnatoribus

142 1137 260 1180 vacuus
283 1115 410 1183 rehctus
438 1115 542 1197 locus,
572 1139 666 1202 quam
692 1118 841 1181 restincto
864 1137 980 1201 aggere
1002 1125 1095 1200 atque

142 1203 229 1350 pmni
251 1223 291 1265 ex
318 1210 407 1288 parte
434 1200 585 1266 submotis
608 1201 749 1267 hostibus
770 1201 842 1266 finis
864 1213 913 1266 est
933 1199 1095 1287 pugnandi

155 1297 252 1352 actus.
1072 1321 1074 1328 ·

206 1371 256 1436 26.
280 1370 396 1436 Omnia
417 1373 538 1456 experti
550 1370 643 1452 Galli,
667 1373 750 1459 quod
763 1393 814 1436 res
829 1371 917 1436 nulla
938 1392 1096 1435 successe·

141 1468 200 1537 rat,
223 1468 349 1542 postero
371 1456 421 1519 die
444 1457 608 1522 consilium
630 1479 666 1522 ce
689 1468 782 1523 erunt
814 1479 855 1521 ex
883 1457 997 1543 oppido
1049 1478 1094 1520 ro·

140 1541 253 1625 fugere
275 1541 418 1606 hortante
440 1553 471 1606 et
492 1541 619 1606 iubente
672 1544 909 1628 ercingetorige.
941 1541 980 1605 ld
996 1479 1093 1604 silen-

136 1628 187 1691 tio
215 1627 315 1690 noctis
344 1628 447 1691 conati
474 1649 537 1692 non
565 1649 681 1712 magna
713 1629 833 1692 iactura
867 1649 996 1691 suorum
1025 1645 1095 1689 sese

143 1713 309 1776 effecturos
339 1711 524 1796 sperabant,
554 1722 721 1798 propterea
755 1713 839 1800 quod
872 1734 976 1798 neque
1003 1711 1096 1796 longe

143 1797 183 1860 ab
207 1797 321 1883 oppido
351 1807 453 1860 castra
481 1797 746 1882 Vercingetorigis
770 1797 908 1879 aberant,
943 1805 974 1860 ct
995 1795 1094 1882 palus,

144 1905 224 1968 quae
262 1890 391 1968 erpetua
405 1882 626 1963 intercedebat,
642 1883 798 1948 Romanos
814 1882 855 1946 ad
869 1880 1095 1967 insequendum

142 1905 296 2031 tardabat.
335 1966 462 2053 Iamque
477 1967 537 2032 hoc
550 1967 653 2031 iacere
675 1979 768 2032 noctu
784 1967 988 2054 apparabant,
1002 1987 1094 2052 quum

143 2051 400 2116 matresfamiliae
439 2062 568 2137 repente
610 2053 645 2116 in
680 2053 840 2140 publicum
871 2063 1096 2138 procurrerunt

144 2136 318 2224 flentesque
340 2139 498 2223 proiectae
520 2137 562 2201 ad
581 2138 678 2222 pedes
701 2161 828 2204 suorum
855 2137 1000 2202 omnibus
1025 2157 1094 2221 pre

144 2222 234 2287 cibus
256 2224 420 2308 petierunt,
443 2245 483 2286 nc
507 2244 540 2286 se
563 2235 594 2286 et
616 2245 796 2287 communes
819 2223 935 2288 liberos
953 2221 1094 2287 hostibus

144 2307 185 2372 ad
207 2308 395 2394 supplicium
417 2307 580 2388 dederent,
615 2331 693 2394 quos
716 2310 756 2372 ad
778 2307 963 2395 capiendam
991 2308 1096 2392 fugam

144 2403 275 2457 naturae
297 2402 328 2457 et
349 2394 464 2457 virium
492 2392 656 2457 infirmitas
684 2394 858 2478 impediret.
902 2393 966 2457 Ubi
988 2393 1095 2455 cosin

145 2480 302 2542 sententia
346 2489 464 2542 erstare
479 2477 636 2557 viderunt,
661 2479 744 2562 quod
758 2479 943 2564 plerumque
965 2479 999 2540 in
1014 2499 1095 2540 sum-

144 2586 196 2628 mo
218 2564 305 2648 peric
339 2565 472 2628 cthnor
498 2563 744 2627 misericordiam
773 2586 835 2628 non
868 2564 993 2647 recipit,
1025 2583 1096 2626 con-

145 2648 282 2718 clamare
312 2658 343 2712 et
372 2649 549 2732 significare
579 2647 618 2710 de
645 2648 721 2734 fuga
741 2649 890 2713 Romanis
917 2657 1095 2732 coeperunt.

146 2732 217 2812 Quo
239 2734 350 2798 timore
371 2733 528 2818 perterriti
550 2732 650 2815 Galli,
684 2757 725 2799 ne
758 2733 797 2797 ab
820 2734 961 2820 equitatu
982 2733 1094 2795 Roma-

145 2837 258 2883 norum
278 2819 350 2882 viae
371 2829 686 2903 praeoccuparentur,
710 2818 842 2883 consilio
864 2819 1060 2882 destiterunt.

210 2903 262 2966 27.
284 2902 415 2967 Postero
438 2903 489 2967 dic
508 2902 626 2966 Cacsar
646 2915 789 2988 promota
810 2905 888 2967 turri
910 2903 1097 2987 directisque

147 2987 305 3074 operibus,
329 3011 409 3074 quae
430 2988 535 3052 facere
557 2988 747 3070 instituerat,
778 3010 892 3074 magno
915 2997 1020 3052 coorto
1042 2986 1096 3050 im-

146 3073 203 3138 bre
226 3095 289 3138 non
310 3073 453 3137 inutilem
475 3072 557 3136 hanc
578 3073 619 3137 ad
640 3073 827 3158 capiendum
843 3072 1007 3139 consilium
1021 3081 1097 3134 tem·

169 3167 300 3222 estatem
321 3159 490 3222 arbitratus
513 3166 569 3239 est,
593 3158 676 3244 quod
698 3157 792 3243 paulo
815 3159 968 3223 incautius
998 3168 1097 3220 custo·

146 3181 215 3308 dios
236 3245 270 3307 in
291 3265 380 3308 muro
408 3243 574 3344 dispositas
601 3243 739 3326 videbat,
763 3265 898 3329 suosque
920 3241 1097 3327 languidius

147 3330 179 3390 in
202 3349 296 3414 opere
317 3330 440 3392 versari
460 3329 552 3392 iussit
573 3338 612 3410 et,
636 3329 712 3414 quid
732 3329 802 3393 fieri
823 3327 928 3410 vellet,
952 3324 1097 3391 ostendit.

147 3411 402 3502 Legionibusque
423 3415 505 3477 intra
532 3414 642 3478 vineas
670 3415 704 3477 in
727 3413 848 3478 occulto
871 3411 1026 3497 expeditis
1049 3433 1098 3476 co

147 3496 296 3580 hortatus,
319 3497 544 3585 utaliquando
573 3519 631 3585 pro
652 3500 747 3563 tantis
776 3496 936 3564 laboribus
964 3497 1097 3562 fructum
