2562 3966
177 217 240 282 122
432 216 494 280 DE
515 217 660 283 BELLO
684 216 876 282 GALLICO

175 386 300 452 facilius
332 385 476 452 hostibus
508 390 630 454 timoris
664 388 718 453 det
751 389 978 473 suspicionem,
1015 392 1138 456 maiore

177 474 311 558 strepitu
326 481 358 537 01
372 473 517 557 tumultu,
542 496 637 560 00001
651 475 692 560 po
716 473 761 538 uli
775 474 910 536 Romani
924 473 986 538 sert
1004 495 1137 540 consue·

176 559 263 641 tudo,
287 570 392 622 castra
413 561 537 624 moveri
550 559 648 625 iubet.
685 497 746 623 llis
767 559 862 624 rebus
885 559 978 643 fugae
1001 559 1137 625 similem

175 643 404 730 profectionem
427 644 540 708 effecit.
577 645 667 708 Haec
692 666 817 731 000000
838 667 897 730 per
919 643 1138 729 exploratores

177 739 250 794 ante
287 729 391 794 lucem
423 731 456 794 in
488 739 577 794 tanta
612 732 846 816 propinquitate
883 739 1059 798 castrorum
1095 730 1138 796 ad

176 814 284 880 hostes
307 815 501 880 deferuntur.

241 902 271 964 8.
304 901 369 964 Vix
392 923 506 986 agmen
524 903 730 966 novissimum
748 903 841 966 extra
858 903 1048 967 munitiones
1067 925 1140 988 pro·

177 995 326 1068 cesserat,
351 1009 447 1072 quum
470 986 554 1051 Galli
577 986 730 1052 cohortati
751 988 834 1051 inter
856 1009 899 1069 se,
921 1011 963 1052 ne
980 999 1138 1073 speratam

176 1071 329 1158 praedam
352 1095 393 1136 ex
415 1072 562 1136 manibus
586 1073 793 1155 dimitterent,
816 1072 946 1158 longum
974 1096 1044 1137 esso
1066 1096 1138 1158 per·

177 1158 295 1222 territis
325 1157 476 1222 Romanis
507 1157 737 1222 Germanorum
767 1157 920 1235 auxilium
943 1168 1140 1244 exspectare,

176 1266 281 1328 nequo
310 1266 399 1307 suam
428 1244 495 1328 pati
524 1244 725 1328 dignitatem,
759 1253 794 1307 ut
822 1245 919 1308 tantis
949 1246 1047 1329 copiis
1073 1254 1139 1308 tam

178 1330 327 1414 exiguam
355 1351 483 1392 manum
510 1331 696 1414 praesertim
724 1329 897 1415 fugientem
924 1338 1018 1415 01000
1039 1331 1139 1415 impe·

178 1414 276 1478 ditarn
298 1415 415 1478 adoriri
436 1437 500 1478 000
522 1415 669 1496 audeant,
691 1413 811 1478 flumen
835 1416 969 1478 transire
985 1424 1016 1478 01
1029 1417 1140 1502 iniquo

178 1499 247 1564 1000
271 1501 467 1564 committere
489 1499 644 1585 proelium
672 1523 736 1564 non
759 1499 913 1564 dubitant.
959 1498 1048 1578 Quae
1070 1500 1138 1563 fore

177 1608 231 1650 sus
254 1586 355 1649 icatus
377 1584 548 1666 Labienus,
571 1595 606 1648 ut
629 1607 738 1649 omnes
762 1587 841 1649 citra
859 1585 977 1651 flumen
999 1585 1139 1670 eliceret,

178 1693 216 1736 00
240 1693 290 1734 010
314 1693 391 1734 0000
420 1670 619 1734 simulatione
646 1671 767 1735 itineris
797 1671 922 1757 placide
956 1671 1137 1756 progredie-

177 1756 280 1821 batur.
315 1757 396 1818 Tum
418 1757 599 1841 praemissis
628 1756 759 1842 paulum
785 1757 1018 1842 impedimentis
1044 1766 1141 1843 atque

177 1833 211 1906 in
243 1841 363 1905 tumulo
392 1841 529 1926 quodam
552 1841 723 1924 collocatis,
756 1843 904 1924 Habetis,
939 1844 1050 1944 inquit,
1083 1844 1140 1908 mi·

178 1927 265 2009 lites,
300 1949 394 2013 quam
426 1928 565 2011 petistis,
599 1927 797 1992 facultatem:
831 1929 954 1993 hostem
987 1929 1139 2014 impedito

179 2023 273 2098 01000
302 2013 409 2098 101000
437 2012 507 2077 1000
536 2014 667 2076 100011οε
700 2022 860 2098 praestate
884 2013 1018 2078 eandem
1046 2014 1140 2078 nobis

179 2097 312 2162 ducibus
351 2099 521 2180 virtutem,
577 2120 650 2161 uam
691 2120 918 2182 saepenumero
957 2100 1140 2184 imperatori

177 2184 397 2270 praestitistis,
426 2194 520 2268 atque
542 2122 632 2246 illum
655 2183 767 2246 adesse
790 2184 922 2249 ethaeo
944 2207 1050 2249 coram
1073 2205 1140 2247 cer·

177 2291 254 2332 nere
282 2271 469 2332 existimate.
514 2267 614 2332 Simul
646 2269 737 2352 signa
766 2269 807 2332 ad
844 2268 967 2333 hostem
997 2270 1140 2334 converti

179 2356 343 2439 aciemque
367 2354 425 2418 diri
451 2355 457 2369 '
481 2353 569 2416 iubet
592 2363 624 2416 01
644 2355 753 2437 paucis
775 2356 887 2418 turmis
938 2354 1077 2418 raesidio
1100 2353 1140 2418 ad

178 2439 402 2524 impedimenta
427 2378 565 2502 dimissis
588 2438 726 2522 reliquos
743 2441 864 2524 equites
887 2378 937 2502 ad
949 2439 1053 2503 latera
1074 2439 1140 2503 dis·

178 2527 275 2626 ponit.
311 2524 465 2589 Celeriter
493 2525 594 2586 nostri
610 2523 748 2588 clamore
764 2523 888 2588 sublato
903 2525 969 2610 pila
983 2525 1017 2588 in
1031 2525 1141 2590 hostes

178 2612 359 2674 0010111001.
392 2607 458 2689 1111,
492 2607 547 2671 nbi
573 2619 698 2693 praeter
727 2632 817 2696 spem
839 2633 917 2696 quos
939 2610 1051 2694 fugere
1073 2633 1141 2674 cre-

179 2695 297 2760 debant
324 2693 446 2757 infestis
477 2693 575 2778 signis
599 2693 640 2758 ad
670 2696 772 2759 seire
795 2695 957 2779 viderunt,
986 2697 1140 2780 impetum

179 2781 273 2845 modo
300 2779 383 2842 ferre
415 2801 479 2843 non
512 2789 682 2863 potuerunt
711 2803 749 2845 ac
781 2781 881 2866 primo
916 2803 1073 2846 concursu
1106 2783 1140 2844 10

179 2867 287 2952 fugam
310 2867 444 2929 coniecti
465 2867 625 2950 proximas
649 2865 745 2930 silvas
767 2868 933 2951 petierunt.
964 2866 1052 2946 Quos
1080 2866 1142 2930 La-

179 2953 293 3016 bienus
331 2952 469 3037 equitatu
505 2960 702 3018 consectatus
732 2974 848 3036 magno
878 2975 1010 3017 numero
1046 2953 1142 3018 inter-

180 3039 262 3102 fecto
274 3086 282 3120 ,
322 3036 535 3122 compluribus
564 3038 664 3122 captis
692 3039 802 3122 paucis
830 3047 903 3123 post
928 3037 1040 3102 diebus
1068 3041 1141 3102 civi·

180 3132 277 3188 tatem
298 3125 427 3206 recepit.
456 3122 539 3185 Nam
559 3121 721 3204 Germani,
745 3124 799 3209 qui
821 3123 938 3187 auxilio
959 3123 1141 3207 veniebant,

203 3218 330 3293 ercepta
351 3208 563 3273 Treverorum
592 3207 667 3292 fuga
689 3231 759 3272 sese
787 3209 916 3274 domum
942 3218 1141 3294 receperunt.

179 3231 263 3358 bum
299 3293 348 3357 his
391 3294 559 3379 propinqui
595 3293 823 3377 Indutiomari,
867 3295 920 3380 qui
957 3294 1141 3360 defectionis

182 3388 325 3442 auctores
354 3377 492 3459 fuerant,
519 3379 658 3442 comitati
681 3402 734 3443 eos
765 3403 806 3444 ex
835 3381 961 3444 civitate
996 3402 1141 3444 excesse-

179 3471 264 3526 runt.
309 3462 520 3548 Cingetorigi,
555 3487 648 3548 quem
678 3464 718 3531 ab
748 3467 837 3530 initio
866 3468 1078 3552 permansisse
1108 3467 1141 3531 in
