<?xml version="1.0" encoding="UTF-8"?>
<!DOCTYPE html PUBLIC "-//W3C//DTD XHTML 1.0 Transitional//EN"
    "http://www.w3.org/TR/xhtml1/DTD/xhtml1-transitional.dtd">
<html xmlns="http://www.w3.org/1999/xhtml" xml:lang="en" lang="en">
 <head>
  <title>
</title>
<meta http-equiv="Content-Type" content="text/html;charset=utf-8" />
  <meta name='ocr-system' content='tesseract 3.04.00' />
  <meta name='ocr-capabilities' content='ocr_page ocr_carea ocr_par ocr_line ocrx_word'/>
</head>
<body>
  <div class='ocr_page' id='page_1' title='image "./ciuliicaesarisc01hirtgoog_0601.png"; bbox 0 0 2490 3974; ppageno 0'>
   <div class='ocr_carea' id='block_1_1' title="bbox 197 267 906 336">
    <p class='ocr_par' dir='ltr' id='par_1_1' title="bbox 197 267 906 336">
     <span class='ocr_line' id='line_1_1' title="bbox 197 267 906 336; baseline 0.006 -4"><span class='ocrx_word' id='word_1_1' title='bbox 197 267 260 332; x_wconf 79' lang='lat'>254</span> <span class='ocrx_word' id='word_1_2' title='bbox 461 268 589 331; x_wconf 80' lang='lat' dir='ltr'>BELLl</span> <span class='ocrx_word' id='word_1_3' title='bbox 612 269 906 336; x_wconf 79' lang='lat' dir='ltr'>HISPANIENSIS</span> 
     </span>
    </p>
   </div>
   <div class='ocr_carea' id='block_1_2' title="bbox 192 439 1187 3592">
    <p class='ocr_par' dir='ltr' id='par_1_2' title="bbox 192 439 1187 3592">
     <span class='ocr_line' id='line_1_2' title="bbox 197 439 1187 510; baseline 0.007 -7"><span class='ocrx_word' id='word_1_4' title='bbox 197 442 262 504; x_wconf 84' lang='lat' dir='ltr'>vati</span> <span class='ocrx_word' id='word_1_5' title='bbox 299 448 414 504; x_wconf 82' lang='lat' dir='ltr'>essent</span> <span class='ocrx_word' id='word_1_6' title='bbox 457 439 538 502; x_wconf 80' lang='lat' dir='ltr'>Nam</span> <span class='ocrx_word' id='word_1_7' title='bbox 582 439 765 505; x_wconf 79' lang='lat' dir='ltr'>ceciderimt</span> <span class='ocrx_word' id='word_1_8' title='bbox 808 465 851 506; x_wconf 88' lang='lat' dir='ltr'>ex</span> <span class='ocrx_word' id='word_1_9' title='bbox 891 441 954 509; x_wconf 86' lang='lat' dir='ltr'>levi</span> <span class='ocrx_word' id='word_1_10' title='bbox 990 456 1187 510; x_wconf 80' lang='lat' dir='ltr'>armatura</span> 
     </span>
     <span class='ocr_line' id='line_1_3' title="bbox 198 523 1185 618; baseline 0.005 -28"><span class='ocrx_word' id='word_1_11' title='bbox 198 532 376 607; x_wconf 77' lang='lat' dir='ltr'>GCCXXHH,</span> <span class='ocrx_word' id='word_1_12' title='bbox 390 547 434 589; x_wconf 86' lang='lat' dir='ltr'>ex</span> <span class='ocrx_word' id='word_1_13' title='bbox 447 523 629 609; x_wconf 77' lang='lat' dir='ltr'>legionariis</span> <span class='ocrx_word' id='word_1_14' title='bbox 646 532 819 609; x_wconf 74' lang='lat' dir='ltr'>cxxxviii,</span> <span class='ocrx_word' id='word_1_15' title='bbox 862 541 1070 614; x_wconf 86' lang='lat' dir='ltr'>raeterquam</span> <span class='ocrx_word' id='word_1_16' title='bbox 1092 555 1185 618; x_wconf 76' lang='lat' dir='ltr'>quo</span> 
     </span>
     <span class='ocr_line' id='line_1_4' title="bbox 197 551 1184 697; baseline 0.005 -22"><span class='ocrx_word' id='word_1_17' title='bbox 197 633 266 675; x_wconf 84' lang='lat' dir='ltr'>rum</span> <span class='ocrx_word' id='word_1_18' title='bbox 277 633 365 674; x_wconf 84' lang='lat' dir='ltr'>arma</span> <span class='ocrx_word' id='word_1_19' title='bbox 375 621 407 674; x_wconf 89' lang='lat' dir='ltr'>et</span> <span class='ocrx_word' id='word_1_20' title='bbox 417 609 518 695; x_wconf 80' lang='lat' dir='ltr'>spolia</span> <span class='ocrx_word' id='word_1_21' title='bbox 528 608 624 674; x_wconf 79' lang='lat' dir='ltr'>allata</span> <span class='ocrx_word' id='word_1_22' title='bbox 635 621 716 675; x_wconf 86' lang='lat' dir='ltr'>sunt.</span> <span class='ocrx_word' id='word_1_23' title='bbox 727 612 777 675; x_wconf 86' lang='lat' dir='ltr'>Ita</span> <span class='ocrx_word' id='word_1_24' title='bbox 786 551 890 697; x_wconf 78' lang='lat' dir='ltr'>pridie</span> <span class='ocrx_word' id='word_1_25' title='bbox 901 615 1036 680; x_wconf 88' lang='lat' dir='ltr'>ducrum</span> <span class='ocrx_word' id='word_1_26' title='bbox 1048 627 1184 679; x_wconf 81' lang='lat' dir='ltr'>centn-</span> 
     </span>
     <span class='ocr_line' id='line_1_5' title="bbox 197 695 1181 784; baseline 0.002 -22"><span class='ocrx_word' id='word_1_27' title='bbox 197 698 320 762; x_wconf 89' lang='lat' dir='ltr'>rionum</span> <span class='ocrx_word' id='word_1_28' title='bbox 341 697 480 760; x_wconf 88' lang='lat' dir='ltr'>interitio</span> <span class='ocrx_word' id='word_1_29' title='bbox 501 695 562 758; x_wconf 81' lang='lat' dir='ltr'>hec</span> <span class='ocrx_word' id='word_1_30' title='bbox 583 696 835 762; x_wconf 82' lang='lat' dir='ltr'>adversariomm</span> <span class='ocrx_word' id='word_1_31' title='bbox 860 721 963 784; x_wconf 85' lang='lat' dir='ltr'>poene</span> <span class='ocrx_word' id='word_1_32' title='bbox 984 711 1034 764; x_wconf 91' lang='lat' dir='ltr'>est</span> <span class='ocrx_word' id='word_1_33' title='bbox 1058 701 1181 765; x_wconf 77' lang='lat' dir='ltr'>litata</span> 
     </span>
     <span class='ocr_line' id='line_1_6' title="bbox 260 781 1179 886; baseline 0.005 -42"><span class='ocrx_word' id='word_1_34' title='bbox 260 783 310 845; x_wconf 81' lang='lat'>25.</span> <span class='ocrx_word' id='word_1_35' title='bbox 333 782 515 866; x_wconf 79' lang='lat' dir='ltr'>Insequenti</span> <span class='ocrx_word' id='word_1_36' title='bbox 537 781 588 844; x_wconf 88' lang='lat' dir='ltr'>die</span> <span class='ocrx_word' id='word_1_37' title='bbox 620 783 691 866; x_wconf 89' lang='lat' dir='ltr'>pari</span> <span class='ocrx_word' id='word_1_38' title='bbox 722 784 949 849; x_wconf 85' lang='lat' dir='ltr'>consuetudine</span> <span class='ocrx_word' id='word_1_39' title='bbox 981 807 1091 886; x_wconf 87' lang='lat' dir='ltr'>quum</span> <span class='ocrx_word' id='word_1_40' title='bbox 1131 788 1179 849; x_wconf 85' lang='lat' dir='ltr'>ad</span> 
     </span>
     <span class='ocr_line' id='line_1_7' title="bbox 198 867 1177 956; baseline 0.004 -25"><span class='ocrx_word' id='word_1_41' title='bbox 198 869 332 932; x_wconf 90' lang='lat' dir='ltr'>eundem</span> <span class='ocrx_word' id='word_1_42' title='bbox 355 867 458 931; x_wconf 90' lang='lat' dir='ltr'>locum</span> <span class='ocrx_word' id='word_1_43' title='bbox 480 867 548 930; x_wconf 88' lang='lat' dir='ltr'>eius</span> <span class='ocrx_word' id='word_1_44' title='bbox 570 867 761 951; x_wconf 81' lang='lat' dir='ltr'>praesidium</span> <span class='ocrx_word' id='word_1_45' title='bbox 775 871 925 952; x_wconf 83' lang='lat' dir='ltr'>venisset,</span> <span class='ocrx_word' id='word_1_46' title='bbox 947 872 1092 956; x_wconf 78' lang='lat' dir='ltr'>pustino</span> <span class='ocrx_word' id='word_1_47' title='bbox 1111 871 1177 935; x_wconf 91' lang='lat' dir='ltr'>illo</span> 
     </span>
     <span class='ocr_line' id='line_1_8' title="bbox 197 952 1175 1040; baseline 0.003 -24"><span class='ocrx_word' id='word_1_48' title='bbox 197 975 254 1018; x_wconf 88' lang='lat' dir='ltr'>suo</span> <span class='ocrx_word' id='word_1_49' title='bbox 275 952 444 1016; x_wconf 87' lang='lat' dir='ltr'>utebantur</span> <span class='ocrx_word' id='word_1_50' title='bbox 464 953 622 1015; x_wconf 89' lang='lat' dir='ltr'>instituto:</span> <span class='ocrx_word' id='word_1_51' title='bbox 659 975 734 1016; x_wconf 84' lang='lat' dir='ltr'>narn</span> <span class='ocrx_word' id='word_1_52' title='bbox 788 964 892 1017; x_wconf 88' lang='lat' dir='ltr'>raeter</span> <span class='ocrx_word' id='word_1_53' title='bbox 920 957 1042 1040; x_wconf 77' lang='lat' dir='ltr'>equites</span> <span class='ocrx_word' id='word_1_54' title='bbox 1066 957 1175 1018; x_wconf 88' lang='lat' dir='ltr'>nullo</span> 
     </span>
     <span class='ocr_line' id='line_1_9' title="bbox 197 977 1175 1124; baseline 0.004 -24"><span class='ocrx_word' id='word_1_55' title='bbox 197 1037 266 1103; x_wconf 89' lang='lat' dir='ltr'>loco</span> <span class='ocrx_word' id='word_1_56' title='bbox 288 1059 388 1124; x_wconf 84' lang='lat' dir='ltr'>aequo</span> <span class='ocrx_word' id='word_1_57' title='bbox 411 1059 446 1100; x_wconf 91' lang='lat' dir='ltr'>se</span> <span class='ocrx_word' id='word_1_58' title='bbox 468 1039 663 1100; x_wconf 83' lang='lat' dir='ltr'>committere</span> <span class='ocrx_word' id='word_1_59' title='bbox 685 977 854 1102; x_wconf 77' lang='lat' dir='ltr'>audebant</span> <span class='ocrx_word' id='word_1_60' title='bbox 878 1039 982 1119; x_wconf 77' lang='lat' dir='ltr'>Quum</span> <span class='ocrx_word' id='word_1_61' title='bbox 1003 1043 1118 1104; x_wconf 86' lang='lat' dir='ltr'>nostri</span> <span class='ocrx_word' id='word_1_62' title='bbox 1134 1043 1175 1104; x_wconf 92' lang='lat' dir='ltr'>in</span> 
     </span>
     <span class='ocr_line' id='line_1_10' title="bbox 198 1123 1172 1208; baseline 0.002 -19"><span class='ocrx_word' id='word_1_63' title='bbox 198 1145 292 1208; x_wconf 90' lang='lat' dir='ltr'>opere</span> <span class='ocrx_word' id='word_1_64' title='bbox 315 1131 430 1202; x_wconf 88' lang='lat' dir='ltr'>essent,</span> <span class='ocrx_word' id='word_1_65' title='bbox 464 1123 604 1208; x_wconf 87' lang='lat' dir='ltr'>equitum</span> <span class='ocrx_word' id='word_1_66' title='bbox 627 1125 737 1207; x_wconf 86' lang='lat' dir='ltr'>copiae</span> <span class='ocrx_word' id='word_1_67' title='bbox 760 1143 930 1188; x_wconf 79' lang='lat' dir='ltr'><strong>concursus</strong></span> <span class='ocrx_word' id='word_1_68' title='bbox 953 1125 1060 1190; x_wconf 86' lang='lat' dir='ltr'>facere</span> <span class='ocrx_word' id='word_1_69' title='bbox 1088 1148 1172 1191; x_wconf 85' lang='lat' dir='ltr'>coe-</span> 
     </span>
     <span class='ocr_line' id='line_1_11' title="bbox 219 1205 1168 1296; baseline 0.003 -24"><span class='ocrx_word' id='word_1_70' title='bbox 219 1219 319 1289; x_wconf 89' lang='lat' dir='ltr'>erunt,</span> <span class='ocrx_word' id='word_1_71' title='bbox 356 1205 511 1292; x_wconf 87' lang='lat' dir='ltr'>simulque</span> <span class='ocrx_word' id='word_1_72' title='bbox 543 1207 790 1272; x_wconf 84' lang='lat' dir='ltr'>vociferantibus</span> <span class='ocrx_word' id='word_1_73' title='bbox 823 1208 1014 1293; x_wconf 82' lang='lat' dir='ltr'>legionariis,</span> <span class='ocrx_word' id='word_1_74' title='bbox 1054 1233 1168 1296; x_wconf 91' lang='lat' dir='ltr'>quum</span> 
     </span>
     <span class='ocr_line' id='line_1_12' title="bbox 196 1231 1167 1382; baseline 0.002 -24"><span class='ocrx_word' id='word_1_75' title='bbox 196 1231 299 1358; x_wconf 82' lang='lat' dir='ltr'>lbcum</span> <span class='ocrx_word' id='word_1_76' title='bbox 322 1292 534 1378; x_wconf 85' lang='lat' dir='ltr'>efflagitarent</span> <span class='ocrx_word' id='word_1_77' title='bbox 555 1292 573 1329; x_wconf 71' lang='lat'>¹⁵</span> <span class='ocrx_word' id='word_1_78' title='bbox 594 1303 630 1355; x_wconf 91' lang='lat' dir='ltr'>ut</span> <span class='ocrx_word' id='word_1_79' title='bbox 651 1295 794 1358; x_wconf 81' lang='lat' dir='ltr'>consueti</span> <span class='ocrx_word' id='word_1_80' title='bbox 815 1297 940 1382; x_wconf 89' lang='lat' dir='ltr'>insequi</span> <span class='ocrx_word' id='word_1_81' title='bbox 968 1297 1167 1360; x_wconf 83' lang='lat' dir='ltr'>existimare</span> 
     </span>
     <span class='ocr_line' id='line_1_13' title="bbox 217 1377 1165 1464; baseline 0 -20"><span class='ocrx_word' id='word_1_82' title='bbox 217 1401 304 1445; x_wconf 90' lang='lat' dir='ltr'>osses</span> <span class='ocrx_word' id='word_1_83' title='bbox 326 1379 541 1464; x_wconf 82' lang='lat' dir='ltr'>paratissimos</span> <span class='ocrx_word' id='word_1_84' title='bbox 562 1398 633 1441; x_wconf 88' lang='lat' dir='ltr'>esse</span> <span class='ocrx_word' id='word_1_85' title='bbox 655 1378 696 1442; x_wconf 83' lang='lat' dir='ltr'>ad</span> <span class='ocrx_word' id='word_1_86' title='bbox 724 1377 951 1461; x_wconf 88' lang='lat' dir='ltr'>dimicandum,</span> <span class='ocrx_word' id='word_1_87' title='bbox 988 1382 1094 1444; x_wconf 88' lang='lat' dir='ltr'>nostri</span> <span class='ocrx_word' id='word_1_88' title='bbox 1120 1405 1165 1444; x_wconf 88' lang='lat' dir='ltr'>ex</span> 
     </span>
     <span class='ocr_line' id='line_1_14' title="bbox 195 1403 1162 1549; baseline 0.003 -22"><span class='ocrx_word' id='word_1_89' title='bbox 195 1403 306 1528; x_wconf 78' lang='lat' dir='ltr'>lumili</span> <span class='ocrx_word' id='word_1_90' title='bbox 328 1463 474 1527; x_wconf 86' lang='lat' dir='ltr'>convalle</span> <span class='ocrx_word' id='word_1_91' title='bbox 496 1460 579 1525; x_wconf 90' lang='lat' dir='ltr'>bene</span> <span class='ocrx_word' id='word_1_92' title='bbox 602 1462 696 1548; x_wconf 87' lang='lat' dir='ltr'>longe</span> <span class='ocrx_word' id='word_1_93' title='bbox 719 1473 793 1527; x_wconf 90' lang='lat' dir='ltr'>sunt</span> <span class='ocrx_word' id='word_1_94' title='bbox 816 1468 938 1549; x_wconf 83' lang='lat' dir='ltr'>egressi</span> <span class='ocrx_word' id='word_1_95' title='bbox 967 1475 999 1530; x_wconf 90' lang='lat' dir='ltr'>et</span> <span class='ocrx_word' id='word_1_96' title='bbox 1042 1464 1162 1530; x_wconf 88' lang='lat' dir='ltr'>lanitie</span> 
     </span>
     <span class='ocr_line' id='line_1_15' title="bbox 196 1548 1159 1636; baseline 0.001 -23"><span class='ocrx_word' id='word_1_97' title='bbox 196 1551 350 1636; x_wconf 84' lang='lat' dir='ltr'>iniquiore</span> <span class='ocrx_word' id='word_1_98' title='bbox 372 1548 442 1612; x_wconf 91' lang='lat' dir='ltr'>loco</span> <span class='ocrx_word' id='word_1_99' title='bbox 465 1549 683 1613; x_wconf 85' lang='lat' dir='ltr'>constiterunt.</span> <span class='ocrx_word' id='word_1_100' title='bbox 719 1548 771 1612; x_wconf 91' lang='lat' dir='ltr'>llli</span> <span class='ocrx_word' id='word_1_101' title='bbox 793 1559 899 1615; x_wconf 88' lang='lat' dir='ltr'>tamen</span> <span class='ocrx_word' id='word_1_102' title='bbox 920 1573 998 1636; x_wconf 93' lang='lat' dir='ltr'>proc</span> <span class='ocrx_word' id='word_1_103' title='bbox 1054 1550 1159 1614; x_wconf 91' lang='lat' dir='ltr'>dubio</span> 
     </span>
     <span class='ocr_line' id='line_1_16' title="bbox 195 1633 1157 1719; baseline -0.001 -19"><span class='ocrx_word' id='word_1_104' title='bbox 195 1635 236 1700; x_wconf 86' lang='lat' dir='ltr'>ad</span> <span class='ocrx_word' id='word_1_105' title='bbox 258 1657 316 1699; x_wconf 87' lang='lat' dir='ltr'>con</span> <span class='ocrx_word' id='word_1_106' title='bbox 341 1633 524 1698; x_wconf 86' lang='lat' dir='ltr'>rediendum</span> <span class='ocrx_word' id='word_1_107' title='bbox 547 1633 581 1694; x_wconf 92' lang='lat' dir='ltr'>in</span> <span class='ocrx_word' id='word_1_108' title='bbox 603 1655 739 1719; x_wconf 88' lang='lat' dir='ltr'>aequum</span> <span class='ocrx_word' id='word_1_109' title='bbox 762 1637 866 1698; x_wconf 90' lang='lat' dir='ltr'>locum</span> <span class='ocrx_word' id='word_1_110' title='bbox 895 1657 960 1699; x_wconf 91' lang='lat' dir='ltr'>non</span> <span class='ocrx_word' id='word_1_111' title='bbox 987 1645 1061 1699; x_wconf 90' lang='lat' dir='ltr'>sunt</span> <span class='ocrx_word' id='word_1_112' title='bbox 1077 1639 1157 1698; x_wconf 75' lang='lat' dir='ltr'>ausi</span> 
     </span>
     <span class='ocr_line' id='line_1_17' title="bbox 195 1658 1155 1806; baseline 0 -22"><span class='ocrx_word' id='word_1_113' title='bbox 195 1658 388 1785; x_wconf 78' lang='lat' dir='ltr'>descendere</span> <span class='ocrx_word' id='word_1_114' title='bbox 410 1729 536 1805; x_wconf 89' lang='lat' dir='ltr'>praeter</span> <span class='ocrx_word' id='word_1_115' title='bbox 557 1740 654 1780; x_wconf 89' lang='lat' dir='ltr'>unum</span> <span class='ocrx_word' id='word_1_116' title='bbox 675 1718 848 1782; x_wconf 86' lang='lat' dir='ltr'>Antistium</span> <span class='ocrx_word' id='word_1_117' title='bbox 862 1720 1073 1806; x_wconf 76' lang='lat' dir='ltr'>Turpionem,</span> <span class='ocrx_word' id='word_1_118' title='bbox 1099 1723 1155 1806; x_wconf 89' lang='lat' dir='ltr'>qui</span> 
     </span>
     <span class='ocr_line' id='line_1_18' title="bbox 194 1803 1153 1890; baseline 0 -21"><span class='ocrx_word' id='word_1_119' title='bbox 194 1806 296 1871; x_wconf 89' lang='lat' dir='ltr'>fidens</span> <span class='ocrx_word' id='word_1_120' title='bbox 319 1805 438 1869; x_wconf 88' lang='lat' dir='ltr'>viribus</span> <span class='ocrx_word' id='word_1_121' title='bbox 461 1826 503 1868; x_wconf 84' lang='lat' dir='ltr'>ex</span> <span class='ocrx_word' id='word_1_122' title='bbox 524 1803 716 1867; x_wconf 85' lang='lat' dir='ltr'>adversariis</span> <span class='ocrx_word' id='word_1_123' title='bbox 739 1804 799 1868; x_wconf 90' lang='lat' dir='ltr'>sibi</span> <span class='ocrx_word' id='word_1_124' title='bbox 819 1827 930 1890; x_wconf 81' lang='lat' dir='ltr'>parem</span> <span class='ocrx_word' id='word_1_125' title='bbox 954 1828 1023 1870; x_wconf 90' lang='lat' dir='ltr'>esse</span> <span class='ocrx_word' id='word_1_126' title='bbox 1052 1811 1153 1869; x_wconf 87' lang='lat' dir='ltr'>nemi·</span> 
     </span>
     <span class='ocr_line' id='line_1_19' title="bbox 194 1888 1152 1977; baseline 0 -23"><span class='ocrx_word' id='word_1_127' title='bbox 194 1913 267 1955; x_wconf 89' lang='lat' dir='ltr'>nem</span> <span class='ocrx_word' id='word_1_128' title='bbox 285 1892 410 1977; x_wconf 82' lang='lat' dir='ltr'>agitare</span> <span class='ocrx_word' id='word_1_129' title='bbox 433 1891 544 1974; x_wconf 89' lang='lat' dir='ltr'>coepit.</span> <span class='ocrx_word' id='word_1_130' title='bbox 572 1888 643 1968; x_wconf 88' lang='lat' dir='ltr'>Hic,</span> <span class='ocrx_word' id='word_1_131' title='bbox 666 1899 701 1952; x_wconf 86' lang='lat' dir='ltr'>ut</span> <span class='ocrx_word' id='word_1_132' title='bbox 721 1890 821 1953; x_wconf 86' lang='lat' dir='ltr'>fertur</span> <span class='ocrx_word' id='word_1_133' title='bbox 848 1889 980 1955; x_wconf 87' lang='lat' dir='ltr'>Achillis</span> <span class='ocrx_word' id='word_1_134' title='bbox 1008 1891 1152 1955; x_wconf 88' lang='lat' dir='ltr'>Memno-</span> 
     </span>
     <span class='ocr_line' id='line_1_20' title="bbox 194 1973 1151 2064; baseline -0.001 -23"><span class='ocrx_word' id='word_1_135' title='bbox 194 1979 306 2064; x_wconf 89' lang='lat' dir='ltr'>nisque</span> <span class='ocrx_word' id='word_1_136' title='bbox 329 1997 526 2062; x_wconf 84' lang='lat' dir='ltr'>congressus,</span> <span class='ocrx_word' id='word_1_137' title='bbox 557 1973 596 2053; x_wconf 78' lang='lat' dir='ltr'>Q.</span> <span class='ocrx_word' id='word_1_138' title='bbox 618 1974 789 2061; x_wconf 88' lang='lat' dir='ltr'>Pompeius</span> <span class='ocrx_word' id='word_1_139' title='bbox 818 1975 925 2062; x_wconf 87' lang='lat' dir='ltr'>Niger,</span> <span class='ocrx_word' id='word_1_140' title='bbox 959 1999 1056 2062; x_wconf 90' lang='lat' dir='ltr'>eques</span> <span class='ocrx_word' id='word_1_141' title='bbox 1088 1977 1151 2040; x_wconf 88' lang='lat' dir='ltr'>Ro·</span> 
     </span>
     <span class='ocr_line' id='line_1_21' title="bbox 194 2060 1150 2144; baseline -0.002 -17"><span class='ocrx_word' id='word_1_142' title='bbox 194 2084 305 2128; x_wconf 90' lang='lat' dir='ltr'>manus</span> <span class='ocrx_word' id='word_1_143' title='bbox 327 2062 513 2143; x_wconf 82' lang='lat' dir='ltr'>italicensis,</span> <span class='ocrx_word' id='word_1_144' title='bbox 537 2082 577 2124; x_wconf 86' lang='lat' dir='ltr'>ex</span> <span class='ocrx_word' id='word_1_145' title='bbox 599 2061 668 2122; x_wconf 87' lang='lat' dir='ltr'>acie</span> <span class='ocrx_word' id='word_1_146' title='bbox 689 2073 798 2125; x_wconf 88' lang='lat' dir='ltr'>nostra</span> <span class='ocrx_word' id='word_1_147' title='bbox 819 2060 860 2123; x_wconf 86' lang='lat' dir='ltr'>ad</span> <span class='ocrx_word' id='word_1_148' title='bbox 883 2061 1150 2144; x_wconf 88' lang='lat' dir='ltr'>congrediendum</span> 
     </span>
     <span class='ocr_line' id='line_1_22' title="bbox 197 2145 1148 2234; baseline -0.001 -22"><span class='ocrx_word' id='word_1_149' title='bbox 197 2169 383 2234; x_wconf 88' lang='lat' dir='ltr'>progressus</span> <span class='ocrx_word' id='word_1_150' title='bbox 407 2157 463 2210; x_wconf 80' lang='lat' dir='ltr'>est.</span> <span class='ocrx_word' id='word_1_151' title='bbox 501 2145 659 2225; x_wconf 80' lang='lat' dir='ltr'>Quoniam</span> <span class='ocrx_word' id='word_1_152' title='bbox 687 2145 834 2210; x_wconf 84' lang='lat' dir='ltr'>ferocitas</span> <span class='ocrx_word' id='word_1_153' title='bbox 863 2145 981 2209; x_wconf 84' lang='lat' dir='ltr'>Antisti</span> <span class='ocrx_word' id='word_1_154' title='bbox 1009 2148 1148 2211; x_wconf 91' lang='lat' dir='ltr'>omnium</span> 
     </span>
     <span class='ocr_line' id='line_1_23' title="bbox 195 2230 1147 2316; baseline -0.004 -19"><span class='ocrx_word' id='word_1_155' title='bbox 195 2245 316 2297; x_wconf 87' lang='lat' dir='ltr'>mentes</span> <span class='ocrx_word' id='word_1_156' title='bbox 339 2241 538 2296; x_wconf 87' lang='lat' dir='ltr'>converterat</span> <span class='ocrx_word' id='word_1_157' title='bbox 560 2230 600 2294; x_wconf 85' lang='lat' dir='ltr'>ab</span> <span class='ocrx_word' id='word_1_158' title='bbox 624 2252 720 2316; x_wconf 85' lang='lat' dir='ltr'>opere</span> <span class='ocrx_word' id='word_1_159' title='bbox 742 2231 783 2294; x_wconf 84' lang='lat' dir='ltr'>ad</span> <span class='ocrx_word' id='word_1_160' title='bbox 810 2231 1025 2316; x_wconf 88' lang='lat' dir='ltr'>spectandum,</span> <span class='ocrx_word' id='word_1_161' title='bbox 1063 2233 1147 2296; x_wconf 84' lang='lat' dir='ltr'>acies</span> 
     </span>
     <span class='ocr_line' id='line_1_24' title="bbox 195 2314 1147 2402; baseline -0.003 -20"><span class='ocrx_word' id='word_1_162' title='bbox 195 2328 268 2382; x_wconf 88' lang='lat' dir='ltr'>sunt</span> <span class='ocrx_word' id='word_1_163' title='bbox 290 2318 469 2402; x_wconf 83' lang='lat' dir='ltr'>dispositae.</span> <span class='ocrx_word' id='word_1_164' title='bbox 492 2317 574 2380; x_wconf 88' lang='lat' dir='ltr'>Nam</span> <span class='ocrx_word' id='word_1_165' title='bbox 595 2317 679 2380; x_wconf 88' lang='lat' dir='ltr'>inter</span> <span class='ocrx_word' id='word_1_166' title='bbox 692 2314 862 2379; x_wconf 86' lang='lat' dir='ltr'>bellatores</span> <span class='ocrx_word' id='word_1_167' title='bbox 877 2319 1037 2401; x_wconf 90' lang='lat' dir='ltr'>principes</span> <span class='ocrx_word' id='word_1_168' title='bbox 1053 2316 1147 2380; x_wconf 90' lang='lat' dir='ltr'>dubia</span> 
     </span>
     <span class='ocr_line' id='line_1_25' title="bbox 195 2401 1144 2489; baseline -0.004 -21"><span class='ocrx_word' id='word_1_169' title='bbox 195 2413 263 2468; x_wconf 88' lang='lat' dir='ltr'>erat</span> <span class='ocrx_word' id='word_1_170' title='bbox 284 2405 387 2489; x_wconf 86' lang='lat' dir='ltr'>posita</span> <span class='ocrx_word' id='word_1_171' title='bbox 408 2403 552 2482; x_wconf 81' lang='lat' dir='ltr'>victoria,</span> <span class='ocrx_word' id='word_1_172' title='bbox 589 2410 624 2464; x_wconf 88' lang='lat' dir='ltr'>ut</span> <span class='ocrx_word' id='word_1_173' title='bbox 649 2423 748 2487; x_wconf 89' lang='lat' dir='ltr'>prope</span> <span class='ocrx_word' id='word_1_174' title='bbox 775 2401 937 2464; x_wconf 86' lang='lat' dir='ltr'>videretur</span> <span class='ocrx_word' id='word_1_175' title='bbox 963 2402 1060 2464; x_wconf 88' lang='lat' dir='ltr'>finem</span> <span class='ocrx_word' id='word_1_176' title='bbox 1081 2401 1144 2464; x_wconf 88' lang='lat' dir='ltr'>bel·</span> 
     </span>
     <span class='ocr_line' id='line_1_26' title="bbox 194 2485 1145 2572; baseline -0.002 -20"><span class='ocrx_word' id='word_1_177' title='bbox 194 2487 280 2552; x_wconf 88' lang='lat' dir='ltr'>landi</span> <span class='ocrx_word' id='word_1_178' title='bbox 302 2487 434 2552; x_wconf 85' lang='lat' dir='ltr'>duorum</span> <span class='ocrx_word' id='word_1_179' title='bbox 456 2487 603 2550; x_wconf 87' lang='lat' dir='ltr'>dirimere</span> <span class='ocrx_word' id='word_1_180' title='bbox 630 2507 744 2570; x_wconf 87' lang='lat' dir='ltr'>pugna.</span> <span class='ocrx_word' id='word_1_181' title='bbox 782 2485 831 2549; x_wconf 87' lang='lat' dir='ltr'>lta</span> <span class='ocrx_word' id='word_1_182' title='bbox 860 2486 946 2549; x_wconf 90' lang='lat' dir='ltr'>avidi</span> <span class='ocrx_word' id='word_1_183' title='bbox 978 2486 1145 2572; x_wconf 88' lang='lat' dir='ltr'>cupidique</span> 
     </span>
     <span class='ocr_line' id='line_1_27' title="bbox 195 2571 1144 2658; baseline -0.002 -21"><span class='ocrx_word' id='word_1_184' title='bbox 195 2573 213 2612; x_wconf 66' lang='lat'>⁹⁶</span> <span class='ocrx_word' id='word_1_185' title='bbox 236 2593 363 2637; x_wconf 84' lang='lat' dir='ltr'>suarum</span> <span class='ocrx_word' id='word_1_186' title='bbox 407 2574 519 2658; x_wconf 91' lang='lat' dir='ltr'>uisque</span> <span class='ocrx_word' id='word_1_187' title='bbox 542 2571 737 2656; x_wconf 84' lang='lat' dir='ltr'>expertium</span> <span class='ocrx_word' id='word_1_188' title='bbox 767 2572 907 2635; x_wconf 88' lang='lat' dir='ltr'>virorum</span> <span class='ocrx_word' id='word_1_189' title='bbox 928 2572 1144 2658; x_wconf 81' lang='lat' dir='ltr'>fautorumque</span> 
     </span>
     <span class='ocr_line' id='line_1_28' title="bbox 194 2655 1144 2742; baseline -0.002 -20"><span class='ocrx_word' id='word_1_190' title='bbox 194 2658 339 2723; x_wconf 87' lang='lat' dir='ltr'>voluntas</span> <span class='ocrx_word' id='word_1_191' title='bbox 361 2657 403 2722; x_wconf 86' lang='lat' dir='ltr'>ha</span> <span class='ocrx_word' id='word_1_192' title='bbox 426 2656 545 2720; x_wconf 78' lang='lat' dir='ltr'>ebamr.</span> <span class='ocrx_word' id='word_1_193' title='bbox 569 2655 712 2734; x_wconf 76' lang='lat' dir='ltr'>Quorum</span> <span class='ocrx_word' id='word_1_194' title='bbox 726 2658 842 2720; x_wconf 86' lang='lat' dir='ltr'>virtute</span> <span class='ocrx_word' id='word_1_195' title='bbox 865 2655 972 2738; x_wconf 87' lang='lat' dir='ltr'>alacri,</span> <span class='ocrx_word' id='word_1_196' title='bbox 996 2679 1090 2742; x_wconf 91' lang='lat' dir='ltr'>quum</span> <span class='ocrx_word' id='word_1_197' title='bbox 1105 2658 1144 2720; x_wconf 85' lang='lat' dir='ltr'>ad</span> 
     </span>
     <span class='ocr_line' id='line_1_29' title="bbox 195 2741 1142 2827; baseline -0.004 -19"><span class='ocrx_word' id='word_1_198' title='bbox 195 2743 406 2809; x_wconf 85' lang='lat' dir='ltr'>dimicandum</span> <span class='ocrx_word' id='word_1_199' title='bbox 428 2744 461 2805; x_wconf 93' lang='lat' dir='ltr'>in</span> <span class='ocrx_word' id='word_1_200' title='bbox 484 2742 646 2827; x_wconf 83' lang='lat' dir='ltr'>planitiem</span> <span class='ocrx_word' id='word_1_201' title='bbox 669 2763 703 2806; x_wconf 88' lang='lat' dir='ltr'>se</span> <span class='ocrx_word' id='word_1_202' title='bbox 726 2741 940 2821; x_wconf 90' lang='lat' dir='ltr'>contulissent,</span> <span class='ocrx_word' id='word_1_203' title='bbox 974 2752 1142 2805; x_wconf 88' lang='lat' dir='ltr'>scutorum-</span> 
     </span>
     <span class='ocr_line' id='line_1_30' title="bbox 194 2825 1140 2916; baseline -0.005 -23"><span class='ocrx_word' id='word_1_204' title='bbox 194 2851 255 2916; x_wconf 90' lang='lat' dir='ltr'>que</span> <span class='ocrx_word' id='word_1_205' title='bbox 276 2828 379 2892; x_wconf 87' lang='lat' dir='ltr'>laudis</span> <span class='ocrx_word' id='word_1_206' title='bbox 400 2829 537 2911; x_wconf 86' lang='lat' dir='ltr'>insignia</span> <span class='ocrx_word' id='word_1_207' title='bbox 558 2825 759 2912; x_wconf 87' lang='lat' dir='ltr'>praefulgens</span> <span class='ocrx_word' id='word_1_208' title='bbox 782 2849 860 2911; x_wconf 90' lang='lat' dir='ltr'>opus</span> <span class='ocrx_word' id='word_1_209' title='bbox 883 2825 1036 2889; x_wconf 86' lang='lat' dir='ltr'>caelatum</span> <span class='ocrx_word' id='word_1_210' title='bbox 1051 2875 1140 2890; x_wconf 92' lang='grc'><strong>......</strong></span> 
     </span>
     <span class='ocr_line' id='line_1_31' title="bbox 194 2910 1140 3001; baseline -0.004 -23"><span class='ocrx_word' id='word_1_211' title='bbox 194 2935 327 3001; x_wconf 88' lang='lat' dir='ltr'>quorum</span> <span class='ocrx_word' id='word_1_212' title='bbox 350 2935 456 2998; x_wconf 88' lang='lat' dir='ltr'>pugna</span> <span class='ocrx_word' id='word_1_213' title='bbox 479 2924 563 2976; x_wconf 89' lang='lat' dir='ltr'>esset</span> <span class='ocrx_word' id='word_1_214' title='bbox 584 2931 682 2997; x_wconf 92' lang='lat' dir='ltr'>prope</span> <span class='ocrx_word' id='word_1_215' title='bbox 710 2912 850 2998; x_wconf 86' lang='lat' dir='ltr'>profecto</span> <span class='ocrx_word' id='word_1_216' title='bbox 883 2910 1047 2996; x_wconf 85' lang='lat' dir='ltr'>dirempta,</span> <span class='ocrx_word' id='word_1_217' title='bbox 1083 2913 1140 2975; x_wconf 90' lang='lat' dir='ltr'>nisi</span> 
     </span>
     <span class='ocr_line' id='line_1_32' title="bbox 194 2996 1138 3085; baseline -0.004 -22"><span class='ocrx_word' id='word_1_218' title='bbox 194 3009 323 3085; x_wconf 87' lang='lat' dir='ltr'>propter</span> <span class='ocrx_word' id='word_1_219' title='bbox 346 3001 484 3083; x_wconf 90' lang='lat' dir='ltr'>equitum</span> <span class='ocrx_word' id='word_1_220' title='bbox 508 3018 701 3077; x_wconf 86' lang='lat' dir='ltr'>concessum,</span> <span class='ocrx_word' id='word_1_221' title='bbox 735 3005 889 3081; x_wconf 87' lang='lat' dir='ltr'>utsupra</span> <span class='ocrx_word' id='word_1_222' title='bbox 921 2996 1138 3059; x_wconf 88' lang='lat' dir='ltr'>demonstravi·</span> 
     </span>
     <span class='ocr_line' id='line_1_33' title="bbox 193 3079 1138 3167; baseline -0.004 -19"><span class='ocrx_word' id='word_1_223' title='bbox 193 3105 272 3165; x_wconf 87' lang='lat' dir='ltr'>mus,</span> <span class='ocrx_word' id='word_1_224' title='bbox 310 3082 413 3148; x_wconf 86' lang='lat' dir='ltr'>levem</span> <span class='ocrx_word' id='word_1_225' title='bbox 443 3092 633 3146; x_wconf 83' lang='lat' dir='ltr'>annaturam</span> <span class='ocrx_word' id='word_1_226' title='bbox 660 3083 811 3167; x_wconf 89' lang='lat' dir='ltr'>praesidii</span> <span class='ocrx_word' id='word_1_227' title='bbox 841 3102 937 3144; x_wconf 85' lang='lat' dir='ltr'>causa</span> <span class='ocrx_word' id='word_1_228' title='bbox 964 3102 1029 3144; x_wconf 92' lang='lat' dir='ltr'>non</span> <span class='ocrx_word' id='word_1_229' title='bbox 1050 3079 1138 3164; x_wconf 86' lang='lat' dir='ltr'>longe</span> 
     </span>
     <span class='ocr_line' id='line_1_34' title="bbox 194 3166 1137 3255; baseline -0.005 -22"><span class='ocrx_word' id='word_1_230' title='bbox 194 3169 234 3233; x_wconf 82' lang='lat' dir='ltr'>ab</span> <span class='ocrx_word' id='word_1_231' title='bbox 257 3190 352 3255; x_wconf 90' lang='lat' dir='ltr'>opere</span> <span class='ocrx_word' id='word_1_232' title='bbox 368 3215 498 3232; x_wconf 88' lang='grc'><strong>......</strong></span> <span class='ocrx_word' id='word_1_233' title='bbox 522 3177 626 3231; x_wconf 84' lang='lat' dir='ltr'>castra</span> <span class='ocrx_word' id='word_1_234' title='bbox 648 3169 817 3244; x_wconf 82' lang='lat' dir='ltr'>constituit.</span> <span class='ocrx_word' id='word_1_235' title='bbox 838 3166 883 3230; x_wconf 88' lang='lat' dir='ltr'>Ut</span> <span class='ocrx_word' id='word_1_236' title='bbox 903 3175 1029 3230; x_wconf 84' lang='lat' dir='ltr'>nostros</span> <span class='ocrx_word' id='word_1_237' title='bbox 1049 3166 1137 3252; x_wconf 89' lang='lat' dir='ltr'>equi-</span> 
     </span>
     <span class='ocr_line' id='line_1_35' title="bbox 192 3250 1135 3338; baseline -0.004 -20"><span class='ocrx_word' id='word_1_238' title='bbox 192 3261 249 3318; x_wconf 80' lang='lat' dir='ltr'>te&#39;s&#39;</span> <span class='ocrx_word' id='word_1_239' title='bbox 262 3257 296 3318; x_wconf 89' lang='lat' dir='ltr'>in</span> <span class='ocrx_word' id='word_1_240' title='bbox 316 3263 456 3338; x_wconf 87' lang='lat' dir='ltr'>receptu,</span> <span class='ocrx_word' id='word_1_241' title='bbox 495 3253 569 3316; x_wconf 90' lang='lat' dir='ltr'>dum</span> <span class='ocrx_word' id='word_1_242' title='bbox 592 3253 632 3316; x_wconf 89' lang='lat' dir='ltr'>ad</span> <span class='ocrx_word' id='word_1_243' title='bbox 662 3263 765 3316; x_wconf 84' lang='lat' dir='ltr'>castra</span> <span class='ocrx_word' id='word_1_244' title='bbox 792 3251 934 3334; x_wconf 90' lang='lat' dir='ltr'>redeunt,</span> <span class='ocrx_word' id='word_1_245' title='bbox 971 3250 1135 3314; x_wconf 88' lang='lat' dir='ltr'>adversarii</span> 
     </span>
     <span class='ocr_line' id='line_1_36' title="bbox 192 3335 1133 3426; baseline -0.006 -21"><span class='ocrx_word' id='word_1_246' title='bbox 192 3340 335 3426; x_wconf 80' lang='lat' dir='ltr'>cupidius</span> <span class='ocrx_word' id='word_1_247' title='bbox 366 3343 438 3402; x_wconf 80' lang='lat' dir='ltr'>subt</span> <span class='ocrx_word' id='word_1_248' title='bbox 467 3339 610 3419; x_wconf 88' lang='lat' dir='ltr'>insecuti,</span> <span class='ocrx_word' id='word_1_249' title='bbox 648 3339 787 3422; x_wconf 73' lang='lat' dir='ltr'>universi</span> <span class='ocrx_word' id='word_1_250' title='bbox 816 3337 953 3401; x_wconf 87' lang='lat' dir='ltr'>clamore</span> <span class='ocrx_word' id='word_1_251' title='bbox 982 3335 1063 3400; x_wconf 81' lang='lat' dir='ltr'>fecto</span> <span class='ocrx_word' id='word_1_252' title='bbox 1083 3337 1133 3399; x_wconf 93' lang='lat' dir='ltr'>im·</span> 
     </span>
     <span class='ocr_line' id='line_1_37' title="bbox 193 3421 1133 3507; baseline -0.006 -17"><span class='ocrx_word' id='word_1_253' title='bbox 193 3434 297 3505; x_wconf 89' lang='lat' dir='ltr'>petum</span> <span class='ocrx_word' id='word_1_254' title='bbox 319 3425 481 3489; x_wconf 74' lang='lat' dir='ltr'>dederunt.</span> <span class='ocrx_word' id='word_1_255' title='bbox 519 3424 567 3486; x_wconf 90' lang='lat' dir='ltr'>Ita</span> <span class='ocrx_word' id='word_1_256' title='bbox 589 3433 674 3486; x_wconf 89' lang='lat' dir='ltr'>metu</span> <span class='ocrx_word' id='word_1_257' title='bbox 695 3424 863 3507; x_wconf 83' lang='lat' dir='ltr'>perterriti,</span> <span class='ocrx_word' id='word_1_258' title='bbox 898 3443 993 3507; x_wconf 91' lang='lat' dir='ltr'>quum</span> <span class='ocrx_word' id='word_1_259' title='bbox 1014 3422 1047 3484; x_wconf 90' lang='lat' dir='ltr'>in</span> <span class='ocrx_word' id='word_1_260' title='bbox 1066 3421 1133 3506; x_wconf 79' lang='lat' dir='ltr'>inge</span> 
     </span>
     <span class='ocr_line' id='line_1_38' title="bbox 192 3507 1006 3592; baseline -0.005 -20"><span class='ocrx_word' id='word_1_261' title='bbox 192 3519 306 3589; x_wconf 84' lang='lat' dir='ltr'>essent,</span> <span class='ocrx_word' id='word_1_262' title='bbox 330 3509 436 3573; x_wconf 90' lang='lat' dir='ltr'>multis</span> <span class='ocrx_word' id='word_1_263' title='bbox 459 3509 583 3586; x_wconf 87' lang='lat' dir='ltr'>emissis</span> <span class='ocrx_word' id='word_1_264' title='bbox 604 3509 637 3572; x_wconf 92' lang='lat' dir='ltr'>in</span> <span class='ocrx_word' id='word_1_265' title='bbox 660 3517 763 3572; x_wconf 84' lang='lat' dir='ltr'>castra</span> <span class='ocrx_word' id='word_1_266' title='bbox 785 3529 819 3571; x_wconf 89' lang='lat' dir='ltr'>se</span> <span class='ocrx_word' id='word_1_267' title='bbox 841 3507 1006 3592; x_wconf 87' lang='lat' dir='ltr'>recipiunt.</span> 
     </span>
    </p>
   </div>
   <div class='ocr_carea' id='block_1_3' title="bbox 0 0 1250 3974">
    <p class='ocr_par' dir='ltr' id='par_1_3' title="bbox 0 0 1250 3974">
     <span class='ocr_line' id='line_1_39' title="bbox 0 0 1250 3974; baseline 0 1"><span class='ocrx_word' id='word_1_268' title='bbox 0 0 1250 3974; x_wconf 95' lang='lat' dir='ltr'> </span> 
     </span>
    </p>
   </div>
  </div>
 </body>
</html>
