2562 3966
184 225 246 292 146
441 225 502 290 DE
523 227 667 298 BELLO
690 228 880 295 canutoo

183 405 320 484 ceperat,
336 418 393 482 per
408 419 536 461 causam
551 421 589 462 su
610 398 761 484 plementi
773 401 992 486 equitatusque
1009 400 1144 487 cogendi
1263 427 1264 464 r

147 557 151 561 .
184 483 224 546 ab
248 483 390 548 exercitu
411 481 553 564 discedit,
606 495 710 549 rutum
728 485 962 571 adolescentem
978 485 1028 550 his
1044 487 1144 572 copiis

184 565 341 653 praeficit3
371 565 454 630 huno
483 579 598 650 monet,
622 578 656 633 ut
685 571 718 633 in
746 592 854 634 omnes
884 581 991 655 partes
1022 573 1144 657 equites

186 674 281 738 quam
310 651 462 715 latissime
491 663 720 738 pervagentur:
758 654 903 721 daturum
933 677 968 720 se
1005 678 1143 741 operam,

186 759 226 802 ne
253 735 378 821 longius
404 736 508 801 triduo
538 737 578 801 ab
608 741 719 802 castris
742 739 833 803 absit
879 739 938 805 His
968 741 1144 806 constitutis

186 820 281 886 rebus
305 822 369 885 suis
391 821 628 906 inopinantibus
649 845 743 907 quam
766 825 913 888 maximis
928 834 1032 911 potest
1054 827 1144 890 itine-

187 906 275 970 ribus
296 903 452 969 Viennam
474 909 626 1054 pervenit.
663 905 713 971 lbi
734 918 869 974 nanctus
883 920 1043 976 recentem
1059 912 1144 996 equi-

188 1001 296 1073 tatum,
313 1012 405 1076 quem
420 993 527 1054 mutis
543 1002 615 1055 ante
630 992 741 1057 diebus
758 1015 795 1058 eo
811 995 1025 1078 praemiserat,
1040 1017 1144 1081 neque
1264 1003 1265 1012 ’

189 1075 300 1140 diurno
327 1097 431 1161 neque
452 1086 604 1140 nocturno
633 1077 747 1143 itinere
777 1080 957 1144 intermisso
986 1102 1044 1165 per
1064 1079 1145 1144 fines
1264 1117 1265 1120 κ

189 1159 392 1226 Haeduorum
413 1161 446 1224 in
466 1160 627 1245 Lingones
643 1163 812 1245 contendit,
835 1162 890 1226 ubi
904 1163 985 1229 duae
1004 1164 1145 1248 legiones

188 1244 379 1327 hiemabant,
402 1254 444 1328 ut,
468 1247 495 1309 si
518 1247 595 1332 quid
617 1248 711 1312 etiam
734 1248 774 1312 de
796 1269 854 1312 sua
876 1248 976 1313 salute
998 1249 1038 1314 ab
1061 1249 1145 1314 Hac·
1264 1259 1265 1264 ’

177 1331 260 1408 ¹duis
288 1331 420 1393 iniretur
455 1331 593 1412 consilii,
623 1332 785 1398 eeleritate
819 1345 1048 1418 praecurreret.
1096 1334 1145 1398 Eo

191 1437 286 1502 quum
308 1417 513 1500 pervenisset,
538 1415 578 1480 ad
606 1416 745 1503 reliquas
767 1417 910 1503 legiones
932 1420 1025 1482 mittit
1046 1421 1146 1504 prius·

191 1522 251 1585 quo
286 1521 394 1564 omnes
428 1501 462 1563 in
493 1523 590 1565 unum
622 1501 726 1566 locum
755 1504 854 1586 cogit,
885 1503 1048 1590 quamde
1078 1505 1146 1568 eius

191 1585 328 1648 adventu
354 1583 508 1648 Arvernis
535 1588 674 1650 nuntiari
700 1599 816 1673 posset.
862 1588 931 1652 Hae
961 1611 996 1652 re
1018 1610 1055 1652 co
1078 1591 1145 1652 uita

191 1669 431 1754 Vercingetorix
453 1691 562 1734 rursus
590 1672 623 1734 in
644 1671 804 1757 Bituriges
827 1675 1001 1738 exercitum
1023 1611 1147 1738 reducit

193 1764 286 1840 atque
307 1754 381 1818 iude
400 1755 558 1838 profectus
574 1755 799 1842 Gorgobinam,
822 1756 972 1823 Boiorum
987 1759 1146 1843 oppidum,

213 1861 270 1904 uos
292 1837 336 1902 ibi
358 1839 523 1904 Helvetico
545 1841 665 1926 proelio
680 1843 779 1908 victos
796 1841 915 1906 Caesar
937 1842 1147 1909 collocaverat

226 1923 334 1989 aeduis
358 1945 397 1990 ue
420 1923 612 2009 attribuerat,
637 1948 820 2012 oppugnare
842 1929 982 1992 instituit.

259 2009 307 2072 10.
336 1946 484 2092 llagnam
513 2009 592 2074 haec
620 2034 673 2075 res
702 2011 830 2077 Caesari
864 2012 1077 2078 difficultatem
1107 2013 1147 2076 ad

194 2090 357 2159 consilium
385 2094 572 2179 capiendum
599 2096 765 2179 afferebat,
796 2099 822 2162 si
850 2097 1003 2184 reliquam
1024 2107 1147 2182 partem

193 2179 305 2243 hiemis
327 2199 389 2241 uno
411 2177 481 2242 loco
503 2179 645 2266 legiones
668 2183 849 2263 contineret,
872 2204 912 2246 ne
935 2181 1146 2267 stipendiariis

194 2262 397 2328 Haeduorum
420 2268 614 2350 expugnatis
630 2276 742 2331 cuncta
757 2266 860 2330 Gallia
882 2266 1039 2344 deficeret,
1063 2265 1147 2350 quod

194 2347 315 2413 nullum
338 2348 446 2411 amicis
474 2351 508 2414 iu
537 2373 575 2416 eo
603 2351 795 2436 praesidium
826 2350 985 2414 videretur
1010 2351 1146 2436 positum

196 2455 280 2514 esse3
311 2432 338 2494 si
369 2437 519 2500 maturius
549 2458 591 2500 ex
616 2435 757 2500 hibernis
787 2434 943 2517 educeret,
973 2457 1014 2499 ne
1043 2433 1083 2500 ab
1110 2457 1147 2500 re

194 2518 397 2587 frumentaria
411 2518 497 2584 duris
513 2519 767 2586 subvectionibus
783 2518 948 2584 laboraret.
980 2519 1148 2586 Praestare

195 2605 298 2668 visum
328 2612 376 2667 est
401 2613 508 2670 tamen
534 2626 643 2670 omnes
671 2604 870 2668 difficultates
897 2606 1029 2690 perpeti,
1053 2627 1148 2691 quam

195 2697 283 2753 tauta
304 2689 494 2753 contumelia
514 2698 644 2774 accepta
665 2690 804 2753 omnium
825 2711 952 2754 suorum
970 2689 1148 2755 voluntates

196 2772 343 2836 alienare.
386 2773 498 2860 Itaque
520 2772 699 2838 cohortatus
714 2772 865 2839 Haeduos
880 2774 920 2840 de
936 2776 1148 2861 supportando

197 2867 372 2923 commeatu
392 2859 564 2944 praemittit
590 2857 631 2922 ad
657 2859 762 2941 Boios,
793 2860 847 2944 qui
869 2859 909 2925 dc
931 2883 988 2926 suo
1011 2860 1148 2926 adventu

197 2943 330 3008 doceant
350 2942 589 3030 hortenturque,
616 2952 652 3007 ut
673 2945 706 3008 in
727 2945 789 3010 fide
811 2955 958 3009 maneant
979 2955 1073 3092 atppe
1094 2945 1148 3011 ho

198 3031 290 3093 stium
319 3030 361 3092 im
386 3036 469 3090 etum
504 3049 619 3114 magno
647 3031 751 3094 animo
781 3031 963 3096 sustineant.
1047 3029 1148 3096 uabus

197 3112 331 3198 Agedici
359 3049 535 3198 ldgionibus
565 3125 658 3201 atque
684 3114 914 3200 impedimentis
943 3117 1037 3180 totius
1060 3137 1148 3179 exer·

197 3200 277 3262 citus
298 3197 414 3262 relictis
437 3197 478 3262 ad
497 3195 592 3264 Boios
613 3201 830 3285 proficiscitur.

262 3283 311 3346 11.
327 3279 436 3346 Altero
451 3281 503 3348 die
518 3306 614 3370 quum
629 3283 670 3347 ad
684 3285 833 3371 oppidum
848 3282 1008 3350 Senonum
1022 3283 1148 3349 Vellau-

197 3366 358 3432 nodunum
385 3369 533 3452 venisset,
562 3391 603 3434 ne
632 3391 725 3462 quem
752 3378 835 3522 ἢ
851 3392 886 3434 se
913 3369 1033 3434 hostem
1055 3368 1148 3434 relin-

198 3459 327 3538 querat,
360 3473 422 3538 quo
455 3453 648 3540 expeditiore
681 3477 716 3520 rs
837 3455 957 3520 entaria
999 3463 1147 3538 uteretur,
