2534 3970
162 271 186 334 s
417 271 478 332 DE
499 270 642 334 BELLO
667 269 856 334 GALLIOO

163 451 225 516 est3
256 464 359 526 neque
389 443 478 506 abest
508 443 659 528 suspicio,
687 452 722 504 ut
748 441 887 507 Helvetii
914 440 1113 523 arbitrantur,

164 528 240 612 quin
260 529 328 610 ipse
352 527 412 591 sibi
433 537 565 592 mortem
588 527 785 591 consciverit.

226 610 256 674 5.
279 611 356 674 Post
384 614 450 675 eius
479 621 613 677 mortem
640 610 739 675 nihilo
771 613 874 675 minus
903 611 1044 675 Helvetii
1072 612 1114 694 id,

164 697 248 781 quod
270 699 502 778 constituerant,
525 698 628 761 facere
644 705 804 778 conantur,
826 706 861 759 ut
880 696 1028 760 efinibus
1051 699 1115 760 suis

164 790 287 846 exeant.
331 781 396 846 Ubi
417 783 480 846 iarn
502 804 536 846 se
559 781 600 844 ad
622 803 692 844 earn
713 804 780 845 rem
799 791 926 866 paratos
949 804 1018 845 esse
1034 781 1116 846 arbi·

162 867 237 930 trati
260 875 340 948 sunt,
365 889 404 952 op
426 867 479 929 ida
502 889 559 930 sua
581 869 700 947 omnia,
723 889 853 931 numero
877 866 918 930 ad
940 867 1115 948 duodecim,

163 952 251 1014 vicos
273 950 314 1014 ad
337 889 593 1036 quadringentos,
615 951 738 1038 reliqua
758 953 883 1036 privata
905 951 1049 1014 aedificia
1070 954 1115 1015 in·

164 1035 311 1119 cendunt,
333 1037 525 1103 frumentum
546 1058 646 1118 omne,
669 1045 889 1122 praeterquam
904 1036 988 1184 ‹plmd
1009 1059 1117 1101 secum

162 1124 317 1205 portaturi
339 1131 437 1203 erant,
460 1121 655 1203 comburunt,
678 1130 714 1184 ut
734 1121 861 1184 domum
875 1143 910 1184 re
935 1123 1038 1186 'tionis
1061 1143 1117 1206 spe

165 1205 289 1269 sublata
302 1207 476 1292 paratiores
492 1206 533 1269 ad
548 1209 654 1270 omnia
667 1205 808 1292 pericula
823 1205 987 1270 subeunda
1003 1216 1116 1288 essent,

163 1291 256 1354 trium
284 1293 440 1355 mensium
466 1291 574 1355 mohta
603 1291 722 1354 cibaria
752 1291 812 1354 sibi
841 1313 997 1376 quemque
1025 1292 1116 1356 domo

164 1375 275 1438 efferre
297 1375 415 1440 iubent.
460 1377 656 1441 Persuadent
682 1376 833 1440 Rauracis
864 1385 895 1442 et
920 1376 1064 1462 Tulingis
1087 1386 1119 1440 et

162 1460 322 1524 Latovicis
350 1462 506 1542 finitimis,
541 1463 587 1525 uti
619 1461 729 1527 eodem
758 1462 808 1525 usi
835 1461 966 1524 consilio
993 1461 1117 1546 oppidis

164 1547 229 1608 suis
261 1545 401 1632 vicisque
436 1549 555 1611 exustis
590 1569 654 1609 una
689 1567 761 1610 cum
796 1547 835 1608 iis
871 1545 1116 1631 proficiscantur,

163 1629 331 1715 Boiosque,
356 1633 409 1717 qui
430 1640 517 1695 trans
532 1631 677 1695 Rhenum
698 1630 895 1705 incoluerant
916 1634 993 1695 etin
1008 1654 1118 1718 agrum

163 1715 314 1780 Noricum
338 1716 543 1781 transierant·
558 1717 770 1802 Noreiamque
800 1725 1034 1801 oppugnarint,
1070 1739 1118 1782 re·

166 1809 272 1884 coptos
295 1800 392 1865 adse
415 1804 517 1866 socios
540 1801 601 1865 sibi
623 1801 813 1865 adsciscunt.

229 1885 259 1948 6.
281 1885 384 1953 Erant
411 1888 537 1951 omnino
565 1888 679 1950 itinera
709 1886 787 1968 duo,
819 1886 932 1972 quibus
953 1886 1118 1950 itineribus

164 1969 257 2034 domo
280 1973 367 2034 exire
388 1980 534 2056 possent:
558 1993 654 2034 unum
675 1993 734 2056 per
755 1971 797 2035 Se
820 1993 927 2051 uanos,
951 1981 1118 2054 angustum

165 2065 197 2119 et
219 2054 355 2137 difficile,
371 2057 453 2119 inter
467 2065 605 2120 montem
620 2056 727 2120 Iuram
745 2067 776 2121 et
791 1995 907 2120 llumen
921 2055 1118 2139 Rhodanum,

165 2142 221 2218 pix
249 2162 311 2226 qua
339 2141 454 2225 singuli
481 2143 564 2206 carri
590 2141 794 2223 ducerentur3
824 2163 914 2204 mons
942 2151 1047 2204 autem
1075 2141 1119 2206 al·

165 2225 304 2288 tissimus
333 2227 376 2288 im
399 2226 552 2308 endebat,
586 2236 621 2290 ut
652 2226 744 2292 facile
772 2227 925 2311 perpauci
950 2225 1120 2310 prohibere

165 2320 311 2394 possent:
352 2249 485 2374 allorum
511 2333 575 2460 (pler
606 2312 802 2396 provinciam
833 2320 988 2393 nostram,
1021 2311 1120 2376 multo

166 2394 289 2458 facilius
312 2403 406 2480 atque
428 2419 509 2480 expe
535 2398 615 2478 tius,
639 2406 808 2481 propterea
833 2396 917 2481 quod
938 2398 1020 2460 inter
1040 2397 1119 2460 fines

165 2479 384 2544 Helvetiorum
406 2490 439 2545 et
458 2480 678 2565 Allobrogum,
702 2483 756 2565 qui
777 2503 879 2566 nuper
893 2484 998 2566 pacati
1020 2491 1119 2562 erant,

166 2564 337 2629 Rhodanus
359 2564 428 2629 fluit
450 2567 540 2650 isque
562 2565 722 2630 nonnullis
752 2565 830 2630 locis
852 2566 934 2629 vado
956 2568 1119 2630 transitur.

166 2649 355 2713 Extremum
383 2674 422 2736 op
445 2651 532 2715 idum
564 2651 774 2736 Allobrogum
804 2660 851 2714 est
879 2652 1120 2736 proximumque

167 2734 385 2798 Helvetiorum
412 2675 530 2800 Anthus
559 2735 701 2800 Genava.
748 2736 800 2799 Ex
830 2758 866 2800 eo
896 2737 1012 2821 oppido
1040 2757 1120 2820 pons

167 2820 207 2884 ad
229 2819 393 2885 Helvetios
414 2824 560 2907 pertinet.
596 2821 823 2906 Allobrogibus
843 2843 913 2884 sese
927 2820 981 2886 vel
994 2843 1120 2906 persua·

167 2927 268 2988 suros,
292 2906 376 3053 guod
396 2907 536 2972 nondum
557 2906 642 2971 bono
664 2908 766 2970 animo
788 2906 821 2969 in
837 2905 994 2990 'populum
1008 2906 1120 2969 Roma-

166 3013 243 3054 num
264 2993 296 3054 vi
319 3002 461 3073 erentur,
491 2991 728 3074 existimabant,
755 2991 862 3056 volvi
885 3001 1064 3072 coacturos,
1086 2998 1120 3054 ut

166 3097 224 3161 per
246 3097 320 3139 suos
341 3076 420 3141 fines
451 3099 505 3141 eos
534 3078 582 3141 ire
610 3085 803 3162 paterentur.
848 3076 1004 3143 Omnibus
1025 3074 1120 3139 rebus

167 3161 208 3225 ad
229 3162 456 3244 profectionem
478 3164 666 3247 comparatis
690 3161 774 3225 diem
796 3161 912 3244 dicunt,
936 3183 999 3248 qua
1015 3161 1122 3224 dicad

166 3247 268 3331 ripam
301 3246 445 3312 Rhodani
481 3269 589 3311 omnes
627 3248 825 3311 conveniant.
889 3246 921 3308 Is
955 3246 1022 3310 dios
1056 3255 1123 3310 erat
1190 3315 1193 3320 ,

168 3354 196 3396 a.
220 3332 250 3395 d.
273 3331 390 3396 VKal.
411 3331 491 3418 Apr.
513 3331 551 3394 L.
566 3333 692 3414 Pisone,
715 3333 754 3394 A.
772 3331 908 3395 Gabinio
930 3330 1121 3396 oonsulibus.

232 3418 260 3481 7.
292 3416 423 3482 Caesari
453 3437 549 3503 quum
580 3418 614 3482 id
645 3419 823 3480 nuntiatum
852 3425 950 3498 esset,
981 3439 1036 3481 eos
1064 3407 1151 3501 per⁴

166 3503 363 3588 provinciam
383 3511 537 3567 nostram
552 3504 613 3569 iter
640 3502 747 3566 facere
775 3503 896 3584 conari,
925 3511 1061 3566 maturat
1081 3501 1122 3564 ab
