2532 3968
491 201 746 280 PRAEFATIO.
1058 201 1085 268 V

136 374 291 449 sotiorum
322 381 435 444 natura
465 372 608 449 homines
640 371 781 438 bellandi
813 373 947 458 cupidos
975 373 1084 439 dolare

136 459 293 539 affecerit,
320 467 355 558 ut
381 480 483 543 neque
512 459 579 534 aius
610 456 725 521 doloris
752 468 877 606 practer
910 458 943 522 id
971 459 1085 543 ipsum,

138 543 231 630 quod·
250 565 415 628 quomlnus
445 541 506 606 late
534 566 556 606 v
598 552 725 606 arentur

765 542 908 629 acilcquc
944 545 1086 608 finitimis

136 626 257 702 ballum
292 628 456 708 inferrent,
490 630 572 712 impe
595 626 758 706 iebautur,
799 628 862 690 alia
893 627 959 690 ulla
987 651 1086 692 causa

136 713 246 793 fuerit,
278 735 382 798 aeque
414 734 452 776 ea
484 713 553 798 agri
574 722 686 776 natura
713 712 804 777 aliter
833 735 872 776 ac
892 713 1008 778 factum
1036 724 1085 778 est

135 797 296 876 eiusmodi.
311 798 471 863 hominum
493 797 613 860 animos
644 797 770 861 afficere
796 800 944 882 potuerit.
973 798 1023 862 Ita
1045 821 1085 862 uc

137 883 288 967 suspicor,
314 896 405 962 purte
433 881 494 946 hac
522 881 591 946 loco
620 893 722 946 artum
744 905 814 949 csse
837 905 877 950 ex
899 905 1031 968 compen
1055 885 1084 949 ὀ

127 989 160 1051 sp
177 987 230 1049 Vre,
252 965 339 1043 uada
360 988 397 1032 eo
416 967 539 1030 facilius
559 967 682 1030 librarii
704 989 809 1032 errare
830 967 911 1045 falsa
931 967 987 1032 illa
1000 969 1085 1045 scri-

57 1090 60 1092 ·
135 1061 230 1138 ptsrra
251 1051 388 1117 evadare
408 1053 518 1136 potuit,
543 1052 627 1138 quad
648 1053 756 1137 paucis
768 1051 924 1120 ‘versibus
947 1063 1020 1120 autc
1042 1075 1082 1118 aa

132 1149 225 1218 parte
257 1137 307 1201 bis
339 1139 483 1210 occurrit.
528 1135 635 1216 Quum
667 1148 772 1201 autem
805 1136 986 1216 scribimus:
1009 1160 1085 1217 aaa

131 1243 210 1302 pro
232 1244 276 1286 re
302 1229 435 1298 nomines
463 1229 595 1286 bellandi
621 1229 727 1304 capidi
752 1244 862 1300 maana
886 1231 991 1288 dolore
1013 1230 1084 1302 affl·

134 1313 294 1382 ciebantur
301 1333 315 1382 ;
339 1328 413 1388 pra
439 1314 629 1382 multitudine
656 1322 753 1372 autem
782 1315 931 1375 lominum
960 1321 990 1380 et
1009 1329 1084 1388 pro

135 1399 326 1470 aluriabelli
340 1404 428 1471 atque
439 1397 632 1471 fortitudinis
653 1405 800 1471 anqustas
822 1414 855 1460 se
872 1401 952 1469 fines
973 1401 1085 1460 nabere

135 1484 368 1542 arbitrabantur
402 1499 428 1546 a
461 1499 489 1556 q.
505 1501 547 1554 a,
576 1478 812 1542 enunciationes
834 1499 898 1543 non
927 1479 1020 1554 modo
1043 1500 1086 1542 ex

136 1563 225 1628 omni
245 1572 337 1646 parts
357 1571 441 1625 tutas
462 1585 573 1644 verum
600 1564 694 1640 ctiam
715 1562 813 1628 multo
835 1563 1025 1628 concinnius¹
1040 1573 1086 1630 at-

135 1669 200 1732 quc
223 1646 419 1732 aequabilius
441 1647 608 1722 adornatas
631 1647 792 1713 afficimus.

205 1730 241 1796 O.
263 1733 290 1795 5-
317 1741 349 1808 ct
376 1731 437 1795 reli
458 1734 507 1795 uis
535 1733 612 1797 locis
642 1733 697 1796 ubi
726 1739 937 1798 Latoaiearum
967 1753 1083 1802 namen

136 1825 252 1899 exstat,
276 1818 413 1882 itacum
433 1756 578 1882 {ranam
600 1817 685 1882 edidi
705 1840 764 1902 pra
787 1823 970 1899 macarium,
995 1829 1026 1880 ct
1048 1827 1082 1880 ut

136 1924 201 1964 una
232 1924 387 1982 mancam,
421 1923 492 1964 cum
525 1903 634 1967 ecdem
671 1909 807 1983 Genaua,
834 1907 926 1967 Suebi
962 1903 1084 1988 scripsi,

136 2008 216 2071 quas
233 1988 409 2060 ¹nominum
444 1986 559 2050 formas
588 1989 671 2052 solas
705 1989 840 2072 antiquis
873 1989 1088 2064 monumentis

136 2071 350 2136 commendari
364 2070 586 2135 Mommsenius
610 2073 724 2136 docuit.
757 2079 944 2150 Seuasiaaos
965 2075 1082 2136 rectius

135 2155 212 2304 {132
224 2162 523 2304 quaa719u25equsianas
545 2157 755 2243 Nipperdcius
776 2159 845 2243 ipse
868 2157 982 2222 deiude
1004 2158 1085 2222 vidit

85 2333 96 2348 ⁸
201 2264 279 2388 C.p8
301 2326 339 2389 N.
363 2328 474 2394 edidit:
499 2335 600 2393 alaeu
616 2333 776 2410 Lemanna,
797 2333 818 2403 †
842 2334 909 2406 qai
929 2335 960 2391 in
973 2336 1084 2404 flumen

135 2417 315 2475 Rhodanum
345 2420 450 2490 influit.
493 2414 532 2478 In
558 2411 627 2476 loco
658 2412 891 2476 intricatissimo
926 2435 1022 2497 quum
1050 2411 1084 2476 id

136 2504 225 2559 certa
248 2518 268 2558 a
289 2498 352 2560 scri
364 2507 441 2577 tore
464 2499 599 2585 spectari
619 2507 733 2582 pateat,
757 2507 793 2568 ut
810 2498 990 2560 munitionis
1006 2498 1084 2560 situs

136 2582 311 2644 accuratius
344 2520 554 2663 (fuscabatur,
586 2582 729 2668 neglecto
758 2581 828 2662 illo,
861 2592 965 2646 utrum
996 2592 1084 2652 recte

135 2663 225 2728 lacus
256 2667 290 2728 in
318 2665 434 2733 flumen
466 2669 597 2733 influere
630 2669 760 2748 dicatur,
794 2689 853 2746 qua
883 2667 1085 2731 scribendum

135 2771 207 2814 asse
231 2753 348 2833 censui,
371 2754 591 2835 uindicatur,
613 2753 699 2836 uude
720 2774 826 2817 orsum
848 2774 925 2837 opus
941 2753 981 2817 ad
996 2774 1083 2816 man-

134 2845 200 2898 tem
220 2834 331 2899 Juram
354 2839 394 2901 sit
414 2839 608 2924 perductum.

200 2919 236 2983 C.
261 2921 299 2984 17
335 2921 545 3010 Nipperdeius
574 2923 753 2987 Daehnium
792 2934 917 2988 secutus
946 2923 1082 3008 scripsit:

134 3009 200 3069 Hos
232 3013 378 3071 seditiosa
405 3023 493 3088 atque
527 3015 669 3089 improba¹
695 3016 834 3073 oratione
869 3015 1082 3074 multitudinem

137 3098 303 3168 deterrere,
321 3077 372 3156 ‘ne
398 3101 591 3174 frumentumv
607 3101 782 3174 conserant,
818 3102 900 3172 quod
920 3105 1083 3174 praestare

135 3183 320 3240 debeant:
349 3186 379 3241 si
407 3188 465 3243 iam
489 3187 695 3260 principatum
726 3185 840 3246 Galliae
867 3186 999 3244 obtinere
1020 3199 1082 3242 non

130 3269 265 3340 possint,
303 3267 454 3328 Gallorum
487 3287 574 3342 quam
603 3270 806 3331 Romanarum
828 3272 955 3344 imperia
974 3285 1082 3344 prae-

132 3351 256 3424 ferre,
280 3369 377 3424 neque
399 3355 536 3414 dubitare
558 3353 759 3430 [deteant]‚
791 3357 861 3432 puin
885 3357 914 3413 si
934 3356 1084 3414 Heluetios

136 3439 352 3511 superaverint
371 3439 508 3512 Romani,
532 3456 593 3498 una
615 3457 681 3500 cam
702 3443 819 3517 reliqua
837 3441 933 3498 Gallia
948 3439 1085 3502 Haeduis

842 3537 880 3586 a*
