2562 3966
384 220 519 287 COMllI.
542 221 604 286 VH
627 221 719 286 CAP.
741 221 835 286 4-9.
1032 221 1094 288 145

133 395 310 458 exercitum
336 391 557 476 contenderet,
591 395 692 458 neiis
723 391 850 480 quidem
878 417 915 460 eo
937 407 1090 482 tempore,

133 480 188 628 qli
205 479 307 628 l‹puieti
327 479 525 558 viderentur,
549 501 638 543 suam
668 477 802 543 salutem
823 499 911 545 recte
941 483 1091 546 commrtti

133 567 164 628 vi
187 587 205 629 e
228 573 269 629 at

197 650 226 714 l.
249 649 379 715 Interim
401 648 567 736 Lucterius
588 647 751 714 Cadurcus
770 651 804 713 in
820 649 960 716 Rutenos
977 653 1092 717 missus

133 757 204 799 eam
225 737 384 800 civitatem
398 734 552 798 Arvernis
569 735 723 799 conciliat.
741 733 932 820 Progressus
946 738 980 800 in
993 735 1092 800 Nitio-

133 820 240 906 briges
256 830 287 884 et
298 819 438 885 Gabalos
454 818 495 884 ab
509 821 652 920 utrisque
668 819 794 884 obsides
810 822 925 906 accipit
935 830 967 886 et
977 843 1093 906 magna

134 914 243 970 coacta
274 927 371 970 manu
403 906 436 968 in
464 905 660 990 provincram
680 904 862 970 Narbonem
887 929 1000 971 versus
1024 929 1091 970 eru·

155 993 271 1057 tionem
286 991 392 1056 facere
401 989 580 1060 contendit„
595 989 857 1069 Quarenuntiata
865 989 985 1056 Caesar
995 993 1092 1056 omni-

132 1013 193 1141 bus
209 1076 348 1142 consiliis
360 1075 625 1140 antevertendum
639 1077 838 1158 existimavit,
861 1085 896 1141 ut
909 1075 1092 1142 Narbonem

132 1162 394 1247 proficisceretur.
439 1161 487 1225 Eo
516 1183 612 1247 quum
633 1162 783 1242 venisset,
813 1163 959 1226 timentes
981 1163 1093 1226 confir-

133 1255 208 1328 mat,
224 1247 382 1332 praesidia
396 1244 429 1312 in
439 1246 572 1310 Rutenis
583 1246 841 1332 provincialibus,
856 1245 965 1312 Volcis
976 1247 1091 1314 Areco-

134 1333 233 1414 mieis,
257 1330 458 1397 Tolosatibus
487 1333 669 1416 circumque
696 1331 888 1414 Narbonem,
920 1355 1002 1419 quae
1024 1331 1100 1396 loca-

133 1416 277 1482 hostibus
307 1427 396 1481 erant
423 1417 565 1498 finitima,
596 1418 764 1500 constituit,
787 1427 910 1502 partem
933 1419 1092 1504 copiarum

135 1525 176 1566 ex
195 1504 359 1589 provincia
376 1502 700 1588 supplementumque,
725 1502 809 1588 quod
832 1525 873 1566 ex
887 1501 980 1567 Italia
994 1502 1092 1566 addu-

133 1597 234 1670 xerat,
256 1589 291 1652 in
311 1586 455 1670 Helvios,
479 1589 533 1674 qui
554 1587 634 1652 fines
657 1587 876 1653 Arvernorum
898 1589 1092 1672 contingunt,

135 1675 305 1738 convenire
326 1673 423 1738 iubet.

199 1758 228 1822 8.
251 1759 311 1822 His
340 1758 435 1822 rebus
465 1759 654 1844 comparatis
680 1780 825 1844 represso
854 1760 930 1838 iam
945 1758 1092 1822 Lucterio

135 1853 166 1907 et
187 1855 318 1925 remoto,
368 1845 432 1908 uod
457 1846 576 1908 intrare
597 1845 681 1907 intra
703 1843 862 1930 praesidia
882 1842 1093 1929 periculosum

17 2003 19 2006 Ι
85 1983 90 1989 .
134 1929 275 2016 putabat,
298 1931 331 1993 in
379 1929 477 1994 elvios
496 1929 714 2014 proficiscitur.
740 1929 811 1992 Etsi
825 1951 916 1992 mons
932 1928 1092 2011 Cevenna,

135 2017 191 2101 qui
205 2015 366 2080 Arvernos
383 2014 423 2078 ab
444 2015 568 2079 Helviis
585 2013 741 2097 discludit,
765 2015 930 2080 durissimo
952 2025 1093 2100 tempore

121 2103 211 2164 ‘anni
233 2099 387 2165 altissima
407 2102 481 2164 nive
509 2103 570 2166 iter
597 2100 798 2186 impediebat,
821 2109 928 2164 tamen
951 2099 1094 2164 discussa

134 2188 208 2250 nive
231 2208 289 2250 sex
315 2189 349 2250 in
378 2184 575 2250 altitudinem
625 2184 719 2250 edum
741 2194 835 2270 atque
856 2187 901 2249 ita
922 2187 983 2250 viis
1005 2194 1091 2272 pate-

135 2271 224 2334 factis
247 2294 368 2336 summo
397 2270 529 2335 militum
560 2207 675 2336 sudore
704 2272 745 2336 ad
771 2274 850 2336 fines
877 2271 1092 2336 Arvernorum

135 2359 289 2506 pervenit.
341 2356 465 2437 Quibus
488 2358 645 2442 oppressis
669 2355 921 2443 inopinantibus,
946 2355 1030 2444 quod
1059 2378 1092 2422 se

165 2464 288 2507 evenne
305 2450 340 2506 ut
357 2463 447 2507 muro
462 2445 600 2506 munitos
617 2443 848 2524 existimabant,
868 2465 906 2506 ac
925 2465 965 2507 ne
988 2443 1108 2526 singu

136 2527 195 2590 lari
218 2530 344 2614 quidem
365 2550 418 2591 um
441 2551 514 2592 uam
529 2529 649 2611 homini
664 2549 701 2592 eo
716 2537 857 2613 tempore
873 2530 948 2590 anni
964 2529 1093 2592 semitae

136 2623 312 2699 patuerant,
336 2551 494 2700 equitibus
509 2615 653 2700 imperat,
676 2623 710 2676 ut
733 2635 828 2700 quam
850 2611 1001 2677 latissime
1021 2634 1093 2698 pos-

137 2701 200 2762 sint
220 2709 377 2786 vagentur
399 2708 430 2762 et
452 2723 546 2786 quam
578 2700 750 2763 maximum
778 2697 920 2764 hostibus
941 2709 1091 2762 terrorem

136 2784 284 2850 inierant.
322 2783 477 2849 Celeriter
498 2785 576 2850 haec
597 2785 683 2848 fama
704 2806 742 2848 ac
763 2785 881 2848 nuntiis
904 2784 945 2849 ad
959 2783 1091 2848 Vercin-

137 2874 310 2955 getorigem
324 2871 539 2956 perferuntur,
555 2893 650 2956 quem
664 2871 821 2954 perterriti
836 2891 944 2934 omnes
956 2869 1092 2933 Arverni

138 2956 369 3020 circumsistunt
391 2965 484 3042 atque
507 2957 683 3039 obsecrant,
707 2964 742 3018 ut
756 2957 820 3020 suis
836 2955 968 3020 fortunis
984 2975 1093 3018 consu-

137 3039 190 3122 lat,
213 3058 294 3106 neve
324 3040 364 3105 ab
391 3040 535 3107 hostibus
563 3041 760 3127 diripiantur,
789 3041 975 3126 praesertim
998 3061 1093 3126 quum

137 3126 244 3190 videat
265 3149 357 3192 omne
379 3127 420 3190 ad
442 3149 477 3190 se
499 3125 617 3190 bellum
639 3125 834 3190 translatum.
875 3125 1017 3204 Quorum
1038 3122 1092 3186 ille

136 3213 283 3296 precibus
315 3221 477 3298 permotus
511 3222 613 3276 castra
642 3233 681 3275 ex
710 3210 904 3296 Biturigibus
926 3218 1033 3275 movet
1060 3210 1092 3272 in

136 3296 297 3362 Arvernos
318 3319 439 3362 versus.

201 3381 230 3447 9.
253 3383 297 3446 At
319 3381 438 3447 Caesar
458 3381 590 3447 biduum
611 3383 644 3446 in
665 3381 715 3446 his
738 3381 816 3446 locis
838 3389 985 3464 moratus,
1009 3379 1094 3468 quod

138 3467 217 3531 haec
238 3469 278 3532 de
300 3468 560 3556 Vercingetorige
587 3491 648 3534 usu
679 3475 814 3533 ventura
835 3467 982 3616 opgnione
1003 3489 1093 3553 prae-

182 3571 259 3612 cm„
