2562 3970
485 227 741 294 PRAEFATIO.
1017 225 1094 291 XCI

139 405 249 462 contra
271 419 362 463 casus
383 398 501 464 formae
527 407 703 481 elephantus
725 399 880 484 dispicere
899 398 969 463 licet
990 420 1018 461 c.
1040 397 1092 461 25.

139 483 191 546 27.
214 482 265 546 30.
288 483 339 546 35.
361 484 414 547 41.
436 485 487 548 48.
510 485 551 549 59
575 486 662 572 (bis).
686 485 726 549 72
745 484 830 570 (ter).
851 483 892 547 83
915 482 1001 569 (bis).
1025 482 1091 567 86).

140 566 252 633 Altera
280 570 466 654 suspicionis
497 573 595 636 ¹causa
628 570 763 651 accedit,
798 591 893 669 quum
926 567 1093 654 displiceat

139 650 272 738 pluralis
293 674 443 719 uumerus
464 657 552 720 vocis
576 663 725 734 equitatus
740 654 846 719 addito
863 659 1092 718 innumerabilis

141 737 305 803 adiectivo.
341 738 452 825 Itaque
474 749 651 821 elephantis,
675 741 759 826 quod
781 740 842 804 duo
857 739 994 824 potiores
1017 737 1091 802 libri

141 821 268 905 habent,
290 823 463 889 ablativum
484 825 616 912 pluralis
630 827 753 890 numeri
772 846 842 888 esse
858 835 946 888 ratus
962 825 1091 908 scripsi:

137 921 301 989 praeterea
322 919 408 989 repis
429 919 548 976 auxilia
578 920 612 977 el
620 917 802 991 epicuris
834 915 920 973 CXX
946 916 1037 987 equi
1043 921 1092 972 ta·

141 995 259 1073 tuaue
273 1003 565 1062 innumerabili.
589 996 756 1082 (Eiusdem
767 994 897 1058 ablativi
913 992 1093 1078 exemplum

139 1081 282 1164 reperire
300 1079 377 1144 *licet
397 1081 525 1154 infrain
541 1081 652 1147 eodem
674 1082 791 1165 capite:
809 1091 974 1161 praeterea
989 1085 1093 1144 Petre-

140 1171 213 1230 iaaa
236 1173 352 1230 auxilia
375 1174 510 1232 adbibita
527 1174 677 1247 equitibus
692 1171 786 1242 MDC,
799 1173 994 1248 peditumac
1019 1171 1093 1228 leuis

140 1264 315 1315 armaturae
338 1265 475 1332 quartum
497 1265 594 1334 tauro,
617 1258 787 1330 saaitlariis
817 1273 855 1315 aa
882 1256 1093 1330 funditoribus

142 1341 411 1418 iippaioaotisque
430 1346 661 1418 compluribus)
685 1374 725 1384 —
747 1335 873 1400 Deinde
895 1335 989 1417 edidi,
1010 1334 1094 1421 quod

144 1429 175 1486 et
195 1420 359 1506 vulgatum
382 1433 430 1486 est
445 1432 476 1486 et
490 1424 525 1486 in'
539 1423 607 1488 cod.
622 1421 717 1486 Vind.
734 1421 867 1508 aliisque
882 1420 1013 1507 legitur:
1029 1427 1094 1484 Hae

141 1528 197 1588 spe
212 1516 492 1586 ataueeaaudaeia
511 1517 718 1587 inflammatus.
741 1507 780 1571 N.
803 1529 839 1571 ea
861 1509 974 1588 omisit,
998 1527 1094 1592 quum

142 1591 227 1656 absit
255 1615 274 1656 a
302 1593 383 1658 libro
411 1594 531 1675 Paris.;
554 1603 586 1658 at
608 1593 746 1658 dubitari
771 1591 810 1656 de
837 1591 911 1657 libri
938 1592 1118 1738 scriptura

140 1678 210 1763 ipse
235 1678 397 1761 indicavit,
419 1681 528 1743 necsi
551 1680 668 1744 omissa
683 1686 731 1742 est
745 1677 859 1742 vocula
880 1679 912 1740 in
927 1675 982 1738 illo
1010 1675 1091 1758 ibro‚

141 1763 257 1827 mirum
277 1763 379 1829 videri
402 1773 514 1850 potest,
546 1787 642 1851 quum
693 1764 773 1828 osite
801 1765 842 1826 sit
867 1764 951 1826 inter
973 1765 1091 1842 [areale

142 1857 174 1912 et
202 1853 364 1931 aludacia]
394 1849 559 1914 vocabula.
590 1887 630 1897 —
666 1787 801 1913 Nesiitui
830 1849 925 1912 eiiam
955 1860 1094 1925 quater

142 1946 226 1999 tauro
245 1957 304 2020 pro
320 1935 554 2020 Nipperdeiano
567 1946 706 2014 quartum
725 1947 807 1998 tauto
821 1933 974 2019 (quartum
992 1932 1093 1995 Paris.

142 2041 206 2083 sec.
229 2030 261 2083 ct
281 2020 369 2085 Laid.
392 2042 457 2105 pu,
486 2032 592 2099 quater
612 2019 709 2083 Vind.
737 2042 786 2105 pr.
814 2018 928 2102 reliqui
950 2016 1091 2096 habent).

141 2141 185 2152 -
205 2103 409 2190 Denique-ut
430 2105 525 2190 vulgo
545 2112 647 2184 pridie
668 2111 745 2169 Nou.
767 2110 838 2168 lau.
869 2102 971 2184 edidi,
996 2125 1093 2188 quum

49 2186 56 2196 ’
141 2189 181 2254 N.
205 2212 246 2252 cx
273 2193 366 2255 unico
388 2191 469 2256 libro
497 2191 598 2254 Paris.
620 2197 658 2255 II
677 2197 705 2254 a.
734 2195 811 2255 Nou.
834 2195 904 2254 iau.
929 2186 1092 2252 scriberet.

206 2274 243 2339 O.
266 2277 307 2338 22
328 2277 366 2339 N.
388 2278 493 2361 posuit
515 2283 552 2340 air
573 2283 746 2354 perditis
774 2281 989 2352 sceleratisque
1017 2281 1092 2338 ciui-

141 2367 219 2436 bus;
241 2361 315 2424 libri
336 2362 437 2425 Paris.
454 2383 516 2425 sec.
538 2361 632 2425 Vind.
649 2384 695 2446 pr.
713 2359 828 2445 Scalig.
844 2367 985 2442 uarduis,
1001 2359 1091 2424 Leid.

163 2469 189 2508 r.
220 2445 327 2510 Ouiae.
355 2455 475 2512 uaraiis
508 2447 642 2529 habent3
665 2446 748 2509 unde
782 2455 912 2530 propter
941 2445 1092 2509 maiorem
1238 2484 1241 2488 -

140 2469 316 2603 litterarum
338 2532 572 2597 similitudinem
598 2531 737 2596 scribere
759 2529 855 2594 malui
876 2537 1016 2610 nefariis.
1148 2536 1151 2541 ’

164 2623 167 2630 ’
206 2615 242 2681 O.
265 2618 307 2680 24
324 2619 472 2703 rescripsi
495 2616 843 2696 quoquoversus.1ta
869 2625 901 2681 et
918 2615 1090 2679 codVind.

141 2701 324 2851 etrelippi²
354 2712 389 2766 ut
414 2702 549 2784 videtur,
578 2703 652 2766 libri
673 2723 747 2765 mss.
785 2722 903 2766 omnes.
927 2701 970 2786 (v.
999 2723 1093 2786 supra

207 2872 243 2936 C.
271 2873 313 2936 25
341 2873 379 2936 N.
408 2874 449 2936 ad
477 2874 629 2938 librorum
658 2873 753 2937 fidem
785 2872 901 2936 edidit:
923 2877 958 2935 P.
985 2877 1092 2936 Sittius

141 2966 261 3024 iuterim
282 2971 388 3024 eirea
402 2965 545 3025 Bocchus
567 2966 738 3023 coniunctis
760 2966 826 3023 suis
849 2964 948 3038 copiis
969 2965 1090 3034 coquito

140 3043 225 3124 raaia
245 3049 344 3109 Juiae
364 3065 489 3122 earessu
507 3052 640 3124 propius
662 3051 727 3108 eius
747 3066 872 3122 reanum
888 3050 995 3123 capias
1015 3063 1090 3106 suas

143 3135 316 3211 aanovere,
348 3135 532 3209 Cirtamque,
564 3136 706 3210 oppidum
740 3135 996 3210 opulentissimum
1025 3135 1089 3192 eius

141 3223 239 3294 requi,
262 3223 428 3280 adorsus
447 3221 559 3293 paucis
575 3219 679 3278 diebus
691 3221 858 3292 puaaauaa
878 3219 1001 3290 capim
1025 3219 1091 3292 qui-

142 3305 199 3362 bus
228 3322 293 3365 euru
323 3307 524 3366 conditionem
548 3306 692 3384 ferret,
720 3313 753 3363 ul
780 3337 823 3348 -
844 3336 894 3375 -,
916 3312 1023 3376 postea
1045 3305 1089 3362 ab

144 3405 186 3448 eo
209 3394 298 3463 eura
319 3393 527 3466 iuterfeaique
553 3396 625 3449 aaut
645 3405 756 3449 omues.
799 3383 904 3468 Vulgo
934 3382 1008 3446 libri
1034 3384 1090 3445 im·

140 3469 386 3556 pressihabeni:
410 3477 548 3535 adorti
564 3511 602 3524 -
619 3477 801 3548 capiunt,
828 3475 938 3548 quibus
958 3505 997 3516 —-
1011 3474 1090 3547 fer·

333 2787 390 2869 ru,
418 2788 480 2866 aa.)
