2562 3966
371 272 506 340 OOMM.
527 273 592 339 VH
614 273 707 339 OAP.
731 275 866 340 65-69.
1037 263 1096 340 1⁵17

139 441 288 512 constitui
309 443 454 528 iubebat3
477 468 558 531 quac
579 469 631 510 res
648 455 679 510 et
692 445 799 513 hostes
814 445 856 510 ad
869 446 939 510 inse
961 445 1098 510 nendum

137 530 287 596 tardabat
308 540 340 596 et
360 540 486 595 nostros
507 554 563 617 spe
578 532 689 596 auxilii
703 531 919 596 confirmabat.
940 468 1098 596 q'laudem

138 617 301 695 Germani
324 615 365 680 ab
398 615 508 680 dextro
537 616 636 683 latere
672 640 827 682 summum
856 617 977 704 iugum,
993 618 1098 682 naneti

137 703 246 768 hostes
278 701 348 766 loco
382 701 556 802 depellunt,
584 703 742 788 fugientes
771 725 873 789 usque
901 703 943 766 ad
970 701 1098 784 flumen,

137 787 195 851 ubi
215 785 457 872 Vercingetorrx
480 809 551 850 cum
565 788 765 874 pedestribus
784 789 883 874 copiis
902 788 1097 872 consederat,

137 881 372 958 persequuntur
386 871 626 960 compluresque
647 874 850 938 interficiunt.
895 871 1018 952 Quare
1033 873 1099 938 ani-

137 957 309 1022 madversa
329 956 453 1044 reliqui,
482 980 524 1021 ne
553 960 803 1042 circumirentur,
832 960 926 1024 veriti
949 981 983 1022 se
1005 957 1099 1060 fugae

138 1041 299 1106 mandunt.
344 1041 500 1107 Omnibus
511 1043 589 1107 loeis
605 1045 640 1108 fit
655 1045 778 1108 caedes.
815 1044 896 1108 Tres
910 1043 1098 1108 nobiliss1mi

137 1128 266 1192 Haedui
287 1129 370 1213 capti
387 1127 427 1192 ad
444 1127 615 1194 Caesarem
628 1129 861 1215 perducuntur:
886 1128 994 1213 001110,
1032 1151 1100 1193 rae-

136 1214 238 1278 fectus
261 1215 410 1300 equitum,
434 1216 488 1298 qui
507 1216 753 1280 controversiam
769 1237 841 1279 cum
856 1151 1100 1281 Convictolitavi

136 1300 291 1384 proximis
314 1299 445 1364 comitiis
471 1297 642 1383 habuerat,
671 1310 702 1364 et
732 1299 929 1383 Cauarillus,
952 1301 1005 1386 qui
1027 1308 1100 1386 post

138 1384 347 1448 defectionem
380 1383 516 1448 Litavici
571 1384 748 1450 edestribus
778 1387 877 1470 copiis
908 1384 1099 1471 praefuerat,

138 1479 170 1533 et
203 1469 419 1554 Eporedorix,
449 1492 511 1556 quo
540 1408 620 1535 duce
650 1480 723 1535 ante
750 1472 920 1535 adventum
951 1469 1099 1536 Caesaris

137 1555 264 1620 Haedui
285 1576 358 1618 cum
380 1553 535 1640 Sequanis
557 1555 642 1621 bello
665 1556 902 1621 contenderant.

202 1640 254 1704 68.
293 1639 418 1725 Fugato
462 1642 548 1704 omni
582 1642 722 1728 equitatu
763 1641 1007 1727 Vercingetorix
1048 1661 1098 1704 co-

136 1727 216 1811 pias,
239 1732 274 1790 ut
294 1746 353 1810 pro
376 1729 487 1790 castris
503 1725 722 1809 collocaverat,
741 1727 869 1792 reduxit
891 1729 1099 1812 protinusque

136 1811 305 1893 Alesiam,
339 1810 424 1897 quod
462 1821 510 1874 est
546 1812 694 1897 oppidum
731 1811 998 1893 Mandubiorum,
1038 1809 1100 1874 iter

136 1896 243 1961 lacere
272 1897 376 1982 coepit
413 1895 618 1983 celeriterque
657 1897 882 1982 impedimenta
911 1919 951 1960 ex
986 1897 1100 1960 castris

2 2009 18 2015 -
138 1981 232 2045 educi
253 1991 285 2045 01
307 2005 341 2047 00
363 1980 514 2069 subsequi
535 1982 633 2047 iussit.
673 1981 793 2048 Caesar
812 1981 1048 2069 impedimentis
1065 1982 1099 2044 in

137 2067 318 2153 proximum
340 2066 454 2132 collem
480 2067 623 2132 deductis
656 2067 779 2134 duabus
804 2066 994 2153 legionibus
1010 2088 1099 2152 prae·

139 2152 220 2217 sidio
262 2151 380 2216 relictis
415 2161 562 2235 secutus,
600 2161 751 2254 quantum
791 2153 855 2218 diei
895 2161 1020 2238 tempus
1053 2159 1102 2216 est

137 2259 284 2324 passum,
313 2239 440 2302 circiter
459 2239 560 2304 tribus
582 2238 710 2302 mrlibus
726 2239 863 2304 hostium
875 2260 917 2305 ex
927 2237 1100 2301 novissimo
1139 2269 1143 2281 ·

137 2324 265 2408 agmine
282 2323 455 2388 interfectis
477 2323 577 2389 altero
600 2324 652 2390 die
673 2323 868 2388 adAlesiam
890 2331 995 2387 castra
1016 2322 1100 2386 10011

136 2408 310 2494 Perspecto
345 2407 435 2473 urbis
469 2411 530 2475 situ
563 2410 800 2496 perterritisque
834 2407 993 2490 hostibus,
1018 2405 1102 2494 quod

12 2501 21 2506 ’
137 2495 297 2580 equitatu,
331 2515 393 2581 qua
418 2497 556 2560 maxime
610 2503 677 2558 arte
707 2495 865 2560 exercitus
887 2490 1099 2574 confidebant,
1168 2555 1172 2562 ,

137 2587 230 2643 crant
243 2579 337 2666 pulsi,
360 2579 542 2645 adhortatus
561 2517 756 2644 adlaborem
777 2579 894 2644 milites
917 2575 1101 2642 circumval-

136 2663 205 2728 lare
227 2665 370 2729 instituit

203 2749 255 2813 69.
277 2749 387 2835 Ipsum
414 2759 484 2816 erat
511 2750 663 2837 oppidum
683 2749 796 2815 Alesia
816 2751 850 2813 in
878 2749 958 2816 colle
981 2771 1102 2814 summo

138 2834 310 2898 admodum
343 2835 428 2900 edito
463 2834 547 2917 loco,
580 2844 615 2900 ut
639 2836 702 2899 nisi
732 2834 896 2901 obsidione
926 2835 1103 2921 expugnari

136 2943 203 2984 non
224 2942 319 3007 posse
341 2920 520 3005 videretur3
544 2922 633 2986 cuius
649 2919 738 2986 collis
752 2920 878 2985 radices
894 2919 956 2984 duo
978 2917 1102 2984 duabus

138 3006 345 3092 expertibus
373 3005 505 3071 flumina
533 3004 732 3071 subluebant
783 3005 868 3069 Ante
895 3004 930 3069 id
951 3002 1101 3090 oppidum

137 3091 285 3178 planities
308 3092 434 3156 circiter
454 3091 542 3156 milia
561 3113 713 3178 passuum
735 3091 798 3154 tria
818 3092 852 3153 in
873 3089 1101 3175 longitudinem

138 3176 284 3278 patebat:
307 3175 437 3262 reliquis
461 3199 502 3240 ex
517 3176 663 3242 omnibus
674 3175 820 3325 partibus
835 3174 934 3242 colles
948 3173 1102 3238 mediocri

138 3264 305 3328 interiecto
340 3263 441 3328 satio
478 3264 550 3348 pari
583 3260 674 3326 altitu
696 3262 757 3326 inis
790 3260 917 3346 fastigio
950 3257 1101 3344 oppidum

140 3347 319 3434 cingebant
356 3285 425 3412 hub
447 3369 548 3431 muro,
571 3369 652 3435 quae
673 3353 748 3432 pa'rs
771 3344 861 3410 collis
884 3343 1100 3409 adorientem

78 3487 81 3494 ,
140 3431 240 3497 solem
263 3432 436 3520 spectabat,
465 3432 549 3499 hunc
571 3455 697 3498 onmem
727 3430 833 3496 locum
861 3430 970 3515 copiae
994 3426 1100 3494 Gallo-

139 3538 211 3582 rum
239 3517 475 3604 compleverant
507 3518 689 3605 fossamque
722 3524 753 3582 ct
781 3517 951 3662 macpqiam
980 3536 1038 3580 sex
1067 3515 1099 3576 in

182 3621 262 3661 Crem
