2538 3978
148 265 151 272 ,
179 215 220 279 88
466 218 527 282 DE
548 218 691 282 BELLO
716 218 849 282 CIVILI

180 387 299 454 Caesar
319 411 470 475 praesens
500 390 713 470 constituerat,
735 390 801 455 fore
824 388 942 456 auxilio
964 389 1135 474 polliceba-

178 484 238 538 tur.
261 474 326 539 Sed
346 474 442 538 fiebat
464 476 621 560 aequitate
651 475 768 540 decreti
792 486 823 540 et
843 475 1036 540 humanitate
1058 475 1136 540 Tre·

178 560 263 642 boni,
287 560 410 646 quibis
433 559 627 645 temporibus
655 556 827 626 clementer
850 560 1062 626 atmoderate
1084 563 1134 626 ius

179 645 347 709 dicendum
380 645 595 727 existimabat,
623 655 657 709 ut
689 649 822 731 reperiri
849 667 912 711 non
940 656 1084 732 possent,
1116 669 1135 709 a

179 731 291 817 quibus
313 731 435 794 initium
464 729 644 816 appellandi
671 737 864 796 nasceretur.
897 731 979 794 Nam
1000 732 1135 796 fortasse

177 819 316 901 inopiam
338 838 490 880 excusare
513 826 544 880 et
559 815 769 880 calamitatem
790 827 844 882 aut
864 819 1022 902 propriam
1045 839 1134 882 suam

178 910 231 965 aut
251 911 428 988 temporum
450 904 539 988 queri
568 912 599 965 et
621 902 820 968 difficultates
843 902 1043 967 auctionandi
1063 923 1134 986 pro·
1250 901 1251 972 ζ

177 1007 296 1072 ponere
329 989 424 1051 etiam
455 987 622 1051 mediocris
657 997 705 1052 est
736 989 848 1070 animi3
880 991 1020 1073 integras
1056 1009 1133 1050 vero

177 1083 285 1137 tenere
312 1075 538 1159 possessiones,
567 1073 620 1158 qui
647 1095 681 1137 se
711 1073 827 1138 debere
855 1073 1020 1154 fateantur,
1044 1075 1134 1136 cuius

179 1160 275 1222 animi
303 1169 357 1222 aut
385 1160 474 1222 cuius
506 1158 718 1244 impudentiae
748 1165 815 1222 est?
847 1159 968 1244 Itaque,
998 1158 1057 1222 hoc
1080 1159 1136 1242 qui

177 1243 358 1329 postularet,
385 1243 601 1329 reperiebatur
627 1267 729 1308 nemo.
751 1244 857 1330 Atque
884 1246 970 1328 ipsis,
994 1244 1035 1335 ad
1077 1265 1134 1306 uo·

177 1352 248 1394 rum
270 1329 469 1394 commodum
489 1329 676 1414 pertinebat,
700 1330 806 1394 durior
827 1331 972 1394 inventus
995 1267 1135 1394 estgoe·

177 1415 247 1478 lius.
270 1413 335 1479 Sed
356 1413 397 1478 ab
424 1413 485 1479 hoc
511 1413 668 1500 profectus
689 1416 788 1496 initia,
816 1437 856 1480 ne
877 1414 994 1480 frustra
1014 1416 1134 1498 ingres-

179 1523 232 1564 sus
254 1510 379 1586 turpem
401 1522 528 1564 oausam
546 1501 715 1584 videretur,
739 1501 842 1585 legem
864 1500 987 1586 promul
1010 1503 1083 1582 avit,
1099 1509 1135 1564 ut

178 1587 310 1650 sexenni
330 1585 381 1649 die
404 1587 472 1650 sine
498 1587 601 1650 usuris
629 1586 766 1650 creditae
788 1589 939 1671 pecuniae
962 1524 1133 1650 solvantur.

241 1673 291 1735 21.
315 1670 420 1750 Quum
449 1673 611 1735 resisteret
638 1671 790 1738 Servilius
821 1672 929 1736 consul
957 1670 1071 1756 reliqui
1092 1692 1134 1736 ue

177 1759 389 1844 magistratus,
413 1767 444 1820 et
465 1758 568 1820 minus
596 1759 746 1842 opinione
768 1779 822 1820 sua
847 1757 994 1838 efficeret,
1018 1757 1059 1821 ad
1072 1695 1134 1820 ho·
1175 1833 1180 1844 1

177 1845 296 1909 minum
326 1843 493 1907 excitanda
526 1844 629 1907 studia
661 1842 785 1906 sublata
812 1845 918 1928 priore
952 1842 1022 1926 lege
1055 1843 1133 1906 duas

179 1927 407 2014 promulgavit:
430 1951 535 2009 unam,
584 1951 626 1992 ua
647 1928 809 1994 mercedes
832 1927 1058 1994 habitationum
1081 1949 1132 1990 an-

178 2037 258 2078 nuas
289 2014 532 2078 conductoribus
562 1952 699 2095 donavit,
723 2013 815 2078 aliam
837 2013 1015 2078 tabularum
1038 2036 1134 2077 nova·

176 2121 254 2182 rum,
277 2102 459 2186 impetuque
488 2098 695 2162 multitudinis
723 2100 756 2163 in
779 2098 815 2162 O.
838 2100 1030 2166 Trebonium
1051 2100 1135 2164 facto

178 2194 209 2248 et
229 2185 388 2249 nonnullis
410 2184 583 2248 vulneratis
611 2208 682 2248 eum
713 2185 752 2248 de
774 2185 922 2250 tribunali
945 2185 1133 2248 deturbavit.

176 2270 227 2333 De
250 2271 363 2355 quibus
385 2270 480 2334 rebus
503 2269 656 2335 Servilius
672 2270 781 2335 consul
797 2271 837 2334 ad
860 2282 1003 2334 senatum
1018 2270 1134 2351 retulit,

177 2366 366 2442 senatusque
383 2355 527 2420 Coelium
538 2355 578 2420 ab
590 2355 753 2504 republica
766 2357 990 2421 removendum
1003 2358 1132 2420 censuit.

176 2441 248 2504 Hoc
270 2442 396 2505 decreto
427 2464 498 2505 eum
527 2463 624 2505 consu
666 2452 776 2506 senatu
798 2442 955 2526 prohibuit
978 2452 1010 2506 et
1032 2441 1133 2506 conci-

178 2529 268 2590 onari
290 2536 456 2591 conantem
479 2527 519 2590 de
540 2530 652 2590 rostris
675 2526 814 2590 deduxit.
836 2527 895 2590 Ille
917 2529 1088 2612 ignominia
1103 2539 1134 2589 et

177 2611 286 2676 dolore
313 2622 473 2698 pennotus
506 2611 611 2696 palam
638 2635 672 2676 se
701 2613 859 2697 proticisci
892 2613 932 2676 ad
966 2612 1134 2677 Caesarem

177 2696 350 2779 simulavit;
385 2698 466 2760 clam
505 2700 622 2761 nuntiis
655 2697 696 2761 ad
727 2698 877 2770 Milonem
909 2700 1031 2780 missis,
1080 2699 1134 2783 qui

178 2782 289 2847 Olodio
318 2783 482 2846 interfecto
512 2804 549 2846 ec
578 2785 704 2847 nomine
734 2792 801 2847 erat
828 2784 1010 2864 damnatus,
1039 2793 1134 2869 atque

177 2890 213 2933 eo
235 2871 269 2932 in
291 2868 417 2932 Italiam
440 2877 579 2949 evocat0,
603 2868 687 2952 quod
708 2891 761 2932 ma
783 2871 832 2932 nis
848 2869 1029 2934 muneribus
1052 2869 1133 2932 datis

176 2953 381 3037 gladiatoriae
402 2954 542 3017 familiae
561 2953 712 3039 reliquias
727 2893 874 3035 hahebat,
898 2955 958 3018 sibi
974 2955 1135 3018 coniunxit

177 3049 270 3125 atque
300 3062 371 3102 eum
399 3041 433 3102 in
466 3039 640 3102 Thurinum
672 3037 713 3102 ad
745 3040 959 3104 sollicitandos
992 3052 1134 3126 pastores

176 3126 349 3210 praemisit.
390 3124 464 3209 Ipse
494 3147 589 3210 quum
624 3123 799 3188 Casilinum
830 3128 978 3208 venisset,
1009 3147 1134 3211 unoque

175 3219 317 3296 tempore
339 3211 430 3296 signa
452 3211 519 3274 eius
541 3209 688 3274 militaria
710 3221 804 3298 atque
826 3234 914 3276 arma
936 3211 1064 3296 Capuae
1087 3233 1134 3274 es·

177 3305 248 3359 sent
270 3317 455 3380 comprensa
470 3305 501 3358 et
515 3294 634 3360 familia
652 3295 794 3381 Neapoli,
817 3300 865 3361 vis
889 3306 983 3382 atque
997 3297 1135 3382 proditio

177 3381 284 3464 oppidi
307 3391 483 3465 appareret,
499 3380 665 3466 patefactis
689 3383 829 3446 consiliis
853 3381 1000 3446 exclusus
1024 3381 1136 3467 Capua

178 3473 209 3526 et
229 3465 402 3549 periculum
430 3466 559 3547 veritus,
590 3467 675 3552 quod
703 3477 876 3533 conventus
899 3491 988 3532 arma
1009 3481 1137 3553 ceperat
