2490 3974
432 254 575 320 CAPUT
597 255 734 320 46-49,
996 257 1057 321 211

84 437 193 500 nocte
214 429 406 528 intempesta
426 424 555 511 ignibus
578 427 754 507 exstinctis,
778 426 884 510 rebus,
915 451 996 516 quae
1019 428 1061 494 ad

88 515 216 578 victum
238 521 408 599 pertinent,
432 510 578 577 omnibus
601 512 759 598 corruptis
781 535 839 598 per
861 529 966 580 castra
1011 537 1059 578 as·

90 601 160 663 sim
181 597 383 684 vagabantur
398 597 560 746 scutisque
575 598 680 682 capita
694 598 915 684 contegebant
939 537 1061 664 Eadem

89 692 193 749 nocte
229 693 255 744 V
291 682 425 769 legionis
467 683 605 768 piorum
650 685 816 748 cacumina
852 707 911 748 sua
946 694 1060 771 sponte

88 777 253 834 arserunt.

161 855 214 918 48.
236 853 308 917 Rex
329 855 454 920 interim
467 853 547 918 Iuba
558 853 597 917 de
614 854 753 940 equestri
768 853 889 940 proelio
905 853 1063 941 Scipionis

90 941 214 1005 certior
235 941 337 1004 iactus
368 950 579 1025 evocatusque
601 937 643 1004 ab
673 940 786 1004 eodem
807 939 919 1005 litteris
964 941 1062 1006 raese-

90 1035 150 1092 cto
184 1025 328 1090 Saburra
364 1047 435 1090 cum
472 1035 562 1110 parte
599 1024 759 1089 exercitus
792 1035 903 1090 contra
936 963 1063 1092 Sittium

93 1111 221 1192 relicto,
250 1121 285 1174 ut
314 1133 422 1175 secum
452 1112 521 1196 ipse
554 1109 674 1196 aliquid
707 1112 904 1176 auctoritatis
934 1111 1065 1176 adderet

92 1197 254 1262 exercitui
276 1196 433 1283 Scipionis
456 1217 494 1260 ac
515 1205 667 1260 terrorem
691 1195 847 1276 Caesaris,
870 1219 942 1262 cum
963 1197 1064 1261 tribus

94 1281 280 1368 legionibus
303 1305 321 1347 e
344 1281 524 1430 uitibusque
551 1283 682 1346 irenatis
706 1287 805 1362 DCCC,
827 1281 971 1346 Numidis
994 1283 1064 1348 sine

95 1367 197 1432 irenis
227 1305 449 1452 peditibusque
490 1368 558 1450 evis
589 1375 767 1430 armaturae
797 1367 911 1452 grandi
932 1390 1063 1434 numero

93 1451 341 1538 elephantisque
370 1460 449 1514 XXX
479 1473 625 1537 egressus
657 1474 800 1537 eregno⁴
819 1452 860 1516 ad
882 1453 1065 1540 Scipionem

92 1549 147 1601 est
184 1539 352 1623 profectus.
386 1539 560 1622 Postquam
593 1537 634 1600 ad
667 1560 739 1602 eum
768 1540 921 1639 pervenit,
952 1542 1065 1603 castris

96 1624 197 1709 regiis
221 1645 362 1688 seorsum
390 1625 500 1710 positis
532 1646 604 1689 curu
627 1623 673 1688 eis
696 1624 805 1708 copiis,
830 1643 907 1708 quas
930 1645 1065 1689 comme·

96 1711 231 1790 moravi,
254 1707 340 1773 haud
361 1711 406 1772 ita
428 1709 522 1793 longe
545 1709 587 1773 ab
609 1707 758 1794 Scipione
780 1710 934 1774 consedit.
972 1709 1065 1795 (Erat

97 1797 132 1858 in
156 1796 267 1858 castris
290 1794 438 1860 Caesaris
461 1796 623 1879 superiore
638 1805 781 1880 tempore
803 1817 938 1881 magnus
953 1803 1064 1876 terror,

9 1945 10 1950 ,
96 1892 131 1944 et
159 1882 396 1966 exspectatione
426 1881 590 1964 copiarum
617 1882 779 1966 regiorum
809 1881 967 1944 exercitus
998 1881 1067 1944 eius

97 1968 209 2052 magis.
224 1968 425 2052 suspensiore
448 1967 554 2030 animo
577 1975 650 2029 ante
674 1965 845 2030 adventum
867 1964 967 2030 Iubae
983 1988 1066 2030 corrr-

98 2051 302 2134 movebatur3
340 2061 509 2136 postquam
536 2073 613 2116 vero
645 2062 750 2116 eastra
780 2053 892 2114 castris
923 2051 1065 2133 contulit,

99 2138 259 2222 despectis
289 2138 356 2202 eius
386 2137 487 2221 copiis
518 2159 644 2202 omnem
671 2139 819 2201 timorem
851 2136 990 2222 deponit.
1018 2136 1068 2201 Ita

10 2259 11 2298 ,
100 2245 195 2310 quam
231 2233 326 2288 autea
368 2221 484 2286 absens
526 2221 682 2288 habuerat
725 2223 952 2304 auctoritatem,
996 2245 1067 2286 eam

10 2349 12 2378 r
99 2331 226 2374 omnem
269 2331 400 2373 raesens
425 2307 611 2393 dimiserat.)
643 2307 714 2386 Quo
737 2309 819 2372 facto
847 2307 947 2372 cuivis
974 2305 1066 2390 facile

100 2395 159 2458 luit
179 2332 343 2459 intellectu
365 2391 507 2477 Scipioni
529 2393 671 2457 additum
694 2394 834 2458 animum
855 2391 1067 2478 fiduciamque

11 2519 12 2554 ;
102 2481 184 2566 regis
207 2479 355 2544 adventu.
377 2478 460 2542 Nam
475 2488 601 2563 postero
618 2481 669 2543 die
691 2481 856 2544 universas
880 2499 953 2542 suas
968 2479 1066 2564 regis-

11 2603 12 2642 ι
102 2588 163 2651 que
191 2563 299 2650 copias
328 2587 401 2630 cum
431 2563 606 2649 elephantis
638 2572 683 2626 LX
714 2565 883 2649 productas
911 2565 945 2628 in
966 2565 1067 2627 aciem

12 2699 13 2706 .
103 2672 195 2736 quam
218 2652 449 2736 speciosissime
471 2651 574 2735 potuit
589 2651 741 2714 instruxit
763 2672 800 2713 ac
823 2648 919 2733 paulo
941 2647 1066 2732 longius

104 2757 289 2822 progressus
312 2735 352 2800 ab
376 2735 441 2799 suis
472 2734 700 2800 munitionibus
727 2734 813 2799 haud
841 2736 886 2800 ita
908 2734 963 2798 diu
984 2755 1067 2797 com-

104 2830 241 2887 moratus
264 2843 298 2884 se
320 2822 434 2906 recipit
455 2821 489 2884 in
512 2832 628 2886 castra.

12 2915 13 2926 ¹
163 2906 216 2970 49.
241 2905 370 2988 Caesar,
400 2916 567 2992 postquam
598 2906 821 2970 animadvertit
850 2904 991 2990 Scipioni
1013 2926 1067 2968 au·

12 3033 14 3070 ,
105 2991 179 3056 xilia
199 2993 277 3073 fere,
293 3013 375 3077 quae
391 3001 621 3078 exspectasset,
638 2993 744 3056 omnia
759 2991 947 3055 convenisse
962 3011 1067 3074 neque

103 3097 223 3148 moram
253 3076 416 3162 pugnandi
442 3078 540 3141 ullam
574 3079 651 3159 iore,
682 3099 739 3161 per
766 3078 874 3160 iugum
912 3096 1068 3138 summum

105 3186 174 3230 cum
195 3163 294 3248 copiis
316 3163 466 3247 progredi
482 3163 587 3249 coepit
601 3172 633 3226 et
648 3160 779 3225 brachia
793 3162 936 3245 protinus
952 3159 1067 3224 ducere

13 3319 14 3324 ,
105 3261 138 3316 et
163 3247 295 3314 castella
323 3249 447 3312 munire
476 3249 669 3333 propiusque
702 3245 884 3330 Scipionem
913 3243 1068 3329 capiendo

13 3377 14 3414 3
108 3335 173 3400 loca
194 3333 325 3399 excelsa
346 3354 503 3418 occupare
526 3332 702 3413 contendit,
733 3353 771 3396 ne
800 3331 975 3394 adversarii
1003 3353 1068 3393 ma·

110 3421 266 3506 gnitudine
290 3420 452 3503 copiarum
468 3417 578 3483 confisi
600 3417 778 3504 proximum
799 3415 912 3480 collem
934 3434 1068 3497 occupa-

110 3515 297 3592 tentatque
327 3506 371 3567 ita
403 3504 528 3589 longius
562 3503 623 3586 sibi
652 3500 878 3649 progrediqqqi
907 3498 1070 3582 eriperent
