<?xml version="1.0" encoding="UTF-8"?>
<!DOCTYPE html PUBLIC "-//W3C//DTD XHTML 1.0 Transitional//EN"
    "http://www.w3.org/TR/xhtml1/DTD/xhtml1-transitional.dtd">
<html xmlns="http://www.w3.org/1999/xhtml" xml:lang="en" lang="en">
 <head>
  <title>
</title>
<meta http-equiv="Content-Type" content="text/html;charset=utf-8" />
  <meta name='ocr-system' content='tesseract 3.04.00' />
  <meta name='ocr-capabilities' content='ocr_page ocr_carea ocr_par ocr_line ocrx_word'/>
</head>
<body>
  <div class='ocr_page' id='page_1' title='image "./ciuliicaesarisc01hirtgoog_0556.png"; bbox 0 0 2490 3974; ppageno 0'>
   <div class='ocr_carea' id='block_1_1' title="bbox 394 225 1067 302">
    <p class='ocr_par' dir='ltr' id='par_1_1' title="bbox 394 225 1067 302">
     <span class='ocr_line' id='line_1_1' title="bbox 394 225 1067 302; baseline -0.003 0"><span class='ocrx_word' id='word_1_1' title='bbox 394 225 402 242; x_wconf 87' lang='lat'><em>&#39;</em></span> <span class='ocrx_word' id='word_1_2' title='bbox 440 236 583 302; x_wconf 79' lang='lat' dir='ltr'>enru&#39;r</span> <span class='ocrx_word' id='word_1_3' title='bbox 605 237 741 300; x_wconf 63' lang='lat' dir='ltr'>rara</span> <span class='ocrx_word' id='word_1_4' title='bbox 1004 234 1067 300; x_wconf 76' lang='lat' dir='ltr'>roa</span> 
     </span>
    </p>
   </div>
   <div class='ocr_carea' id='block_1_2' title="bbox 106 406 1066 494">
    <p class='ocr_par' dir='ltr' id='par_1_2' title="bbox 106 406 1066 494">
     <span class='ocr_line' id='line_1_2' title="bbox 106 406 1066 494; baseline 0.001 -23"><span class='ocrx_word' id='word_1_5' title='bbox 106 409 178 472; x_wconf 84' lang='lat' dir='ltr'>nius</span> <span class='ocrx_word' id='word_1_6' title='bbox 201 419 234 472; x_wconf 90' lang='lat' dir='ltr'>et</span> <span class='ocrx_word' id='word_1_7' title='bbox 252 409 290 484; x_wconf 86' lang='lat' dir='ltr'>L.</span> <span class='ocrx_word' id='word_1_8' title='bbox 314 407 433 490; x_wconf 83' lang='lat' dir='ltr'>Ticida,</span> <span class='ocrx_word' id='word_1_9' title='bbox 457 430 555 494; x_wconf 89' lang='lat' dir='ltr'>eques</span> <span class='ocrx_word' id='word_1_10' title='bbox 576 408 747 488; x_wconf 84' lang='lat' dir='ltr'>Romanus,</span> <span class='ocrx_word' id='word_1_11' title='bbox 763 408 805 472; x_wconf 90' lang='lat' dir='ltr'>ab</span> <span class='ocrx_word' id='word_1_12' title='bbox 819 407 948 472; x_wconf 89' lang='lat' dir='ltr'>residua</span> <span class='ocrx_word' id='word_1_13' title='bbox 963 406 1066 472; x_wconf 89' lang='lat' dir='ltr'>classe</span> 
     </span>
    </p>
   </div>
   <div class='ocr_carea' id='block_1_3' title="bbox 15 492 1173 579">
    <p class='ocr_par' dir='ltr' id='par_1_3' title="bbox 15 492 1173 579">
     <span class='ocr_line' id='line_1_3' title="bbox 15 492 1173 579; baseline 0 -23"><span class='ocrx_word' id='word_1_14' title='bbox 15 527 17 534; x_wconf 48' lang='lat'><strong><em>⁴</em></strong></span> <span class='ocrx_word' id='word_1_15' title='bbox 107 515 204 579; x_wconf 91' lang='lat' dir='ltr'>quum</span> <span class='ocrx_word' id='word_1_16' title='bbox 226 497 398 558; x_wconf 88' lang='lat' dir='ltr'>erravisset</span> <span class='ocrx_word' id='word_1_17' title='bbox 420 492 586 579; x_wconf 88' lang='lat' dir='ltr'>delataque</span> <span class='ocrx_word' id='word_1_18' title='bbox 618 503 703 558; x_wconf 83' lang='lat' dir='ltr'>esset</span> <span class='ocrx_word' id='word_1_19' title='bbox 723 504 818 556; x_wconf 81' lang='lat' dir='ltr'>vento</span> <span class='ocrx_word' id='word_1_20' title='bbox 842 493 883 557; x_wconf 85' lang='lat' dir='ltr'>ad</span> <span class='ocrx_word' id='word_1_21' title='bbox 905 492 1065 578; x_wconf 83' lang='lat' dir='ltr'>Thapson,</span> <span class='ocrx_word' id='word_1_22' title='bbox 1171 570 1173 572; x_wconf 15' lang='grc' dir='ltr'>Ι</span> 
     </span>
    </p>
   </div>
   <div class='ocr_carea' id='block_1_4' title="bbox 14 578 1068 678">
    <p class='ocr_par' dir='ltr' id='par_1_4' title="bbox 14 578 1068 678">
     <span class='ocr_line' id='line_1_4' title="bbox 14 578 1068 678; baseline -0.001 -36"><span class='ocrx_word' id='word_1_23' title='bbox 14 621 18 664; x_wconf 74' lang='lat' dir='ltr'>t</span> <span class='ocrx_word' id='word_1_24' title='bbox 108 600 128 642; x_wconf 91' lang='lat' dir='ltr'>a</span> <span class='ocrx_word' id='word_1_25' title='bbox 149 579 291 663; x_wconf 88' lang='lat' dir='ltr'>Vergilio</span> <span class='ocrx_word' id='word_1_26' title='bbox 314 580 439 664; x_wconf 88' lang='lat' dir='ltr'>scaphis</span> <span class='ocrx_word' id='word_1_27' title='bbox 461 578 680 678; x_wconf 75' lang='lat' dir='ltr'>naviculisque</span> <span class='ocrx_word' id='word_1_28' title='bbox 702 579 849 652; x_wconf 70' lang='lat' dir='ltr'>actuariis</span> <span class='ocrx_word' id='word_1_29' title='bbox 870 589 1005 662; x_wconf 80' lang='lat' dir='ltr'>excepta</span> <span class='ocrx_word' id='word_1_30' title='bbox 1020 590 1068 642; x_wconf 86' lang='lat' dir='ltr'>est</span> 
     </span>
    </p>
   </div>
   <div class='ocr_carea' id='block_1_5' title="bbox 14 662 1067 730">
    <p class='ocr_par' dir='ltr' id='par_1_5' title="bbox 14 662 1067 730">
     <span class='ocr_line' id='line_1_5' title="bbox 14 662 1067 730; baseline 0 -4"><span class='ocrx_word' id='word_1_31' title='bbox 14 671 18 718; x_wconf 75' lang='grc' dir='ltr'>Γ</span> <span class='ocrx_word' id='word_1_32' title='bbox 107 673 139 727; x_wconf 87' lang='lat' dir='ltr'>et</span> <span class='ocrx_word' id='word_1_33' title='bbox 160 662 307 728; x_wconf 87' lang='lat' dir='ltr'>abducta.</span> <span class='ocrx_word' id='word_1_34' title='bbox 330 664 411 730; x_wconf 83' lang='lat' dir='ltr'><strong>Item</strong></span> <span class='ocrx_word' id='word_1_35' title='bbox 426 664 527 728; x_wconf 87' lang='lat' dir='ltr'>altera</span> <span class='ocrx_word' id='word_1_36' title='bbox 540 687 631 727; x_wconf 78' lang='lat' dir='ltr'>navis</span> <span class='ocrx_word' id='word_1_37' title='bbox 654 665 758 728; x_wconf 87' lang='lat' dir='ltr'>trieris</span> <span class='ocrx_word' id='word_1_38' title='bbox 775 685 815 727; x_wconf 88' lang='lat' dir='ltr'>ex</span> <span class='ocrx_word' id='word_1_39' title='bbox 830 663 942 728; x_wconf 87' lang='lat' dir='ltr'>cadem</span> <span class='ocrx_word' id='word_1_40' title='bbox 965 663 1067 726; x_wconf 85' lang='lat' dir='ltr'>classe</span> 
     </span>
    </p>
   </div>
   <div class='ocr_carea' id='block_1_6' title="bbox 108 747 1068 835">
    <p class='ocr_par' dir='ltr' id='par_1_6' title="bbox 108 747 1068 835">
     <span class='ocr_line' id='line_1_6' title="bbox 108 747 1068 835; baseline 0 -23"><span class='ocrx_word' id='word_1_41' title='bbox 108 749 300 814; x_wconf 88' lang='lat' dir='ltr'>errabunda.</span> <span class='ocrx_word' id='word_1_42' title='bbox 320 772 358 814; x_wconf 87' lang='lat' dir='ltr'>ac</span> <span class='ocrx_word' id='word_1_43' title='bbox 386 759 573 835; x_wconf 81' lang='lat' dir='ltr'>tempestate</span> <span class='ocrx_word' id='word_1_44' title='bbox 603 749 709 814; x_wconf 87' lang='lat' dir='ltr'>delata</span> <span class='ocrx_word' id='word_1_45' title='bbox 735 747 776 812; x_wconf 89' lang='lat' dir='ltr'>ad</span> <span class='ocrx_word' id='word_1_46' title='bbox 807 749 1015 834; x_wconf 77' lang='lat' dir='ltr'>Aegimurum</span> <span class='ocrx_word' id='word_1_47' title='bbox 1049 771 1068 812; x_wconf 87' lang='lat' dir='ltr'>a</span> 
     </span>
    </p>
   </div>
   <div class='ocr_carea' id='block_1_7' title="bbox 14 833 1067 920">
    <p class='ocr_par' dir='ltr' id='par_1_7' title="bbox 14 833 1067 920">
     <span class='ocr_line' id='line_1_7' title="bbox 14 833 1067 920; baseline 0.004 -26"><span class='ocrx_word' id='word_1_48' title='bbox 14 881 15 894; x_wconf 67' lang='grc'>,</span> <span class='ocrx_word' id='word_1_49' title='bbox 107 833 210 900; x_wconf 86' lang='lat' dir='ltr'>classe</span> <span class='ocrx_word' id='word_1_50' title='bbox 232 835 311 900; x_wconf 88' lang='lat' dir='ltr'>Vari</span> <span class='ocrx_word' id='word_1_51' title='bbox 333 846 366 900; x_wconf 87' lang='lat' dir='ltr'>et</span> <span class='ocrx_word' id='word_1_52' title='bbox 390 835 433 898; x_wconf 90' lang='lat' dir='ltr'>M.</span> <span class='ocrx_word' id='word_1_53' title='bbox 463 836 577 900; x_wconf 84' lang='lat' dir='ltr'>Octavi</span> <span class='ocrx_word' id='word_1_54' title='bbox 599 846 647 898; x_wconf 86' lang='lat' dir='ltr'>est</span> <span class='ocrx_word' id='word_1_55' title='bbox 675 844 777 920; x_wconf 80' lang='lat' dir='ltr'>capta,</span> <span class='ocrx_word' id='word_1_56' title='bbox 807 837 840 898; x_wconf 90' lang='lat' dir='ltr'>in</span> <span class='ocrx_word' id='word_1_57' title='bbox 867 856 930 918; x_wconf 92' lang='lat' dir='ltr'>qua</span> <span class='ocrx_word' id='word_1_58' title='bbox 950 833 1067 898; x_wconf 83' lang='lat' dir='ltr'>milites</span> 
     </span>
    </p>
   </div>
   <div class='ocr_carea' id='block_1_8' title="bbox 14 920 1091 3486">
    <p class='ocr_par' dir='ltr' id='par_1_8' title="bbox 14 920 1091 3208">
     <span class='ocr_line' id='line_1_8' title="bbox 14 920 1067 1010; baseline 0.001 -29"><span class='ocrx_word' id='word_1_59' title='bbox 14 987 17 1010; x_wconf 27' lang='lat' dir='ltr'>x</span> <span class='ocrx_word' id='word_1_60' title='bbox 107 927 250 985; x_wconf 88' lang='lat' dir='ltr'>veterani</span> <span class='ocrx_word' id='word_1_61' title='bbox 282 944 355 985; x_wconf 91' lang='lat' dir='ltr'>oum</span> <span class='ocrx_word' id='word_1_62' title='bbox 390 942 453 985; x_wconf 91' lang='lat' dir='ltr'>uno</span> <span class='ocrx_word' id='word_1_63' title='bbox 486 922 668 984; x_wconf 80' lang='lat' dir='ltr'>centurione</span> <span class='ocrx_word' id='word_1_64' title='bbox 705 931 736 984; x_wconf 88' lang='lat' dir='ltr'>et</span> <span class='ocrx_word' id='word_1_65' title='bbox 768 920 912 997; x_wconf 79' lang='lat' dir='ltr'>nonnulli</span> <span class='ocrx_word' id='word_1_66' title='bbox 948 921 1067 984; x_wconf 87' lang='lat' dir='ltr'>tirones</span> 
     </span>
     <span class='ocr_line' id='line_1_9' title="bbox 14 1004 1067 1096; baseline 0.003 -30"><span class='ocrx_word' id='word_1_67' title='bbox 14 1013 17 1096; x_wconf 44' lang='grc' dir='ltr'>ζ</span> <span class='ocrx_word' id='word_1_68' title='bbox 106 1004 248 1087; x_wconf 70' lang='lat' dir='ltr'>fuerunt,</span> <span class='ocrx_word' id='word_1_69' title='bbox 272 1029 352 1091; x_wconf 85' lang='lat' dir='ltr'>quos</span> <span class='ocrx_word' id='word_1_70' title='bbox 374 1005 478 1070; x_wconf 89' lang='lat' dir='ltr'>Varus</span> <span class='ocrx_word' id='word_1_71' title='bbox 509 1014 687 1069; x_wconf 88' lang='lat' dir='ltr'>asservatos</span> <span class='ocrx_word' id='word_1_72' title='bbox 710 1007 777 1068; x_wconf 88' lang='lat' dir='ltr'>sine</span> <span class='ocrx_word' id='word_1_73' title='bbox 800 1005 992 1070; x_wconf 89' lang='lat' dir='ltr'>contumelia</span> <span class='ocrx_word' id='word_1_74' title='bbox 1014 1006 1067 1069; x_wconf 87' lang='lat' dir='ltr'>de-</span> 
     </span>
     <span class='ocr_line' id='line_1_10' title="bbox 14 1089 1068 1176; baseline 0.001 -23"><span class='ocrx_word' id='word_1_75' title='bbox 14 1099 16 1112; x_wconf 85' lang='lat'>&#39;</span> <span class='ocrx_word' id='word_1_76' title='bbox 108 1090 268 1156; x_wconf 88' lang='lat' dir='ltr'>ducendos</span> <span class='ocrx_word' id='word_1_77' title='bbox 297 1094 418 1156; x_wconf 85' lang='lat' dir='ltr'>curavit</span> <span class='ocrx_word' id='word_1_78' title='bbox 446 1090 488 1155; x_wconf 87' lang='lat' dir='ltr'>ad</span> <span class='ocrx_word' id='word_1_79' title='bbox 501 1135 503 1140; x_wconf 91' lang='lat'>-</span> <span class='ocrx_word' id='word_1_80' title='bbox 517 1089 706 1176; x_wconf 79' lang='lat' dir='ltr'>Scipionem.</span> <span class='ocrx_word' id='word_1_81' title='bbox 738 1089 800 1168; x_wconf 77' lang='lat' dir='ltr'>Qui</span> <span class='ocrx_word' id='word_1_82' title='bbox 832 1102 999 1176; x_wconf 88' lang='lat' dir='ltr'>postquam</span> <span class='ocrx_word' id='word_1_83' title='bbox 1027 1090 1068 1155; x_wconf 89' lang='lat' dir='ltr'>ad</span> 
     </span>
     <span class='ocr_line' id='line_1_11' title="bbox 14 1177 1067 1262; baseline 0 -24"><span class='ocrx_word' id='word_1_84' title='bbox 14 1245 16 1258; x_wconf 39' lang='grc' dir='ltr'>Ι</span> <span class='ocrx_word' id='word_1_85' title='bbox 106 1197 178 1239; x_wconf 88' lang='lat' dir='ltr'>eum</span> <span class='ocrx_word' id='word_1_86' title='bbox 199 1187 413 1262; x_wconf 87' lang='lat' dir='ltr'>pervenerunt</span> <span class='ocrx_word' id='word_1_87' title='bbox 432 1188 463 1240; x_wconf 87' lang='lat' dir='ltr'>et</span> <span class='ocrx_word' id='word_1_88' title='bbox 480 1187 552 1240; x_wconf 87' lang='lat' dir='ltr'>ante</span> <span class='ocrx_word' id='word_1_89' title='bbox 568 1186 751 1262; x_wconf 87' lang='lat' dir='ltr'>suggestum</span> <span class='ocrx_word' id='word_1_90' title='bbox 767 1177 834 1240; x_wconf 90' lang='lat' dir='ltr'>eius</span> <span class='ocrx_word' id='word_1_91' title='bbox 850 1178 1067 1257; x_wconf 83' lang='lat' dir='ltr'>constiterunt,</span> 
     </span>
     <span class='ocr_line' id='line_1_12' title="bbox 104 1259 1066 1349; baseline 0.002 -24.829"><span class='ocrx_word' id='word_1_92' title='bbox 104 1259 177 1325; x_wconf 90' lang='lat' dir='ltr'>Non</span> <span class='ocrx_word' id='word_1_93' title='bbox 199 1273 314 1344; x_wconf 90' lang='lat' dir='ltr'>vestra,</span> <span class='ocrx_word' id='word_1_94' title='bbox 338 1265 448 1349; x_wconf 91' lang='lat' dir='ltr'>inquit,</span> <span class='ocrx_word' id='word_1_95' title='bbox 472 1271 584 1347; x_wconf 89' lang='lat' dir='ltr'>sponte</span> <span class='ocrx_word' id='word_1_96' title='bbox 610 1284 667 1326; x_wconf 89' lang='lat' dir='ltr'>vos</span> <span class='ocrx_word' id='word_1_97' title='bbox 690 1272 777 1327; x_wconf 88' lang='lat' dir='ltr'>certo</span> <span class='ocrx_word' id='word_1_98' title='bbox 804 1263 879 1343; x_wconf 86' lang='lat' dir='ltr'>scio,</span> <span class='ocrx_word' id='word_1_99' title='bbox 904 1261 960 1325; x_wconf 88' lang='lat' dir='ltr'>sed</span> <span class='ocrx_word' id='word_1_100' title='bbox 982 1260 1066 1326; x_wconf 88' lang='lat' dir='ltr'>illius</span> 
     </span>
     <span class='ocr_line' id='line_1_13' title="bbox 14 1345 1067 1433; baseline 0.001 -24"><span class='ocrx_word' id='word_1_101' title='bbox 14 1357 15 1430; x_wconf 69' lang='lat' dir='ltr'>J</span> <span class='ocrx_word' id='word_1_102' title='bbox 105 1345 250 1411; x_wconf 81' lang='lat' dir='ltr'>scelerati</span> <span class='ocrx_word' id='word_1_103' title='bbox 272 1350 369 1413; x_wconf 88' lang='lat' dir='ltr'>vestri</span> <span class='ocrx_word' id='word_1_104' title='bbox 390 1348 590 1433; x_wconf 88' lang='lat' dir='ltr'>imperatoris</span> <span class='ocrx_word' id='word_1_105' title='bbox 618 1347 755 1432; x_wconf 91' lang='lat' dir='ltr'>impulsu</span> <span class='ocrx_word' id='word_1_106' title='bbox 785 1358 816 1411; x_wconf 88' lang='lat' dir='ltr'>et</span> <span class='ocrx_word' id='word_1_107' title='bbox 841 1348 974 1432; x_wconf 87' lang='lat' dir='ltr'>imperio</span> <span class='ocrx_word' id='word_1_108' title='bbox 997 1369 1067 1411; x_wconf 88' lang='lat' dir='ltr'>coa-</span> 
     </span>
     <span class='ocr_line' id='line_1_14' title="bbox 14 1434 1066 1519; baseline 0.001 -26"><span class='ocrx_word' id='word_1_109' title='bbox 14 1443 15 1482; x_wconf 69' lang='grc' dir='ltr'>ῑ</span> <span class='ocrx_word' id='word_1_110' title='bbox 105 1443 172 1494; x_wconf 87' lang='lat' dir='ltr'>ctos</span> <span class='ocrx_word' id='word_1_111' title='bbox 195 1435 282 1498; x_wconf 90' lang='lat' dir='ltr'>cives</span> <span class='ocrx_word' id='word_1_112' title='bbox 310 1443 341 1498; x_wconf 88' lang='lat' dir='ltr'>et</span> <span class='ocrx_word' id='word_1_113' title='bbox 368 1436 519 1518; x_wconf 90' lang='lat' dir='ltr'>optimum</span> <span class='ocrx_word' id='word_1_114' title='bbox 546 1455 702 1519; x_wconf 89' lang='lat' dir='ltr'>quemque</span> <span class='ocrx_word' id='word_1_115' title='bbox 729 1434 849 1497; x_wconf 86' lang='lat' dir='ltr'>nefarie</span> <span class='ocrx_word' id='word_1_116' title='bbox 875 1434 1066 1500; x_wconf 81' lang='lat' dir='ltr'>consectari.</span> 
     </span>
     <span class='ocr_line' id='line_1_15' title="bbox 105 1515 1065 1604; baseline 0.001 -23.913"><span class='ocrx_word' id='word_1_117' title='bbox 105 1515 192 1595; x_wconf 78' lang='lat' dir='ltr'>Quos</span> <span class='ocrx_word' id='word_1_118' title='bbox 216 1521 364 1604; x_wconf 86' lang='lat' dir='ltr'>quoniam</span> <span class='ocrx_word' id='word_1_119' title='bbox 386 1520 511 1584; x_wconf 88' lang='lat' dir='ltr'>fortuna</span> <span class='ocrx_word' id='word_1_120' title='bbox 527 1520 719 1582; x_wconf 85' lang='lat' dir='ltr'>innostram</span> <span class='ocrx_word' id='word_1_121' title='bbox 742 1518 852 1583; x_wconf 90' lang='lat' dir='ltr'>detulit</span> <span class='ocrx_word' id='word_1_122' title='bbox 866 1527 1065 1604; x_wconf 86' lang='lat' dir='ltr'>potestatem,</span> 
     </span>
     <span class='ocr_line' id='line_1_16' title="bbox 14 1603 1066 1689; baseline 0.002 -23"><span class='ocrx_word' id='word_1_123' title='bbox 14 1623 15 1684; x_wconf 80' lang='lat' dir='ltr'>j</span> <span class='ocrx_word' id='word_1_124' title='bbox 104 1605 141 1684; x_wconf 81' lang='lat' dir='ltr'>si,</span> <span class='ocrx_word' id='word_1_125' title='bbox 164 1603 197 1666; x_wconf 88' lang='lat' dir='ltr'>id</span> <span class='ocrx_word' id='word_1_126' title='bbox 220 1605 304 1689; x_wconf 90' lang='lat' dir='ltr'>quod</span> <span class='ocrx_word' id='word_1_127' title='bbox 325 1605 431 1669; x_wconf 86' lang='lat' dir='ltr'>facere</span> <span class='ocrx_word' id='word_1_128' title='bbox 452 1604 585 1686; x_wconf 89' lang='lat' dir='ltr'>debetis,</span> <span class='ocrx_word' id='word_1_129' title='bbox 609 1604 839 1688; x_wconf 85' lang='lat' dir='ltr'>rempublicam</span> <span class='ocrx_word' id='word_1_130' title='bbox 861 1625 933 1668; x_wconf 91' lang='lat' dir='ltr'>cum</span> <span class='ocrx_word' id='word_1_131' title='bbox 949 1605 1066 1688; x_wconf 87' lang='lat' dir='ltr'>optimo</span> 
     </span>
     <span class='ocr_line' id='line_1_17' title="bbox 14 1689 1066 1775; baseline -0.001 -23"><span class='ocrx_word' id='word_1_132' title='bbox 14 1709 15 1714; x_wconf 79' lang='lat'>¹</span> <span class='ocrx_word' id='word_1_133' title='bbox 104 1709 230 1775; x_wconf 89' lang='lat' dir='ltr'>quoque</span> <span class='ocrx_word' id='word_1_134' title='bbox 253 1689 437 1771; x_wconf 87' lang='lat' dir='ltr'>defendetis,</span> <span class='ocrx_word' id='word_1_135' title='bbox 467 1701 588 1754; x_wconf 86' lang='lat' dir='ltr'>certum</span> <span class='ocrx_word' id='word_1_136' title='bbox 618 1701 665 1752; x_wconf 88' lang='lat' dir='ltr'>est</span> <span class='ocrx_word' id='word_1_137' title='bbox 686 1690 777 1753; x_wconf 86' lang='lat' dir='ltr'>vobis</span> <span class='ocrx_word' id='word_1_138' title='bbox 800 1692 898 1754; x_wconf 88' lang='lat' dir='ltr'>vitam</span> <span class='ocrx_word' id='word_1_139' title='bbox 920 1698 952 1754; x_wconf 90' lang='lat' dir='ltr'>et</span> <span class='ocrx_word' id='word_1_140' title='bbox 972 1710 1066 1774; x_wconf 84' lang='lat' dir='ltr'>pecu·</span> 
     </span>
     <span class='ocr_line' id='line_1_18' title="bbox 14 1774 1064 1861; baseline -0.001 -24"><span class='ocrx_word' id='word_1_141' title='bbox 14 1795 15 1800; x_wconf 79' lang='lat'>¹</span> <span class='ocrx_word' id='word_1_142' title='bbox 102 1775 189 1837; x_wconf 90' lang='lat' dir='ltr'>niam</span> <span class='ocrx_word' id='word_1_143' title='bbox 205 1775 332 1839; x_wconf 89' lang='lat' dir='ltr'>donare.</span> <span class='ocrx_word' id='word_1_144' title='bbox 346 1775 556 1861; x_wconf 76' lang='lat' dir='ltr'>Quapropter,</span> <span class='ocrx_word' id='word_1_145' title='bbox 570 1775 645 1861; x_wconf 91' lang='lat' dir='ltr'>quid</span> <span class='ocrx_word' id='word_1_146' title='bbox 657 1777 810 1856; x_wconf 87' lang='lat' dir='ltr'>sentiatis,</span> <span class='ocrx_word' id='word_1_147' title='bbox 832 1774 1064 1860; x_wconf 90' lang='lat' dir='ltr'>proloquimini.</span> 
     </span>
     <span class='ocr_line' id='line_1_19' title="bbox 14 1859 1067 1946; baseline -0.001 -23"><span class='ocrx_word' id='word_1_148' title='bbox 14 1867 15 1944; x_wconf 68' lang='grc' dir='ltr'><strong>Ῑ</strong></span> <span class='ocrx_word' id='word_1_149' title='bbox 167 1859 219 1923; x_wconf 83' lang='grc'>45.</span> <span class='ocrx_word' id='word_1_150' title='bbox 242 1861 313 1924; x_wconf 91' lang='lat' dir='ltr'>Hae</span> <span class='ocrx_word' id='word_1_151' title='bbox 335 1862 443 1926; x_wconf 86' lang='lat' dir='ltr'>habita</span> <span class='ocrx_word' id='word_1_152' title='bbox 457 1862 597 1926; x_wconf 87' lang='lat' dir='ltr'>oratione</span> <span class='ocrx_word' id='word_1_153' title='bbox 614 1861 728 1946; x_wconf 85' lang='lat' dir='ltr'>Scipio,</span> <span class='ocrx_word' id='word_1_154' title='bbox 742 1885 839 1946; x_wconf 90' lang='lat' dir='ltr'>quum</span> <span class='ocrx_word' id='word_1_155' title='bbox 855 1861 1067 1924; x_wconf 81' lang='lat' dir='ltr'>existimasset</span> 
     </span>
     <span class='ocr_line' id='line_1_20' title="bbox 14 1944 1067 2030; baseline -0.001 -22"><span class='ocrx_word' id='word_1_156' title='bbox 14 1967 15 1972; x_wconf 79' lang='lat'>¹</span> <span class='ocrx_word' id='word_1_157' title='bbox 101 1967 160 2030; x_wconf 89' lang='lat' dir='ltr'>pro</span> <span class='ocrx_word' id='word_1_158' title='bbox 195 1968 251 2012; x_wconf 91' lang='lat' dir='ltr'>suo</span> <span class='ocrx_word' id='word_1_159' title='bbox 286 1948 438 2012; x_wconf 86' lang='lat' dir='ltr'>beneficio</span> <span class='ocrx_word' id='word_1_160' title='bbox 473 1949 541 2010; x_wconf 89' lang='lat' dir='ltr'>sine</span> <span class='ocrx_word' id='word_1_161' title='bbox 575 1945 670 2010; x_wconf 87' lang='lat' dir='ltr'>dubio</span> <span class='ocrx_word' id='word_1_162' title='bbox 704 1947 744 2010; x_wconf 88' lang='lat' dir='ltr'>ab</span> <span class='ocrx_word' id='word_1_163' title='bbox 777 1947 826 2010; x_wconf 88' lang='lat' dir='ltr'>his</span> <span class='ocrx_word' id='word_1_164' title='bbox 859 1947 976 2030; x_wconf 86' lang='lat' dir='ltr'>gratias</span> <span class='ocrx_word' id='word_1_165' title='bbox 1006 1944 1067 2008; x_wconf 86' lang='lat' dir='ltr'>sibi</span> 
     </span>
     <span class='ocr_line' id='line_1_21' title="bbox 14 2031 1065 2117; baseline 0 -23"><span class='ocrx_word' id='word_1_166' title='bbox 14 2053 15 2112; x_wconf 84' lang='lat' dir='ltr'>j</span> <span class='ocrx_word' id='word_1_167' title='bbox 102 2041 208 2095; x_wconf 89' lang='lat' dir='ltr'>actum</span> <span class='ocrx_word' id='word_1_168' title='bbox 223 2033 270 2114; x_wconf 88' lang='lat' dir='ltr'>iri,</span> <span class='ocrx_word' id='word_1_169' title='bbox 286 2043 473 2117; x_wconf 86' lang='lat' dir='ltr'>potestatem</span> <span class='ocrx_word' id='word_1_170' title='bbox 483 2033 535 2095; x_wconf 79' lang='lat' dir='ltr'>-iis</span> <span class='ocrx_word' id='word_1_171' title='bbox 550 2032 676 2095; x_wconf 85' lang='lat' dir='ltr'>dicendi</span> <span class='ocrx_word' id='word_1_172' title='bbox 691 2033 773 2096; x_wconf 82' lang='lat' dir='ltr'>lecit.</span> <span class='ocrx_word' id='word_1_173' title='bbox 796 2033 847 2094; x_wconf 82' lang='lat' dir='ltr'>Ex</span> <span class='ocrx_word' id='word_1_174' title='bbox 863 2032 908 2094; x_wconf 90' lang='lat' dir='ltr'>eis</span> <span class='ocrx_word' id='word_1_175' title='bbox 925 2031 1065 2094; x_wconf 89' lang='lat' dir='ltr'>centurio</span> 
     </span>
     <span class='ocr_line' id='line_1_22' title="bbox 14 2115 1065 2202; baseline 0 -24"><span class='ocrx_word' id='word_1_176' title='bbox 14 2137 15 2146; x_wconf 56' lang='lat'>¹</span> <span class='ocrx_word' id='word_1_177' title='bbox 102 2115 237 2202; x_wconf 83' lang='lat' dir='ltr'>legionis</span> <span class='ocrx_word' id='word_1_178' title='bbox 274 2125 362 2200; x_wconf 79' lang='lat' dir='ltr'>XIIII,</span> <span class='ocrx_word' id='word_1_179' title='bbox 399 2119 463 2183; x_wconf 92' lang='lat' dir='ltr'>Pro</span> <span class='ocrx_word' id='word_1_180' title='bbox 499 2128 563 2198; x_wconf 91' lang='lat' dir='ltr'>tuo,</span> <span class='ocrx_word' id='word_1_181' title='bbox 596 2119 711 2202; x_wconf 88' lang='lat' dir='ltr'>inquit,</span> <span class='ocrx_word' id='word_1_182' title='bbox 746 2139 868 2182; x_wconf 88' lang='lat' dir='ltr'>summo</span> <span class='ocrx_word' id='word_1_183' title='bbox 901 2115 1065 2198; x_wconf 84' lang='lat' dir='ltr'>beneficio,</span> 
     </span>
     <span class='ocr_line' id='line_1_23' title="bbox 14 2193 1064 2290; baseline 0.001 -26"><span class='ocrx_word' id='word_1_184' title='bbox 14 2193 15 2232; x_wconf 61' lang='lat'>³</span> <span class='ocrx_word' id='word_1_185' title='bbox 102 2201 220 2287; x_wconf 82' lang='lat' dir='ltr'>Scipio,</span> <span class='ocrx_word' id='word_1_186' title='bbox 249 2203 307 2280; x_wconf 88' lang='lat' dir='ltr'>tibi</span> <span class='ocrx_word' id='word_1_187' title='bbox 336 2205 453 2290; x_wconf 86' lang='lat' dir='ltr'>gratias</span> <span class='ocrx_word' id='word_1_188' title='bbox 483 2226 544 2289; x_wconf 89' lang='lat' dir='ltr'>ago</span> <span class='ocrx_word' id='word_1_189' title='bbox 573 2203 649 2290; x_wconf 82' lang='lat' dir='ltr'>(non</span> <span class='ocrx_word' id='word_1_190' title='bbox 682 2205 765 2268; x_wconf 91' lang='lat' dir='ltr'>enim</span> <span class='ocrx_word' id='word_1_191' title='bbox 787 2205 1011 2288; x_wconf 86' lang='lat' dir='ltr'>imperatorem</span> <span class='ocrx_word' id='word_1_192' title='bbox 1032 2211 1064 2265; x_wconf 88' lang='lat' dir='ltr'>te</span> 
     </span>
     <span class='ocr_line' id='line_1_24' title="bbox 14 2281 1065 2376; baseline 0 -26"><span class='ocrx_word' id='word_1_193' title='bbox 14 2281 15 2318; x_wconf 65' lang='lat'><em>²</em></span> <span class='ocrx_word' id='word_1_194' title='bbox 102 2287 258 2374; x_wconf 88' lang='lat' dir='ltr'>appello),</span> <span class='ocrx_word' id='word_1_195' title='bbox 293 2291 378 2376; x_wconf 89' lang='lat' dir='ltr'>quod</span> <span class='ocrx_word' id='word_1_196' title='bbox 407 2291 484 2354; x_wconf 91' lang='lat' dir='ltr'>mihi</span> <span class='ocrx_word' id='word_1_197' title='bbox 516 2291 614 2354; x_wconf 90' lang='lat' dir='ltr'>vitam</span> <span class='ocrx_word' id='word_1_198' title='bbox 647 2289 892 2355; x_wconf 85' lang='lat' dir='ltr'>incolumitatem</span> <span class='ocrx_word' id='word_1_199' title='bbox 915 2309 955 2350; x_wconf 89' lang='lat' dir='ltr'>ue</span> <span class='ocrx_word' id='word_1_200' title='bbox 988 2286 1065 2351; x_wconf 88' lang='lat' dir='ltr'>belli</span> 
     </span>
     <span class='ocr_line' id='line_1_25' title="bbox 14 2311 1064 2461; baseline 0 -26"><span class='ocrx_word' id='word_1_201' title='bbox 14 2377 15 2404; x_wconf 65' lang='lat'>¹</span> <span class='ocrx_word' id='word_1_202' title='bbox 102 2374 171 2436; x_wconf 89' lang='lat' dir='ltr'>iure</span> <span class='ocrx_word' id='word_1_203' title='bbox 193 2384 285 2460; x_wconf 85' lang='lat' dir='ltr'>capto</span> <span class='ocrx_word' id='word_1_204' title='bbox 306 2376 475 2461; x_wconf 86' lang='lat' dir='ltr'>polliceris,</span> <span class='ocrx_word' id='word_1_205' title='bbox 499 2387 531 2442; x_wconf 86' lang='lat' dir='ltr'>et</span> <span class='ocrx_word' id='word_1_206' title='bbox 549 2376 682 2442; x_wconf 86' lang='lat' dir='ltr'>forsitan</span> <span class='ocrx_word' id='word_1_207' title='bbox 704 2378 764 2439; x_wconf 87' lang='lat' dir='ltr'>isto</span> <span class='ocrx_word' id='word_1_208' title='bbox 780 2386 885 2439; x_wconf 84' lang='lat' dir='ltr'>uterer</span> <span class='ocrx_word' id='word_1_209' title='bbox 895 2311 1064 2458; x_wconf 70' lang='lat' dir='ltr'>laneficio,</span> 
     </span>
     <span class='ocr_line' id='line_1_26' title="bbox 14 2460 1065 2547; baseline 0 -25"><span class='ocrx_word' id='word_1_210' title='bbox 14 2521 15 2540; x_wconf 49' lang='lat'>,</span> <span class='ocrx_word' id='word_1_211' title='bbox 102 2460 209 2522; x_wconf 90' lang='lat' dir='ltr'>sinon</span> <span class='ocrx_word' id='word_1_212' title='bbox 225 2463 254 2523; x_wconf 88' lang='lat' dir='ltr'>ei</span> <span class='ocrx_word' id='word_1_213' title='bbox 270 2483 424 2526; x_wconf 89' lang='lat' dir='ltr'>summum</span> <span class='ocrx_word' id='word_1_214' title='bbox 447 2463 550 2528; x_wconf 89' lang='lat' dir='ltr'>scelus</span> <span class='ocrx_word' id='word_1_215' title='bbox 573 2463 805 2547; x_wconf 89' lang='lat' dir='ltr'>adiungeretur.</span> <span class='ocrx_word' id='word_1_216' title='bbox 829 2461 940 2546; x_wconf 80' lang='lat' dir='ltr'>Egone</span> <span class='ocrx_word' id='word_1_217' title='bbox 956 2467 1065 2524; x_wconf 86' lang='lat' dir='ltr'>contra</span> 
     </span>
     <span class='ocr_line' id='line_1_27' title="bbox 14 2542 1064 2634; baseline 0.001 -28"><span class='ocrx_word' id='word_1_218' title='bbox 14 2547 16 2614; x_wconf 68' lang='grc' dir='ltr'><strong>ξ</strong></span> <span class='ocrx_word' id='word_1_219' title='bbox 103 2542 274 2610; x_wconf 78' lang='lat' dir='ltr'>Caesarem</span> <span class='ocrx_word' id='word_1_220' title='bbox 286 2596 294 2629; x_wconf 91' lang='lat'>,</span> <span class='ocrx_word' id='word_1_221' title='bbox 318 2549 539 2634; x_wconf 83' lang='lat' dir='ltr'>imperatorem</span> <span class='ocrx_word' id='word_1_222' title='bbox 561 2571 676 2631; x_wconf 88' lang='lat' dir='ltr'>meum,</span> <span class='ocrx_word' id='word_1_223' title='bbox 700 2548 784 2634; x_wconf 86' lang='lat' dir='ltr'>apud</span> <span class='ocrx_word' id='word_1_224' title='bbox 807 2569 899 2634; x_wconf 89' lang='lat' dir='ltr'>quem</span> <span class='ocrx_word' id='word_1_225' title='bbox 922 2545 1064 2610; x_wconf 89' lang='lat' dir='ltr'>ordinem</span> 
     </span>
     <span class='ocr_line' id='line_1_28' title="bbox 14 2629 1063 2720; baseline 0.001 -28"><span class='ocrx_word' id='word_1_226' title='bbox 14 2649 16 2720; x_wconf 58' lang='lat' dir='ltr'>j</span> <span class='ocrx_word' id='word_1_227' title='bbox 102 2629 190 2711; x_wconf 87' lang='lat' dir='ltr'>duxi,</span> <span class='ocrx_word' id='word_1_228' title='bbox 214 2633 345 2718; x_wconf 89' lang='lat' dir='ltr'>eiusque</span> <span class='ocrx_word' id='word_1_229' title='bbox 368 2637 553 2718; x_wconf 81' lang='lat' dir='ltr'>exercitum,</span> <span class='ocrx_word' id='word_1_230' title='bbox 575 2636 742 2720; x_wconf 83' lang='lat' dir='ltr'>proculus</span> <span class='ocrx_word' id='word_1_231' title='bbox 766 2634 917 2718; x_wconf 87' lang='lat' dir='ltr'>dignitate</span> <span class='ocrx_word' id='word_1_232' title='bbox 939 2633 1063 2695; x_wconf 85' lang='lat' dir='ltr'>victori·</span> 
     </span>
     <span class='ocr_line' id='line_1_29' title="bbox 14 2718 1064 2806; baseline 0.001 -28"><span class='ocrx_word' id='word_1_233' title='bbox 14 2721 15 2746; x_wconf 48' lang='lat' dir='ltr'>l</span> <span class='ocrx_word' id='word_1_234' title='bbox 102 2737 184 2801; x_wconf 89' lang='lat' dir='ltr'>aque</span> <span class='ocrx_word' id='word_1_235' title='bbox 203 2718 337 2803; x_wconf 88' lang='lat' dir='ltr'>amplius</span> <span class='ocrx_word' id='word_1_236' title='bbox 358 2721 487 2787; x_wconf 89' lang='lat' dir='ltr'>triciens</span> <span class='ocrx_word' id='word_1_237' title='bbox 507 2723 606 2785; x_wconf 86' lang='lat' dir='ltr'>armis</span> <span class='ocrx_word' id='word_1_238' title='bbox 629 2721 825 2806; x_wconf 83' lang='lat' dir='ltr'>depugnavi,</span> <span class='ocrx_word' id='word_1_239' title='bbox 841 2718 991 2782; x_wconf 87' lang='lat' dir='ltr'>adversus</span> <span class='ocrx_word' id='word_1_240' title='bbox 1015 2737 1064 2779; x_wconf 89' lang='lat' dir='ltr'>ar-</span> 
     </span>
     <span class='ocr_line' id='line_1_30' title="bbox 14 2805 1091 2894; baseline 0.001 -31"><span class='ocrx_word' id='word_1_241' title='bbox 14 2863 15 2888; x_wconf 31' lang='lat'>,</span> <span class='ocrx_word' id='word_1_242' title='bbox 102 2811 268 2888; x_wconf 77' lang='lat' dir='ltr'>metusque</span> <span class='ocrx_word' id='word_1_243' title='bbox 289 2807 481 2870; x_wconf 79' lang='lat' dir='ltr'>consistam?</span> <span class='ocrx_word' id='word_1_244' title='bbox 509 2807 619 2894; x_wconf 84' lang='lat' dir='ltr'>Neque</span> <span class='ocrx_word' id='word_1_245' title='bbox 640 2829 699 2892; x_wconf 90' lang='lat' dir='ltr'>ego</span> <span class='ocrx_word' id='word_1_246' title='bbox 721 2805 804 2869; x_wconf 88' lang='lat' dir='ltr'>istud</span> <span class='ocrx_word' id='word_1_247' title='bbox 823 2805 961 2868; x_wconf 89' lang='lat' dir='ltr'>facturus</span> <span class='ocrx_word' id='word_1_248' title='bbox 984 2823 1063 2883; x_wconf 87' lang='lat' dir='ltr'>sum,</span> <span class='ocrx_word' id='word_1_249' title='bbox 1087 2834 1091 2841; x_wconf 91' lang='lat'><strong>·</strong></span> 
     </span>
     <span class='ocr_line' id='line_1_31' title="bbox 14 2889 1062 2978; baseline 0.002 -30"><span class='ocrx_word' id='word_1_250' title='bbox 14 2907 15 2974; x_wconf 75' lang='lat' dir='ltr'>j</span> <span class='ocrx_word' id='word_1_251' title='bbox 102 2895 135 2948; x_wconf 89' lang='lat' dir='ltr'>et</span> <span class='ocrx_word' id='word_1_252' title='bbox 163 2895 194 2954; x_wconf 89' lang='lat' dir='ltr'>te</span> <span class='ocrx_word' id='word_1_253' title='bbox 222 2911 424 2978; x_wconf 88' lang='lat' dir='ltr'>magnopere,</span> <span class='ocrx_word' id='word_1_254' title='bbox 454 2902 489 2957; x_wconf 91' lang='lat' dir='ltr'>ut</span> <span class='ocrx_word' id='word_1_255' title='bbox 517 2895 556 2956; x_wconf 91' lang='lat' dir='ltr'>de</span> <span class='ocrx_word' id='word_1_256' title='bbox 577 2895 706 2978; x_wconf 89' lang='lat' dir='ltr'>negotio</span> <span class='ocrx_word' id='word_1_257' title='bbox 736 2891 879 2972; x_wconf 83' lang='lat' dir='ltr'>desistas,</span> <span class='ocrx_word' id='word_1_258' title='bbox 902 2889 1062 2952; x_wconf 87' lang='lat' dir='ltr'>adhortor.</span> 
     </span>
     <span class='ocr_line' id='line_1_32' title="bbox 14 2969 1065 3064; baseline 0.003 -29"><span class='ocrx_word' id='word_1_259' title='bbox 14 2985 15 3004; x_wconf 67' lang='lat'>¹</span> <span class='ocrx_word' id='word_1_260' title='bbox 103 2969 222 3038; x_wconf 78' lang='lat' dir='ltr'>Contra</span> <span class='ocrx_word' id='word_1_261' title='bbox 245 2979 333 3040; x_wconf 91' lang='lat' dir='ltr'>cuius</span> <span class='ocrx_word' id='word_1_262' title='bbox 357 2982 440 3043; x_wconf 91' lang='lat' dir='ltr'>enim</span> <span class='ocrx_word' id='word_1_263' title='bbox 463 2981 570 3064; x_wconf 87' lang='lat' dir='ltr'>copias</span> <span class='ocrx_word' id='word_1_264' title='bbox 594 2979 775 3060; x_wconf 88' lang='lat' dir='ltr'>contendas,</span> <span class='ocrx_word' id='word_1_265' title='bbox 799 2978 825 3040; x_wconf 90' lang='lat' dir='ltr'>si</span> <span class='ocrx_word' id='word_1_266' title='bbox 847 2977 950 3038; x_wconf 89' lang='lat' dir='ltr'>minus</span> <span class='ocrx_word' id='word_1_267' title='bbox 971 2981 1065 3038; x_wconf 84' lang='lat' dir='ltr'>antea</span> 
     </span>
     <span class='ocr_line' id='line_1_33' title="bbox 14 3059 1063 3208; baseline 0 -87"><span class='ocrx_word' id='word_1_268' title='bbox 14 3063 15 3146; x_wconf 59' lang='lat' dir='ltr'>J</span> <span class='ocrx_word' id='word_1_269' title='bbox 102 3069 253 3208; x_wconf 77' lang='lat' dir='ltr'>expertus</span> <span class='ocrx_word' id='word_1_270' title='bbox 281 3085 326 3145; x_wconf 88' lang='lat' dir='ltr'>es,</span> <span class='ocrx_word' id='word_1_271' title='bbox 357 3063 432 3129; x_wconf 89' lang='lat' dir='ltr'>licet</span> <span class='ocrx_word' id='word_1_272' title='bbox 459 3087 544 3128; x_wconf 90' lang='lat' dir='ltr'>nunc</span> <span class='ocrx_word' id='word_1_273' title='bbox 573 3087 756 3149; x_wconf 84' lang='lat' dir='ltr'>cognoscas.</span> <span class='ocrx_word' id='word_1_274' title='bbox 800 3061 893 3146; x_wconf 80' lang='lat' dir='ltr'>Elige</span> <span class='ocrx_word' id='word_1_275' title='bbox 927 3082 967 3126; x_wconf 88' lang='lat' dir='ltr'>ex</span> <span class='ocrx_word' id='word_1_276' title='bbox 1000 3059 1063 3122; x_wconf 86' lang='lat' dir='ltr'>tuis</span> 
     </span>
    </p>

    <p class='ocr_par' dir='ltr' id='par_1_9' title="bbox 14 3147 1064 3486">
     <span class='ocr_line' id='line_1_34' title="bbox 102 3147 1064 3237; baseline 0 -31"><span class='ocrx_word' id='word_1_277' title='bbox 102 3165 139 3207; x_wconf 88' lang='lat' dir='ltr'>co</span> <span class='ocrx_word' id='word_1_278' title='bbox 164 3156 264 3211; x_wconf 89' lang='lat' dir='ltr'>ortem</span> <span class='ocrx_word' id='word_1_279' title='bbox 293 3172 399 3233; x_wconf 83' lang='lat' dir='ltr'>unam,</span> <span class='ocrx_word' id='word_1_280' title='bbox 430 3171 524 3237; x_wconf 91' lang='lat' dir='ltr'>quam</span> <span class='ocrx_word' id='word_1_281' title='bbox 553 3160 647 3236; x_wconf 88' lang='lat' dir='ltr'>putas</span> <span class='ocrx_word' id='word_1_282' title='bbox 679 3173 752 3214; x_wconf 86' lang='lat' dir='ltr'>esse</span> <span class='ocrx_word' id='word_1_283' title='bbox 784 3147 1004 3227; x_wconf 89' lang='lat' dir='ltr'>firmissimam,</span> <span class='ocrx_word' id='word_1_284' title='bbox 1033 3152 1064 3206; x_wconf 90' lang='lat' dir='ltr'>et</span> 
     </span>
     <span class='ocr_line' id='line_1_35' title="bbox 102 3229 1062 3321; baseline 0 -30"><span class='ocrx_word' id='word_1_285' title='bbox 102 3235 259 3296; x_wconf 88' lang='lat' dir='ltr'>constitue</span> <span class='ocrx_word' id='word_1_286' title='bbox 289 3247 401 3300; x_wconf 89' lang='lat' dir='ltr'>contra</span> <span class='ocrx_word' id='word_1_287' title='bbox 430 3259 497 3319; x_wconf 81' lang='lat' dir='ltr'>me3</span> <span class='ocrx_word' id='word_1_288' title='bbox 521 3259 580 3321; x_wconf 88' lang='lat' dir='ltr'>ego</span> <span class='ocrx_word' id='word_1_289' title='bbox 609 3248 712 3300; x_wconf 89' lang='lat' dir='ltr'>autem</span> <span class='ocrx_word' id='word_1_290' title='bbox 744 3258 783 3302; x_wconf 83' lang='lat' dir='ltr'>ex</span> <span class='ocrx_word' id='word_1_291' title='bbox 806 3234 884 3297; x_wconf 88' lang='lat' dir='ltr'>meis</span> <span class='ocrx_word' id='word_1_292' title='bbox 913 3229 1062 3295; x_wconf 91' lang='lat' dir='ltr'>commili-</span> 
     </span>
     <span class='ocr_line' id='line_1_36' title="bbox 14 3315 1062 3407; baseline 0.002 -31"><span class='ocrx_word' id='word_1_293' title='bbox 14 3319 15 3340; x_wconf 78' lang='lat'>³</span> <span class='ocrx_word' id='word_1_294' title='bbox 102 3315 239 3399; x_wconf 89' lang='lat' dir='ltr'>tonibus,</span> <span class='ocrx_word' id='word_1_295' title='bbox 264 3343 342 3407; x_wconf 85' lang='lat' dir='ltr'>quos</span> <span class='ocrx_word' id='word_1_296' title='bbox 364 3345 450 3386; x_wconf 87' lang='lat' dir='ltr'>nunc</span> <span class='ocrx_word' id='word_1_297' title='bbox 471 3324 504 3385; x_wconf 87' lang='lat' dir='ltr'>in</span> <span class='ocrx_word' id='word_1_298' title='bbox 525 3336 581 3387; x_wconf 92' lang='lat' dir='ltr'>tua</span> <span class='ocrx_word' id='word_1_299' title='bbox 608 3331 764 3406; x_wconf 86' lang='lat' dir='ltr'>potestate</span> <span class='ocrx_word' id='word_1_300' title='bbox 791 3330 898 3401; x_wconf 73' lang='lat' dir='ltr'>tenes,</span> <span class='ocrx_word' id='word_1_301' title='bbox 913 3339 975 3380; x_wconf 88' lang='lat' dir='ltr'>non</span> <span class='ocrx_word' id='word_1_302' title='bbox 998 3338 1062 3379; x_wconf 88' lang='lat' dir='ltr'>am·</span> 
     </span>
     <span class='ocr_line' id='line_1_37' title="bbox 102 3397 1062 3486; baseline 0.002 -25"><span class='ocrx_word' id='word_1_303' title='bbox 102 3397 186 3483; x_wconf 90' lang='lat' dir='ltr'>plius</span> <span class='ocrx_word' id='word_1_304' title='bbox 216 3412 242 3466; x_wconf 86' lang='lat' dir='ltr'>X</span> <span class='ocrx_word' id='word_1_305' title='bbox 272 3429 404 3471; x_wconf 87' lang='lat' dir='ltr'>sumam.</span> <span class='ocrx_word' id='word_1_306' title='bbox 443 3408 533 3472; x_wconf 86' lang='lat' dir='ltr'>Tune</span> <span class='ocrx_word' id='word_1_307' title='bbox 556 3429 597 3474; x_wconf 86' lang='lat' dir='ltr'>ex</span> <span class='ocrx_word' id='word_1_308' title='bbox 614 3409 733 3471; x_wconf 69' lang='lat' dir='ltr'>virtute</span> <span class='ocrx_word' id='word_1_309' title='bbox 755 3415 865 3470; x_wconf 87' lang='lat' dir='ltr'>nostra</span> <span class='ocrx_word' id='word_1_310' title='bbox 885 3401 1062 3486; x_wconf 85' lang='lat' dir='ltr'>intelleges,</span> 
     </span>
    </p>
   </div>
   <div class='ocr_carea' id='block_1_9' title="bbox 105 3486 861 3642">
    <p class='ocr_par' dir='ltr' id='par_1_10' title="bbox 105 3486 861 3642">
     <span class='ocr_line' id='line_1_38' title="bbox 105 3486 861 3641; baseline -0.001 -87"><span class='ocrx_word' id='word_1_311' title='bbox 105 3486 181 3582; x_wconf 87' lang='lat' dir='ltr'>quid</span> <span class='ocrx_word' id='word_1_312' title='bbox 203 3496 328 3641; x_wconf 59' lang='lat' dir='ltr'>cxlpuis</span> <span class='ocrx_word' id='word_1_313' title='bbox 351 3496 450 3580; x_wconf 89' lang='lat' dir='ltr'>copiis</span> <span class='ocrx_word' id='word_1_314' title='bbox 474 3515 604 3579; x_wconf 83' lang='lat' dir='ltr'>sperare</span> <span class='ocrx_word' id='word_1_315' title='bbox 626 3493 752 3559; x_wconf 83' lang='lat' dir='ltr'>debeas.</span> <span class='ocrx_word' id='word_1_316' title='bbox 821 3575 861 3639; x_wconf 63' lang='grc'>14</span> 
     </span>
     <span class='ocr_line' id='line_1_39' title="bbox 162 3591 290 3642; baseline 0 0"><span class='ocrx_word' id='word_1_317' title='bbox 162 3591 176 3629; x_wconf 80' lang='lat' dir='ltr'>C</span> <span class='ocrx_word' id='word_1_318' title='bbox 178 3601 240 3633; x_wconf 60' lang='grc'>’’’’’</span> <span class='ocrx_word' id='word_1_319' title='bbox 283 3627 290 3642; x_wconf 95' lang='grc'><strong>.</strong></span> 
     </span>
    </p>
   </div>
   <div class='ocr_carea' id='block_1_10' title="bbox 0 0 1250 3974">
    <p class='ocr_par' dir='ltr' id='par_1_11' title="bbox 0 0 1250 3974">
     <span class='ocr_line' id='line_1_40' title="bbox 0 0 1250 3974; baseline 0 1"><span class='ocrx_word' id='word_1_320' title='bbox 0 0 1250 3974; x_wconf 95' lang='lat' dir='ltr'> </span> 
     </span>
    </p>
   </div>
  </div>
 </body>
</html>
