2562 3970
406 205 541 272 ΟΟΜΜ.
564 207 581 270 1
603 206 697 272 ΟΑΡ.
710 207 857 272 *41-43,
1063 212 1105 274 25

143 377 260 442 muniri
281 377 390 458 vetrrit,
414 377 498 462 quod
520 379 659 444 eminere
674 390 706 444 et
719 378 830 467 procul
851 365 952 445 videri
974 401 1104 446 necesse

90 529 96 544 x
144 472 221 544 erat,
244 460 302 528 sed
323 485 343 526 e
363 461 466 528 fronte
489 473 599 528 contra
619 464 742 531 hostem
764 465 880 550 pedum
908 472 960 526 XV
988 465 1105 530 fossam
1174 518 1177 526 .

143 549 214 612 fieri
236 548 337 611 iussit.
367 547 476 612 Prima
498 559 529 614 et
552 549 692 615 secunda
714 553 799 616 acies
821 553 854 614 in
876 553 983 632 armis,
1005 561 1040 616 ut
1062 551 1103 615 ab

143 633 234 697 initio
257 634 425 697 constituta
447 644 524 715 erat,
546 637 769 721 permanebam
796 647 868 722 post
889 636 946 701 hos
969 659 1048 723 opus
1070 639 1103 700 in

145 717 268 782 occulto
290 740 309 782 a
331 717 379 782 111
402 720 470 784 acie
492 719 599 784 fiebat
637 721 691 786 Sic
718 745 812 787 omne
844 724 933 808 prius
961 733 1010 786 est
1031 745 1101 808 per·-

144 802 271 884 leotum,
304 827 399 890 quam
425 804 664 890 intellegeretur
686 808 726 872 ab
748 808 881 872 Afranio
911 817 1015 872 castra
1035 830 1102 872 mu·

144 889 214 952 uiri
237 887 304 953 sub
326 911 495 976 vesperum
518 891 638 957 Caesar
658 895 743 958 intra
764 894 847 957 hano
867 894 985 958 fossam
1006 893 1102 978 legio·

142 995 201 1040 aes
222 973 346 1039 reducit
368 986 463 1061 atque
484 977 529 1041 ibi
551 977 610 1041 sub
633 981 730 1044 armis
752 981 898 1064 proxima
920 991 1013 1043 nocte
1029 1001 1102 1054 oon·

143 1060 286 1146 quiescit.

205 1144 257 1208 42.
280 1145 411 1211 Postero
435 1147 486 1212 die
510 1171 636 1214 omnem
663 1153 837 1216 exercitum
869 1152 953 1215 intra
984 1152 1101 1216 fossam

142 1233 283 1296 continet
305 1241 345 1313 et,
379 1232 464 1319 quod
496 1234 620 1320 longius
649 1248 719 1302 erat
747 1259 846 1322 agger
873 1238 1039 1322 petendus,
1069 1242 1102 1304 in

141 1317 323 1402 praesentia
345 1317 480 1383 similem
503 1323 659 1386 rationem
681 1324 784 1409 operis
805 1323 942 1386 instituit
964 1323 1101 1409 singula

143 1424 205 1489 que
238 1401 339 1468 latera
373 1413 549 1471 castrorum
582 1407 716 1494 singulis
749 1409 892 1474 attribuit
924 1408 1101 1494 legionibus

141 1488 315 1552 munienda
343 1489 508 1577 fossasque
531 1493 574 1557 ad
595 1493 729 1558 eandem
758 1495 1010 1580 magnitudinem
1031 1518 1101 1581 per·

141 1574 195 1639 fici
215 1573 304 1639 iubet
310 1599 325 1657 ς,
341 1575 481 1661 reliquas
493 1577 635 1664 legiones
651 1581 684 1644 in
700 1581 796 1644 ermis
809 1580 975 1665 expeditas
991 1591 1102 1646 contra

140 1658 263 1724 hostem
309 1663 478 1728 constituit.
515 1665 670 1729 Afranius
706 1666 911 1751 Petreiusque
956 1667 1099 1730 terrendi

143 1767 241 1810 causa
262 1756 356 1832 atque
371 1754 484 1834 operis
492 1751 686 1835 impediendi
708 1753 815 1834 copias
832 1773 906 1815 suas
921 1751 962 1816 ad
976 1753 1100 1816 infimas

80 1872 83 1878 ·
142 1837 258 1900 montis
280 1836 405 1900 radices
426 1836 606 1922 producunt
621 1846 653 1901 et
666 1836 788 1922 proelio
804 1836 974 1918 lacessunt,
997 1860 1100 1922 neque

140 1920 259 1986 idcirco
292 1922 411 1987 Caesar
449 1945 528 2008 opus
554 1923 740 1996 ,intermittit
773 1923 909 1996 confisus
942 1923 1099 2009 praesidio

140 2005 301 2092 legionum
326 2010 423 2072 trium
451 2017 482 2072 et
510 2009 685 2074 munitione
717 2009 830 2073 fossae.
866 2007 918 2072 Illi
950 2031 1014 2074 non
1047 2008 1100 2074 diu

141 2095 326 2175 commorati
357 2116 418 2158 nee
451 2092 577 2179 longius
611 2093 652 2158 ab
685 2095 792 2159 infimo
826 2092 907 2158 colle
939 2097 1101 2180 progressi

140 2175 249 2264 copias
271 2181 304 2244 in
327 2188 432 2244 castra
453 2179 619 2244 reducunt.
656 2179 764 2244 Tertio
798 2179 849 2245 die
873 2178 993 2245 Caesar
1014 2180 1099 2245 vallo
1140 2207 1144 2214 ·

141 2273 246 2328 castra
267 2266 455 2347 communit;
476 2263 616 2350 reliquas
639 2267 794 2346 cohortes,
818 2287 895 2352 quas
911 2268 944 2329 in
959 2268 1100 2352 superio-

138 2349 227 2414 ribus
250 2353 362 2416 eastris
384 2350 566 2437 reliquerat,
596 2350 883 2438 impedimentaque
917 2351 959 2415 ad
981 2369 1015 2414 se
1037 2361 1099 2416 tra·
1190 2375 1201 2394 ¹

139 2435 212 2502 duci
233 2436 332 2501 iubet.

201 2521 253 2586 43.
275 2522 357 2586 Erat
389 2522 473 2586 inter
506 2523 657 2671 oppidum
689 2522 827 2586 llerdem
861 2534 892 2587 et
919 2525 1100 2608 proximum

139 2605 263 2690 collem,
299 2607 356 2672 ubi
385 2618 490 2672 castra

140 2691 227 2775 bant,
249 2693 398 2780 planities
422 2695 548 2758 circiter
591 2716 720 2758 essuum
744 2701 819 2776 CCC,
857 2705 953 2781 atque
977 2697 1010 2759 in
1026 2695 1098 2760 ¹hoe

138 2778 207 2842 fere
227 2780 332 2845 medio
355 2781 457 2866 spatio
480 2718 619 2844 tumulus
642 2789 712 2844 erat
733 2779 828 2866 paulo
852 2781 981 2863 editior3
1004 2803 1097 2866 quern

139 2867 167 2928 si
189 2867 410 2951 occupavisset
432 2863 553 2929 Caesar
586 2875 617 2929 et
649 2869 883 2948 communisset,
906 2866 946 2931 ab
980 2867 1097 2952 oppido

138 2958 171 3015 et
190 2960 286 3037 ponte
308 2961 341 3015 et
362 2961 540 3016 commeatu
562 2953 656 3033 omni,
680 2973 774 3038 quern
796 2952 830 3016 in
852 2975 892 3037 op
916 2952 1003 3016 idum
1025 2971 1097 3014 oon-

136 3035 282 3118 tulerant,
295 3059 330 3102 se
340 3037 588 3102 interclusurum
599 3036 803 3102 adversanos
821 3060 880 3103 oon
904 3036 1009 3102 debat.
1026 3036 1097 3101 Hoc

138 3143 268 3206 sperans
304 3121 447 3207 legiones
480 3129 517 3184 Ill
550 3144 591 3186 ex
623 3124 735 3186 castris
769 3123 876 3188 educit
904 3125 1034 3209 acieque
1064 3123 1098 3186 in

137 3205 214 3272 locis
235 3208 358 3272 idoneis
390 3209 547 3272 instructa
578 3209 672 3272 unius
706 3207 841 3293 legionis
874 3210 1097 3293 antesignanos

137 3313 324 3375 procurrere
346 3302 441 3380 atque
465 3315 537 3358 eum
558 3293 714 3358 tumulum
735 3315 890 3380 occupare
904 3294 1001 3358 iubet.
1025 3292 1097 3371 Qua

137 3397 172 3440 re
205 3379 332 3463 cognita
365 3378 511 3458 celeriter
544 3401 626 3464 quae
657 3380 692 3444 in
721 3381 855 3444 statione
892 3401 950 3465 pro
983 3380 1097 3444 castris

136 3471 228 3526 erant
247 3463 373 3530 Afranii
395 3464 540 3530 cohortes
563 3464 710 3530 breviore
741 3466 854 3529 itinere
888 3465 929 3529 ad
962 3465 1097 3530 eundem

551 2610 669 2673 etreius
699 2619 795 2694 atque
817 2609 969 2674 Afranius
1002 2609 1099 2675 habe·
