2532 3968
186 221 292 320 nuru
519 216 773 292 remunero.

185 404 305 462 uantur
322 393 423 460 verbs
444 394 505 459 sibi
527 401 736 462 dicentem...
760 402 987 478 interpellatam
1009 407 1040 464 et
1061 405 1129 464 αἰε-

187 489 355 548 cederttem.
371 527 378 542 ·
396 486 622 546 meterentur.
1100 533 1102 538 .

250 565 330 629 Item
352 587 379 628 c.
401 564 443 630 34
464 564 661 630 restituistis·
685 573 757 630 ante
780 573 1020 645 confirmassent,
1043 568 1130 656 quod

186 673 251 716 non
272 651 333 713 nisi
354 672 373 714 a
393 649 493 714 Paris.
517 672 578 716 sec.
601 649 747 716 exsulare
774 651 908 732 videtur,
931 673 1028 736 quum
1048 653 1129 718 nihil

186 735 228 802 de
250 757 378 799 suorum
396 733 547 797 librorum
562 735 665 800 disere
688 737 774 798 entia
789 738 985 802 annotaverit
999 736 1129 804 Oudene

186 820 324 905 domiue.
347 819 460 883 Exstat
474 841 644 904 pronomen
658 759 737 885 illud
751 820 844 884 etiam
859 821 892 884 in
907 821 999 886 Vind.
1015 823 1129 906 primo.

252 903 287 968 Ο.
320 904 362 968 35
394 904 509 968 retinui
539 903 700 990 vulgatum
732 904 902 970 verborum
930 907 1073 970 ordinem
1099 921 1159 972 et·

185 1011 305 1056 meere
333 995 485 1068 aliquid
514 997 628 1072 cette,
658 1011 752 1074 quem
778 989 988 1074 Nipperdeius
1019 992 1129 1059 invitis

186 1073 315 1160 reliquis
344 1072 431 1138 libris
466 1095 508 1138 ex
536 1073 603 1140 solo
631 1074 731 1140 Paris.
758 1096 819 1138 sec.
842 1077 1018 1140 immutavit
1044 1077 1078 1141 in
1100 1089 1132 1142 et

186 1179 307 1226 monere
334 1166 429 1223 uelle
457 1166 615 1238 aliquid.
645 1198 685 1208 -
711 1160 797 1224 Infra
821 1159 860 1222 N.
890 1161 1001 1228 eedem
1028 1160 1131 1226 verba

187 1243 286 1312 edidit
317 1266 397 1330 quae
426 1243 521 1329 vulgo
556 1245 696 1331 placent:
726 1251 787 1310 Sed
822 1266 887 1310 cum
920 1253 982 1312 loci
1016 1260 1130 1312 nutura

186 1339 218 1394 et
248 1337 370 1394 munitio
398 1342 567 1394 castrorum
595 1338 707 1396 editum
722 1336 941 1412 prohibebant,
965 1345 1024 1395 tum
1048 1339 1134 1411 quod

187 1419 231 1480 ad
245 1421 395 1495 proelium
427 1422 545 1492 careret
576 1422 716 1481 Curionis
747 1422 853 1480 milites
875 1423 915 1478 iis
936 1423 1026 1482 rebus
1047 1423 1131 1482 indi-

186 1505 305 1580 9ebcmt,
329 1521 405 1578 quoe
426 1507 468 1564 ud
481 1510 732 1579 oppueeotiooem
747 1513 917 1567 castrorum
939 1517 1028 1566 erum
1046 1509 1130 1566 usui.

186 1583 231 1652 At
257 1582 330 1648 libri
355 1585 420 1649 fere
449 1587 632 1671 omnesqui
656 1593 728 1650 sunt
758 1585 888 1652 alicuius
909 1587 1003 1670 pretii
1026 1587 1130 1652 Paris·

187 1691 261 1751 sec„
277 1669 370 1733 Vind.
406 1693 441 1746 r.‚
457 1669 545 1734 Leid.
561 1693 618 1756 pn,
634 1670 760 1756 scalig„
784 1669 900 1754 Ouiae,
930 1671 1022 1736 Voss.
1046 1678 1134 1738 odiri

186 1766 257 1824 moe
278 1793 318 1802 -—
340 1693 465 1819 voltum
484 1797 519 1806 -
531 1763 742 1837 prohibebunt,
767 1763 848 1835 quod
861 1778 886 1821 e.
911 1779 937 1836 q.
961 1781 986 1822 s.
1009 1757 1133 1822 habent

184 1847 271 1920 (tunc
298 1841 331 1908 in
358 1839 458 1902 Paris.
488 1849 519 1903 et
546 1840 640 1906 Vind.
663 1841 786 1928 legitur,
809 1840 1006 1928 dereliquit
1039 1841 1133 1908 libris

185 1934 290 1994 utram
315 1924 504 2025 particulam
544 1924 680 1992 habeant
710 1949 773 1991 non
809 1927 886 1991 satis
919 1927 1072 2014 constat);
1097 1937 1134 1992 et

185 2031 282 2160 guum
312 2010 367 2074 illc
394 2011 462 2095 ipse
490 2011 698 2076 ratiocinandi
725 2013 852 2095 modus,
885 2035 979 2099 quem
1002 2013 1132 2078 Ouden-

209 2098 314 2179 oripus
343 2105 501 2182 tamquam
535 2098 674 2182 ineptum
706 2100 851 2180 miratur,
896 2099 989 2162 etiam
1021 2119 1062 2162 ex
1092 2119 1133 2169 re

182 2181 363 2266 ⁴aptissimus
396 2181 451 2264 sit,
489 2182 559 2248 dico
590 2193 734 2248 naturam
766 2183 828 2248 loci
862 2192 894 2248 et
924 2185 1134 2248 munitionem

186 2274 358 2330 castrorum
381 2267 546 2351 quominus
568 2268 707 2332 adiretur
721 2269 766 2332 ita
780 2267 904 2332 demum
919 2267 1132 2367 prohibuisse,

187 2348 271 2436 quod
298 2351 413 2414 milites
445 2352 541 2418 rebus
574 2353 616 2416 ad
644 2375 683 2438 op
707 2376 728 2416 u
750 2355 909 2420 nationem
941 2375 1133 2418 necessarus

186 2434 337 2502 carebant
353 2473 390 2484 -
408 2438 435 2500 si
451 2439 533 2502 enim
550 2438 605 2502 hes
621 2460 672 2502 res
685 2375 885 2519 libuissent,
908 2460 972 2502 non
993 2461 1045 2506 am
1067 2437 1133 2502 lius

185 2521 335 2606 prohibiti
357 2532 471 2605 essent,
496 2523 553 2588 sed
574 2525 678 2587 omnia
699 2522 761 2586 loci
783 2531 814 2586 et
827 2524 1009 2588 munitionis
1024 2460 1133 2586 obsta·

185 2604 258 2670 cula
279 2629 428 2693 superare
450 2610 625 2694 potuissent
646 2644 697 2688 —‚
719 2615 888 2692 propterea
917 2607 1044 2692 scripsi:
1068 2612 1139 2674 Sed'
1260 2701 1261 2708 ἵ

187 2713 274 2770 quum
296 2698 357 2758 loci
370 2702 481 2756 natura
503 2705 574 2756 tum
588 2698 710 2756 munitio
726 2705 895 2757 castrorum
915 2699 1025 2757 adiri
1038 2703 1133 2758 tunc

180 2784 369 2860 prohibebat,
394 2784 476 2854 quod
489 2799 512 2841 e.
531 2799 557 2856 q.
574 2799 599 2839 s.
614 2813 656 2823 —
670 2776 709 2840 In
731 2778 933 2861 sequentibus
954 2775 1060 2841 verbis
1081 2775 1132 2840 la-

186 2883 425 2948 ennumquam
452 2858 660 2947 Nipperdeius
689 2863 812 2947 punctis
841 2864 963 2928 notavit
991 2859 1133 2948 (circiter

184 2953 240 3012 BC
253 2952 418 3026 intersectis
429 2969 467 3012 oc
479 2994 487 3010 .
501 2998 507 3011 .
520 2947 708 3032 vulneratis),
725 2947 840 3034 reliqui
852 2949 987 3014 editores
1000 2955 1132 3032 recepto

184 3033 241 3116 ‚M‘
267 3031 320 3095 vel
350 3039 444 3110 ‚mille‘
471 3054 602 3098 numero
630 3055 742 3097 sanare
771 3033 970 3115 studuerunt,
1001 3031 1133 3119 explevi

183 3117 353 3183 inserendo
368 3125 481 3183 ,multia
517 3118 723 3183 Consociatae
752 3120 836 3182 enim
858 3118 984 3190 litterae
1005 3125 1065 3184 mul
1087 3155 1129 3172 --

185 3211 219 3268 et
238 3211 292 3268 eut
311 3239 349 3254 -·
374 3203 407 3264 in
429 3203 589 3268 codicibus
611 3206 644 3268 in
667 3225 739 3267 eum
760 3203 827 3268 fere
848 3203 975 3268 modum
1002 3204 1134 3270 exarari

185 3287 304 3368 solent,
333 3296 368 3352 ut
395 3287 491 3373 plene
521 3289 653 3371 similem
686 3290 824 3372 speciem
855 3287 1010 3372 habeant,
1043 3288 1133 3356 unde

183 3373 298 3438 mirum
320 3394 390 3436 esse
411 3375 528 3459 nequit,
551 3396 608 3438 our
629 3371 735 3438 scriba
756 3395 776 3437 a
796 3374 901 3459 priore
922 3396 1001 3440 voce
1022 3373 1067 3439 ad
1084 3372 1133 3440 al·

184 3463 285 3520 teram
306 3457 405 3524 oculis
428 3457 631 3524 aberraverit.
