<?xml version="1.0" encoding="UTF-8"?>
<!DOCTYPE html PUBLIC "-//W3C//DTD XHTML 1.0 Transitional//EN"
    "http://www.w3.org/TR/xhtml1/DTD/xhtml1-transitional.dtd">
<html xmlns="http://www.w3.org/1999/xhtml" xml:lang="en" lang="en">
 <head>
  <title>
</title>
<meta http-equiv="Content-Type" content="text/html;charset=utf-8" />
  <meta name='ocr-system' content='tesseract 3.04.00' />
  <meta name='ocr-capabilities' content='ocr_page ocr_carea ocr_par ocr_line ocrx_word'/>
</head>
<body>
  <div class='ocr_page' id='page_1' title='image "./ciuliicaesarisc01hirtgoog_0224.png"; bbox 0 0 2532 3968; ppageno 0'>
   <div class='ocr_carea' id='block_1_1' title="bbox 352 240 1087 345">
    <p class='ocr_par' dir='ltr' id='par_1_1' title="bbox 352 240 1087 345">
     <span class='ocr_line' id='line_1_1' title="bbox 352 240 1087 345; baseline -0.001 -37"><span class='ocrx_word' id='word_1_1' title='bbox 352 241 487 308; x_wconf 79' lang='lat' dir='ltr'><strong>comt.</strong></span> <span class='ocrx_word' id='word_1_2' title='bbox 509 241 591 308; x_wconf 81' lang='lat' dir='ltr'><strong>vin</strong></span> <span class='ocrx_word' id='word_1_3' title='bbox 610 240 704 309; x_wconf 79' lang='lat' dir='ltr'><strong>cnr.</strong></span> <span class='ocrx_word' id='word_1_4' title='bbox 727 241 863 345; x_wconf 27' lang='lat' dir='ltr'><strong>aot-m</strong></span> <span class='ocrx_word' id='word_1_5' title='bbox 1023 241 1087 307; x_wconf 75' lang='lat' dir='ltr'><strong>roe</strong></span> 
     </span>
    </p>
   </div>
   <div class='ocr_carea' id='block_1_2' title="bbox 127 413 1089 820">
    <p class='ocr_par' dir='ltr' id='par_1_2' title="bbox 127 413 1089 820">
     <span class='ocr_line' id='line_1_2' title="bbox 191 413 1088 502; baseline 0.001 -23"><span class='ocrx_word' id='word_1_6' title='bbox 191 414 242 482; x_wconf 77' lang='lat'><strong>23.</strong></span> <span class='ocrx_word' id='word_1_7' title='bbox 265 414 366 480; x_wconf 85' lang='lat' dir='ltr'><strong>Nocte</strong></span> <span class='ocrx_word' id='word_1_8' title='bbox 388 415 567 502; x_wconf 81' lang='lat' dir='ltr'>insequenti</span> <span class='ocrx_word' id='word_1_9' title='bbox 588 413 686 501; x_wconf 86' lang='lat' dir='ltr'><strong>legati</strong></span> <span class='ocrx_word' id='word_1_10' title='bbox 707 435 863 500; x_wconf 83' lang='lat' dir='ltr'><strong>responsa</strong></span> <span class='ocrx_word' id='word_1_11' title='bbox 881 413 922 479; x_wconf 85' lang='lat' dir='ltr'><strong>ad</strong></span> <span class='ocrx_word' id='word_1_12' title='bbox 945 435 1019 480; x_wconf 82' lang='lat' dir='ltr'><strong>suos</strong></span> <span class='ocrx_word' id='word_1_13' title='bbox 1039 437 1088 480; x_wconf 86' lang='lat' dir='ltr'><strong>rs·</strong></span> 
     </span>
     <span class='ocr_line' id='line_1_3' title="bbox 127 499 1089 582; baseline 0.001 -18"><span class='ocrx_word' id='word_1_14' title='bbox 127 499 247 582; x_wconf 82' lang='lat' dir='ltr'><strong>ferunt,</strong></span> <span class='ocrx_word' id='word_1_15' title='bbox 281 499 409 564; x_wconf 86' lang='lat' dir='ltr'><strong>obsides</strong></span> <span class='ocrx_word' id='word_1_16' title='bbox 438 501 616 565; x_wconf 88' lang='lat' dir='ltr'><strong>conficiunt.</strong></span> <span class='ocrx_word' id='word_1_17' title='bbox 668 499 868 566; x_wconf 81' lang='lat' dir='ltr'>Concurrunt</span> <span class='ocrx_word' id='word_1_18' title='bbox 894 499 954 564; x_wconf 89' lang='lat' dir='ltr'><strong>reli</strong></span> <span class='ocrx_word' id='word_1_19' title='bbox 976 521 1089 565; x_wconf 86' lang='lat' dir='ltr'><strong>uarum</strong></span> 
     </span>
     <span class='ocr_line' id='line_1_4' title="bbox 128 585 1089 688; baseline 0 -38"><span class='ocrx_word' id='word_1_20' title='bbox 128 587 301 651; x_wconf 86' lang='lat' dir='ltr'><strong>civitatium</strong></span> <span class='ocrx_word' id='word_1_21' title='bbox 324 585 435 672; x_wconf 84' lang='lat' dir='ltr'><strong>legati,</strong></span> <span class='ocrx_word' id='word_1_22' title='bbox 469 607 551 672; x_wconf 88' lang='lat' dir='ltr'><strong>quae</strong></span> <span class='ocrx_word' id='word_1_23' title='bbox 579 585 821 651; x_wconf 83' lang='lat' dir='ltr'><strong>Bellovacorum</strong></span> <span class='ocrx_word' id='word_1_24' title='bbox 844 585 975 688; x_wconf 85' lang='lat' dir='ltr'><strong>specula</strong></span> <span class='ocrx_word' id='word_1_25' title='bbox 996 594 1089 650; x_wconf 82' lang='lat' dir='ltr'><strong>antur</strong></span> 
     </span>
     <span class='ocr_line' id='line_1_5' title="bbox 128 671 1088 820; baseline 0 -84"><span class='ocrx_word' id='word_1_26' title='bbox 128 680 293 754; x_wconf 84' lang='lat' dir='ltr'><strong>eventum3</strong></span> <span class='ocrx_word' id='word_1_27' title='bbox 331 671 458 736; x_wconf 88' lang='lat' dir='ltr'><strong>obsides</strong></span> <span class='ocrx_word' id='word_1_28' title='bbox 488 671 580 755; x_wconf 85' lang='lat' dir='ltr'><strong>dant,</strong></span> <span class='ocrx_word' id='word_1_29' title='bbox 618 673 773 758; x_wconf 87' lang='lat' dir='ltr'><strong>imperata</strong></span> <span class='ocrx_word' id='word_1_30' title='bbox 806 671 927 735; x_wconf 80' lang='lat' dir='ltr'><strong>faciunt</strong></span> <span class='ocrx_word' id='word_1_31' title='bbox 955 680 1088 820; x_wconf 72' lang='lat' dir='ltr'><strong>excepto</strong></span> 
     </span>
    </p>
   </div>
   <div class='ocr_carea' id='block_1_3' title="bbox 126 751 1156 3580">
    <p class='ocr_par' dir='ltr' id='par_1_3' title="bbox 126 751 1091 2702">
     <span class='ocr_line' id='line_1_6' title="bbox 129 751 1089 858; baseline 0 -38"><span class='ocrx_word' id='word_1_32' title='bbox 129 755 289 839; x_wconf 79' lang='lat' dir='ltr'><strong>Commio,</strong></span> <span class='ocrx_word' id='word_1_33' title='bbox 327 775 421 858; x_wconf 76' lang='lat' dir='ltr'><strong>quem</strong></span> <span class='ocrx_word' id='word_1_34' title='bbox 450 757 544 822; x_wconf 89' lang='lat' dir='ltr'><strong>timor</strong></span> <span class='ocrx_word' id='word_1_35' title='bbox 579 756 768 844; x_wconf 86' lang='lat' dir='ltr'><strong>prohibebat</strong></span> <span class='ocrx_word' id='word_1_36' title='bbox 795 751 980 844; x_wconf 87' lang='lat' dir='ltr'><strong>cuiusquam</strong></span> <span class='ocrx_word' id='word_1_37' title='bbox 1012 756 1089 822; x_wconf 88' lang='lat' dir='ltr'><strong>fici</strong></span> 
     </span>
     <span class='ocr_line' id='line_1_7' title="bbox 129 841 1089 928; baseline -0.001 -22"><span class='ocrx_word' id='word_1_38' title='bbox 129 863 219 906; x_wconf 89' lang='lat' dir='ltr'><strong>suam</strong></span> <span class='ocrx_word' id='word_1_39' title='bbox 240 851 434 906; x_wconf 81' lang='lat' dir='ltr'><strong>commtttsre</strong></span> <span class='ocrx_word' id='word_1_40' title='bbox 457 842 601 908; x_wconf 87' lang='lat' dir='ltr'><strong>salutem.</strong></span> <span class='ocrx_word' id='word_1_41' title='bbox 642 843 723 907; x_wconf 86' lang='lat' dir='ltr'><strong>Nam</strong></span> <span class='ocrx_word' id='word_1_42' title='bbox 747 843 908 928; x_wconf 70' lang='lat' dir='ltr'><strong>superiore</strong></span> <span class='ocrx_word' id='word_1_43' title='bbox 930 849 1015 906; x_wconf 84' lang='lat' dir='ltr'><strong>anno</strong></span> <span class='ocrx_word' id='word_1_44' title='bbox 1037 841 1089 905; x_wconf 81' lang='lat' dir='ltr'><strong>Ti-</strong></span> 
     </span>
     <span class='ocr_line' id='line_1_8' title="bbox 127 926 1088 1010; baseline -0.002 -18"><span class='ocrx_word' id='word_1_45' title='bbox 127 934 179 992; x_wconf 84' lang='lat' dir='ltr'><strong>tus</strong></span> <span class='ocrx_word' id='word_1_46' title='bbox 200 926 362 992; x_wconf 80' lang='lat' dir='ltr'><strong>Labienus</strong></span> <span class='ocrx_word' id='word_1_47' title='bbox 378 926 517 993; x_wconf 73' lang='lat' dir='ltr'><strong>Caesare</strong></span> <span class='ocrx_word' id='word_1_48' title='bbox 538 931 572 992; x_wconf 94' lang='lat' dir='ltr'><strong>in</strong></span> <span class='ocrx_word' id='word_1_49' title='bbox 587 927 694 993; x_wconf 84' lang='lat' dir='ltr'><strong>Gallia</strong></span> <span class='ocrx_word' id='word_1_50' title='bbox 716 929 861 993; x_wconf 84' lang='lat' dir='ltr'><strong>citeriore</strong></span> <span class='ocrx_word' id='word_1_51' title='bbox 882 930 931 992; x_wconf 87' lang='lat' dir='ltr'><strong>ius</strong></span> <span class='ocrx_word' id='word_1_52' title='bbox 954 927 1088 1010; x_wconf 89' lang='lat' dir='ltr'><strong>dicente,</strong></span> 
     </span>
     <span class='ocr_line' id='line_1_9' title="bbox 127 1011 1089 1100; baseline 0 -24"><span class='ocrx_word' id='word_1_53' title='bbox 127 1033 225 1099; x_wconf 90' lang='lat' dir='ltr'><strong>quum</strong></span> <span class='ocrx_word' id='word_1_54' title='bbox 254 1011 430 1079; x_wconf 74' lang='lat' dir='ltr'><strong>Commium</strong></span> <span class='ocrx_word' id='word_1_55' title='bbox 459 1015 663 1100; x_wconf 86' lang='lat' dir='ltr'><strong>comperisset</strong></span> <span class='ocrx_word' id='word_1_56' title='bbox 691 1013 860 1078; x_wconf 86' lang='lat' dir='ltr'><strong>sollicitare</strong></span> <span class='ocrx_word' id='word_1_57' title='bbox 890 1015 1035 1077; x_wconf 86' lang='lat' dir='ltr'><strong>civitates</strong></span> <span class='ocrx_word' id='word_1_58' title='bbox 1058 1021 1089 1076; x_wconf 89' lang='lat' dir='ltr'><strong>et</strong></span> 
     </span>
     <span class='ocr_line' id='line_1_10' title="bbox 128 1097 1089 1182; baseline 0.002 -22"><span class='ocrx_word' id='word_1_59' title='bbox 128 1099 378 1163; x_wconf 85' lang='lat' dir='ltr'><strong>coniurationem</strong></span> <span class='ocrx_word' id='word_1_60' title='bbox 401 1109 510 1164; x_wconf 91' lang='lat' dir='ltr'><strong>contra</strong></span> <span class='ocrx_word' id='word_1_61' title='bbox 533 1098 703 1164; x_wconf 78' lang='lat' dir='ltr'><strong>Caesarem</strong></span> <span class='ocrx_word' id='word_1_62' title='bbox 725 1099 847 1182; x_wconf 82' lang='lat' dir='ltr'><strong>facere,</strong></span> <span class='ocrx_word' id='word_1_63' title='bbox 869 1097 1089 1166; x_wconf 86' lang='lat' dir='ltr'><strong>infidelitatem</strong></span> 
     </span>
     <span class='ocr_line' id='line_1_11' title="bbox 128 1183 1088 1271; baseline 0.001 -24"><span class='ocrx_word' id='word_1_64' title='bbox 128 1183 197 1247; x_wconf 88' lang='lat' dir='ltr'><strong>eius</strong></span> <span class='ocrx_word' id='word_1_65' title='bbox 230 1184 299 1248; x_wconf 89' lang='lat' dir='ltr'><strong>sine</strong></span> <span class='ocrx_word' id='word_1_66' title='bbox 332 1183 398 1248; x_wconf 89' lang='lat' dir='ltr'><strong>ulla</strong></span> <span class='ocrx_word' id='word_1_67' title='bbox 428 1184 563 1271; x_wconf 87' lang='lat' dir='ltr'><strong>perfidia</strong></span> <span class='ocrx_word' id='word_1_68' title='bbox 601 1185 754 1254; x_wconf 80' lang='lat' dir='ltr'><strong>iudicavit</strong></span> <span class='ocrx_word' id='word_1_69' title='bbox 785 1184 950 1270; x_wconf 77' lang='lat' dir='ltr'><strong>comprimi</strong></span> <span class='ocrx_word' id='word_1_70' title='bbox 982 1203 1088 1270; x_wconf 88' lang='lat' dir='ltr'><strong>posse.</strong></span> 
     </span>
     <span class='ocr_line' id='line_1_12' title="bbox 128 1265 1088 1356; baseline 0.001 -24"><span class='ocrx_word' id='word_1_71' title='bbox 128 1265 233 1347; x_wconf 83' lang='lat' dir='ltr'><strong>Quem</strong></span> <span class='ocrx_word' id='word_1_72' title='bbox 255 1269 413 1356; x_wconf 90' lang='lat' dir='ltr'><strong>quianon</strong></span> <span class='ocrx_word' id='word_1_73' title='bbox 437 1269 649 1335; x_wconf 74' lang='lat' dir='ltr'><strong>arbitrabatur</strong></span> <span class='ocrx_word' id='word_1_74' title='bbox 669 1280 817 1336; x_wconf 88' lang='lat' dir='ltr'><strong>vocatum</strong></span> <span class='ocrx_word' id='word_1_75' title='bbox 838 1271 872 1334; x_wconf 92' lang='lat' dir='ltr'><strong>in</strong></span> <span class='ocrx_word' id='word_1_76' title='bbox 894 1279 999 1334; x_wconf 79' lang='lat' dir='ltr'><strong>eastra</strong></span> <span class='ocrx_word' id='word_1_77' title='bbox 1013 1291 1088 1334; x_wconf 87' lang='lat' dir='ltr'><strong>ven·</strong></span> 
     </span>
     <span class='ocr_line' id='line_1_13' title="bbox 127 1354 1089 1439; baseline 0.001 -21"><span class='ocrx_word' id='word_1_78' title='bbox 127 1363 249 1438; x_wconf 88' lang='lat' dir='ltr'><strong>turum,</strong></span> <span class='ocrx_word' id='word_1_79' title='bbox 272 1377 314 1418; x_wconf 89' lang='lat' dir='ltr'><strong>ne</strong></span> <span class='ocrx_word' id='word_1_80' title='bbox 335 1356 487 1421; x_wconf 90' lang='lat' dir='ltr'><strong>tentando</strong></span> <span class='ocrx_word' id='word_1_81' title='bbox 509 1357 682 1420; x_wconf 85' lang='lat' dir='ltr'><strong>cautiorem</strong></span> <span class='ocrx_word' id='word_1_82' title='bbox 703 1356 837 1439; x_wconf 86' lang='lat' dir='ltr'><strong>faceret,</strong></span> <span class='ocrx_word' id='word_1_83' title='bbox 861 1354 977 1420; x_wconf 83' lang='lat' dir='ltr'><strong>Gaium</strong></span> <span class='ocrx_word' id='word_1_84' title='bbox 991 1354 1089 1422; x_wconf 89' lang='lat' dir='ltr'><strong>Volu-</strong></span> 
     </span>
     <span class='ocr_line' id='line_1_14' title="bbox 128 1439 1090 1529; baseline 0.002 -27"><span class='ocrx_word' id='word_1_85' title='bbox 128 1446 241 1504; x_wconf 82' lang='lat' dir='ltr'><strong>senum</strong></span> <span class='ocrx_word' id='word_1_86' title='bbox 264 1439 462 1518; x_wconf 72' lang='lat' dir='ltr'><strong>Quadratum</strong></span> <span class='ocrx_word' id='word_1_87' title='bbox 483 1443 583 1523; x_wconf 84' lang='lat' dir='ltr'><strong>misit,</strong></span> <span class='ocrx_word' id='word_1_88' title='bbox 608 1444 661 1529; x_wconf 91' lang='lat' dir='ltr'><strong>qui</strong></span> <span class='ocrx_word' id='word_1_89' title='bbox 683 1463 755 1506; x_wconf 90' lang='lat' dir='ltr'><strong>eum</strong></span> <span class='ocrx_word' id='word_1_90' title='bbox 800 1463 836 1506; x_wconf 88' lang='lat' dir='ltr'><strong>er</strong></span> <span class='ocrx_word' id='word_1_91' title='bbox 857 1441 1090 1506; x_wconf 72' lang='lat' dir='ltr'><strong>simulationem</strong></span> 
     </span>
     <span class='ocr_line' id='line_1_15' title="bbox 128 1465 1090 1626; baseline 0.002 -38"><span class='ocrx_word' id='word_1_92' title='bbox 128 1524 279 1626; x_wconf 71' lang='lat' dir='ltr'><strong>colloquii</strong></span> <span class='ocrx_word' id='word_1_93' title='bbox 302 1536 428 1590; x_wconf 87' lang='lat' dir='ltr'><strong>curaret</strong></span> <span class='ocrx_word' id='word_1_94' title='bbox 448 1527 711 1592; x_wconf 84' lang='lat' dir='ltr'><strong>interficiendum.</strong></span> <span class='ocrx_word' id='word_1_95' title='bbox 746 1465 799 1590; x_wconf 77' lang='lat' dir='ltr'><strong>Al</strong></span> <span class='ocrx_word' id='word_1_96' title='bbox 822 1547 893 1592; x_wconf 86' lang='lat' dir='ltr'><strong>eam</strong></span> <span class='ocrx_word' id='word_1_97' title='bbox 914 1549 983 1591; x_wconf 89' lang='lat' dir='ltr'><strong>rem</strong></span> <span class='ocrx_word' id='word_1_98' title='bbox 1005 1525 1090 1590; x_wconf 89' lang='lat' dir='ltr'><strong>dele·</strong></span> 
     </span>
     <span class='ocr_line' id='line_1_16' title="bbox 127 1610 1090 1691; baseline 0 -15"><span class='ocrx_word' id='word_1_99' title='bbox 127 1619 195 1676; x_wconf 91' lang='lat' dir='ltr'><strong>ctos</strong></span> <span class='ocrx_word' id='word_1_100' title='bbox 216 1610 350 1676; x_wconf 83' lang='lat' dir='ltr'><strong>idoneos</strong></span> <span class='ocrx_word' id='word_1_101' title='bbox 371 1613 401 1676; x_wconf 88' lang='lat' dir='ltr'><strong>ci</strong></span> <span class='ocrx_word' id='word_1_102' title='bbox 428 1613 524 1677; x_wconf 85' lang='lat' dir='ltr'><strong>tradit</strong></span> <span class='ocrx_word' id='word_1_103' title='bbox 552 1615 760 1678; x_wconf 87' lang='lat' dir='ltr'><strong>centuriones.</strong></span> <span class='ocrx_word' id='word_1_104' title='bbox 805 1611 911 1691; x_wconf 78' lang='lat' dir='ltr'><strong>Quum</strong></span> <span class='ocrx_word' id='word_1_105' title='bbox 939 1613 973 1676; x_wconf 90' lang='lat' dir='ltr'><strong>in</strong></span> <span class='ocrx_word' id='word_1_106' title='bbox 995 1611 1090 1676; x_wconf 90' lang='lat' dir='ltr'><strong>collo·</strong></span> 
     </span>
     <span class='ocr_line' id='line_1_17' title="bbox 128 1695 1090 1784; baseline 0 -24"><span class='ocrx_word' id='word_1_107' title='bbox 128 1697 237 1784; x_wconf 87' lang='lat' dir='ltr'><strong>quium</strong></span> <span class='ocrx_word' id='word_1_108' title='bbox 258 1699 389 1762; x_wconf 81' lang='lat' dir='ltr'><strong>ventum</strong></span> <span class='ocrx_word' id='word_1_109' title='bbox 404 1706 504 1780; x_wconf 88' lang='lat' dir='ltr'><strong>esset,</strong></span> <span class='ocrx_word' id='word_1_110' title='bbox 528 1707 560 1763; x_wconf 88' lang='lat' dir='ltr'><strong>et</strong></span> <span class='ocrx_word' id='word_1_111' title='bbox 573 1707 609 1762; x_wconf 93' lang='lat' dir='ltr'><strong>ut</strong></span> <span class='ocrx_word' id='word_1_112' title='bbox 623 1706 830 1781; x_wconf 83' lang='lat' dir='ltr'><strong>convenerat,</strong></span> <span class='ocrx_word' id='word_1_113' title='bbox 852 1719 982 1762; x_wconf 91' lang='lat' dir='ltr'><strong>manum</strong></span> <span class='ocrx_word' id='word_1_114' title='bbox 998 1695 1090 1762; x_wconf 82' lang='lat' dir='ltr'><strong>Gom·</strong></span> 
     </span>
     <span class='ocr_line' id='line_1_18' title="bbox 126 1781 1091 1869; baseline 0.003 -24"><span class='ocrx_word' id='word_1_115' title='bbox 126 1781 184 1844; x_wconf 90' lang='lat' dir='ltr'><strong>mii</strong></span> <span class='ocrx_word' id='word_1_116' title='bbox 205 1781 386 1848; x_wconf 84' lang='lat' dir='ltr'><strong>Volusenus</strong></span> <span class='ocrx_word' id='word_1_117' title='bbox 416 1785 616 1869; x_wconf 86' lang='lat' dir='ltr'><strong>arripuisset,</strong></span> <span class='ocrx_word' id='word_1_118' title='bbox 651 1784 792 1849; x_wconf 86' lang='lat' dir='ltr'><strong>centurio</strong></span> <span class='ocrx_word' id='word_1_119' title='bbox 820 1782 874 1848; x_wconf 81' lang='lat' dir='ltr'><strong>vel</strong></span> <span class='ocrx_word' id='word_1_120' title='bbox 902 1785 1028 1848; x_wconf 88' lang='lat' dir='ltr'><strong>insueta</strong></span> <span class='ocrx_word' id='word_1_121' title='bbox 1055 1803 1091 1848; x_wconf 87' lang='lat' dir='ltr'><strong>rs</strong></span> 
     </span>
     <span class='ocr_line' id='line_1_19' title="bbox 126 1866 1090 1955; baseline 0.001 -24"><span class='ocrx_word' id='word_1_122' title='bbox 126 1875 289 1954; x_wconf 87' lang='lat' dir='ltr'><strong>permotus</strong></span> <span class='ocrx_word' id='word_1_123' title='bbox 310 1868 364 1932; x_wconf 81' lang='lat' dir='ltr'><strong>vel</strong></span> <span class='ocrx_word' id='word_1_124' title='bbox 387 1867 533 1934; x_wconf 81' lang='lat' dir='ltr'><strong>celeriter</strong></span> <span class='ocrx_word' id='word_1_125' title='bbox 551 1892 570 1933; x_wconf 87' lang='lat' dir='ltr'><strong>a</strong></span> <span class='ocrx_word' id='word_1_126' title='bbox 584 1869 790 1934; x_wconf 85' lang='lat' dir='ltr'><strong>familiaribus</strong></span> <span class='ocrx_word' id='word_1_127' title='bbox 804 1868 982 1955; x_wconf 86' lang='lat' dir='ltr'><strong>prohibitus</strong></span> <span class='ocrx_word' id='word_1_128' title='bbox 998 1866 1090 1934; x_wconf 73' lang='lat' dir='ltr'><strong>(lom-</strong></span> 
     </span>
     <span class='ocr_line' id='line_1_20' title="bbox 126 1953 1088 2042; baseline 0.002 -26"><span class='ocrx_word' id='word_1_129' title='bbox 126 1954 183 2016; x_wconf 91' lang='lat' dir='ltr'><strong>mii</strong></span> <span class='ocrx_word' id='word_1_130' title='bbox 209 1954 368 2018; x_wconf 87' lang='lat' dir='ltr'><strong>conficere</strong></span> <span class='ocrx_word' id='word_1_131' title='bbox 394 1953 554 2020; x_wconf 88' lang='lat' dir='ltr'><strong>hominem</strong></span> <span class='ocrx_word' id='word_1_132' title='bbox 580 1977 645 2020; x_wconf 90' lang='lat' dir='ltr'><strong>non</strong></span> <span class='ocrx_word' id='word_1_133' title='bbox 673 1958 791 2042; x_wconf 80' lang='lat' dir='ltr'><strong>potuit3</strong></span> <span class='ocrx_word' id='word_1_134' title='bbox 821 1956 1088 2042; x_wconf 80' lang='lat' dir='ltr'><strong>gravitertamen</strong></span> 
     </span>
     <span class='ocr_line' id='line_1_21' title="bbox 126 2038 1091 2127; baseline 0.001 -25"><span class='ocrx_word' id='word_1_135' title='bbox 126 2058 229 2125; x_wconf 82' lang='lat' dir='ltr'><strong>primo</strong></span> <span class='ocrx_word' id='word_1_136' title='bbox 251 2038 317 2104; x_wconf 87' lang='lat' dir='ltr'><strong>ictu</strong></span> <span class='ocrx_word' id='word_1_137' title='bbox 344 2039 450 2125; x_wconf 85' lang='lat' dir='ltr'><strong>gladio</strong></span> <span class='ocrx_word' id='word_1_138' title='bbox 480 2049 575 2127; x_wconf 92' lang='lat' dir='ltr'><strong>caput</strong></span> <span class='ocrx_word' id='word_1_139' title='bbox 595 2043 759 2127; x_wconf 82' lang='lat' dir='ltr'><strong>percussit</strong></span> <span class='ocrx_word' id='word_1_140' title='bbox 805 2039 911 2120; x_wconf 76' lang='lat' dir='ltr'><strong>Quum</strong></span> <span class='ocrx_word' id='word_1_141' title='bbox 931 2041 1027 2105; x_wconf 91' lang='lat' dir='ltr'><strong>utrim</strong></span> <span class='ocrx_word' id='word_1_142' title='bbox 1049 2061 1091 2104; x_wconf 89' lang='lat' dir='ltr'><strong>us</strong></span> 
     </span>
     <span class='ocr_line' id='line_1_22' title="bbox 127 2122 1090 2214; baseline 0.004 -28"><span class='ocrx_word' id='word_1_143' title='bbox 127 2122 227 2210; x_wconf 80' lang='lat' dir='ltr'><strong>&#39;gladii</strong></span> <span class='ocrx_word' id='word_1_144' title='bbox 249 2123 391 2189; x_wconf 85' lang='lat' dir='ltr'><strong>destricti</strong></span> <span class='ocrx_word' id='word_1_145' title='bbox 411 2137 518 2190; x_wconf 87' lang='lat' dir='ltr'><strong>essent</strong></span> <span class='ocrx_word' id='word_1_146' title='bbox 523 2176 532 2209; x_wconf 92' lang='lat'><strong>,</strong></span> <span class='ocrx_word' id='word_1_147' title='bbox 554 2149 619 2192; x_wconf 91' lang='lat' dir='ltr'><strong>non</strong></span> <span class='ocrx_word' id='word_1_148' title='bbox 633 2137 698 2192; x_wconf 89' lang='lat' dir='ltr'><strong>tam</strong></span> <span class='ocrx_word' id='word_1_149' title='bbox 711 2125 875 2214; x_wconf 81' lang='lat' dir='ltr'><strong>pugnandi</strong></span> <span class='ocrx_word' id='word_1_150' title='bbox 890 2148 985 2214; x_wconf 88' lang='lat' dir='ltr'><strong>quam</strong></span> <span class='ocrx_word' id='word_1_151' title='bbox 1000 2125 1032 2190; x_wconf 89' lang='lat' dir='ltr'><strong>di</strong></span> <span class='ocrx_word' id='word_1_152' title='bbox 1077 2161 1090 2174; x_wconf 92' lang='lat'><strong>·</strong></span> 
     </span>
     <span class='ocr_line' id='line_1_23' title="bbox 127 2208 1091 2298; baseline 0.001 -25"><span class='ocrx_word' id='word_1_153' title='bbox 127 2208 237 2296; x_wconf 86' lang='lat' dir='ltr'><strong>giendi</strong></span> <span class='ocrx_word' id='word_1_154' title='bbox 258 2210 318 2274; x_wconf 88' lang='lat' dir='ltr'><strong>fuit</strong></span> <span class='ocrx_word' id='word_1_155' title='bbox 339 2220 545 2298; x_wconf 86' lang='lat' dir='ltr'><strong>utrorumque</strong></span> <span class='ocrx_word' id='word_1_156' title='bbox 567 2213 750 2277; x_wconf 90' lang='lat' dir='ltr'><strong>consilium:</strong></span> <span class='ocrx_word' id='word_1_157' title='bbox 783 2221 982 2294; x_wconf 85' lang='lat' dir='ltr'><strong>nostrorum,</strong></span> <span class='ocrx_word' id='word_1_158' title='bbox 1005 2208 1091 2298; x_wconf 91' lang='lat' dir='ltr'><strong>quod</strong></span> 
     </span>
     <span class='ocr_line' id='line_1_24' title="bbox 127 2295 1090 2380; baseline 0.002 -22"><span class='ocrx_word' id='word_1_159' title='bbox 127 2295 288 2360; x_wconf 87' lang='lat' dir='ltr'><strong>mortifero</strong></span> <span class='ocrx_word' id='word_1_160' title='bbox 326 2295 459 2362; x_wconf 86' lang='lat' dir='ltr'><strong>vulnere</strong></span> <span class='ocrx_word' id='word_1_161' title='bbox 497 2296 675 2364; x_wconf 84' lang='lat' dir='ltr'><strong>Oommium</strong></span> <span class='ocrx_word' id='word_1_162' title='bbox 715 2296 890 2362; x_wconf 91' lang='lat' dir='ltr'><strong>credebant</strong></span> <span class='ocrx_word' id='word_1_163' title='bbox 925 2297 1090 2380; x_wconf 69' lang='lat' dir='ltr'><strong>affectum</strong></span> 
     </span>
     <span class='ocr_line' id='line_1_25' title="bbox 129 2377 1090 2470; baseline 0.002 -26"><span class='ocrx_word' id='word_1_164' title='bbox 129 2377 308 2464; x_wconf 75' lang='lat' dir='ltr'><strong>Gallorum,</strong></span> <span class='ocrx_word' id='word_1_165' title='bbox 342 2382 428 2468; x_wconf 92' lang='lat' dir='ltr'><strong>quod</strong></span> <span class='ocrx_word' id='word_1_166' title='bbox 449 2382 573 2447; x_wconf 85' lang='lat' dir='ltr'><strong>insidiis</strong></span> <span class='ocrx_word' id='word_1_167' title='bbox 596 2385 729 2470; x_wconf 83' lang='lat' dir='ltr'><strong>cognitis</strong></span> <span class='ocrx_word' id='word_1_168' title='bbox 750 2383 857 2469; x_wconf 90' lang='lat' dir='ltr'><strong>plura,</strong></span> <span class='ocrx_word' id='word_1_169' title='bbox 886 2403 982 2470; x_wconf 85' lang='lat' dir='ltr'><strong>quam</strong></span> <span class='ocrx_word' id='word_1_170' title='bbox 1002 2382 1090 2447; x_wconf 84' lang='lat' dir='ltr'><strong>vide·</strong></span> 
     </span>
     <span class='ocr_line' id='line_1_26' title="bbox 127 2461 1088 2549; baseline 0.005 -22"><span class='ocrx_word' id='word_1_171' title='bbox 127 2461 222 2549; x_wconf 86' lang='lat' dir='ltr'><strong>bant,</strong></span> <span class='ocrx_word' id='word_1_172' title='bbox 253 2466 512 2532; x_wconf 81' lang='lat' dir='ltr'><strong>extimescebam.</strong></span> <span class='ocrx_word' id='word_1_173' title='bbox 557 2465 628 2548; x_wconf 78' lang='lat' dir='ltr'><strong>Quo</strong></span> <span class='ocrx_word' id='word_1_174' title='bbox 650 2469 732 2533; x_wconf 83' lang='lat' dir='ltr'><strong>facto</strong></span> <span class='ocrx_word' id='word_1_175' title='bbox 755 2469 904 2533; x_wconf 86' lang='lat' dir='ltr'><strong>statuisse</strong></span> <span class='ocrx_word' id='word_1_176' title='bbox 926 2465 1088 2532; x_wconf 78' lang='lat' dir='ltr'><strong>Commius</strong></span> 
     </span>
     <span class='ocr_line' id='line_1_27' title="bbox 128 2549 1090 2654; baseline 0.002 -40"><span class='ocrx_word' id='word_1_177' title='bbox 128 2549 495 2654; x_wconf 24' lang='lat' dir='ltr'><strong>dicebaturnnumquam</strong></span> <span class='ocrx_word' id='word_1_178' title='bbox 522 2555 556 2618; x_wconf 89' lang='lat' dir='ltr'><strong>in</strong></span> <span class='ocrx_word' id='word_1_179' title='bbox 585 2563 790 2640; x_wconf 87' lang='lat' dir='ltr'><strong>conspectum</strong></span> <span class='ocrx_word' id='word_1_180' title='bbox 817 2555 1003 2640; x_wconf 87' lang='lat' dir='ltr'><strong>cuiusquam</strong></span> <span class='ocrx_word' id='word_1_181' title='bbox 1029 2552 1090 2616; x_wconf 88' lang='lat' dir='ltr'><strong>Ro·</strong></span> 
     </span>
     <span class='ocr_line' id='line_1_28' title="bbox 128 2657 359 2702; baseline 0.013 -3"><span class='ocrx_word' id='word_1_182' title='bbox 128 2657 221 2700; x_wconf 76' lang='lat' dir='ltr'><strong>mani</strong></span> <span class='ocrx_word' id='word_1_183' title='bbox 237 2659 359 2702; x_wconf 82' lang='lat' dir='ltr'><strong>venue.</strong></span> 
     </span>
    </p>

    <p class='ocr_par' dir='ltr' id='par_1_4' title="bbox 126 2720 1156 3580">
     <span class='ocr_line' id='line_1_29' title="bbox 192 2720 1091 2811; baseline 0.004 -27"><span class='ocrx_word' id='word_1_184' title='bbox 192 2720 243 2785; x_wconf 79' lang='lat'><strong>24.</strong></span> <span class='ocrx_word' id='word_1_185' title='bbox 265 2721 521 2789; x_wconf 85' lang='lat' dir='ltr'><strong>Bellicosissimis</strong></span> <span class='ocrx_word' id='word_1_186' title='bbox 536 2723 683 2810; x_wconf 87' lang='lat' dir='ltr'><strong>gentibus</strong></span> <span class='ocrx_word' id='word_1_187' title='bbox 700 2725 832 2810; x_wconf 85' lang='lat' dir='ltr'><strong>devictis</strong></span> <span class='ocrx_word' id='word_1_188' title='bbox 848 2723 977 2806; x_wconf 73' lang='lat' dir='ltr'><strong>Caesar,</strong></span> <span class='ocrx_word' id='word_1_189' title='bbox 994 2745 1091 2811; x_wconf 91' lang='lat' dir='ltr'><strong>quum</strong></span> 
     </span>
     <span class='ocr_line' id='line_1_30' title="bbox 126 2806 1091 2897; baseline 0.002 -27"><span class='ocrx_word' id='word_1_190' title='bbox 126 2806 251 2871; x_wconf 86' lang='lat' dir='ltr'><strong>videret</strong></span> <span class='ocrx_word' id='word_1_191' title='bbox 270 2808 392 2872; x_wconf 89' lang='lat' dir='ltr'><strong>nullam</strong></span> <span class='ocrx_word' id='word_1_192' title='bbox 413 2813 478 2874; x_wconf 84' lang='lat' dir='ltr'><strong>iam</strong></span> <span class='ocrx_word' id='word_1_193' title='bbox 500 2833 570 2874; x_wconf 88' lang='lat' dir='ltr'><strong>esse</strong></span> <span class='ocrx_word' id='word_1_194' title='bbox 591 2811 768 2892; x_wconf 79' lang='lat' dir='ltr'><strong>civitatem,</strong></span> <span class='ocrx_word' id='word_1_195' title='bbox 791 2832 873 2897; x_wconf 90' lang='lat' dir='ltr'><strong>quae</strong></span> <span class='ocrx_word' id='word_1_196' title='bbox 894 2808 1015 2874; x_wconf 89' lang='lat' dir='ltr'><strong>bellum</strong></span> <span class='ocrx_word' id='word_1_197' title='bbox 1036 2830 1091 2894; x_wconf 87' lang='lat' dir='ltr'><strong>pa·</strong></span> 
     </span>
     <span class='ocr_line' id='line_1_31' title="bbox 127 2893 1090 2982; baseline 0.001 -25"><span class='ocrx_word' id='word_1_198' title='bbox 127 2901 231 2976; x_wconf 79' lang='lat' dir='ltr'><strong>reret,</strong></span> <span class='ocrx_word' id='word_1_199' title='bbox 255 2917 317 2982; x_wconf 91' lang='lat' dir='ltr'><strong>quo</strong></span> <span class='ocrx_word' id='word_1_200' title='bbox 340 2895 400 2960; x_wconf 88' lang='lat' dir='ltr'><strong>sibi</strong></span> <span class='ocrx_word' id='word_1_201' title='bbox 421 2896 600 2978; x_wconf 87' lang='lat' dir='ltr'><strong>resisteret,</strong></span> <span class='ocrx_word' id='word_1_202' title='bbox 631 2895 689 2959; x_wconf 90' lang='lat' dir='ltr'><strong>sed</strong></span> <span class='ocrx_word' id='word_1_203' title='bbox 709 2894 878 2960; x_wconf 89' lang='lat' dir='ltr'><strong>nonnullos</strong></span> <span class='ocrx_word' id='word_1_204' title='bbox 901 2917 943 2958; x_wconf 88' lang='lat' dir='ltr'><strong>ex</strong></span> <span class='ocrx_word' id='word_1_205' title='bbox 965 2893 1090 2980; x_wconf 92' lang='lat' dir='ltr'><strong>oppidis</strong></span> 
     </span>
     <span class='ocr_line' id='line_1_32' title="bbox 128 2977 1091 3067; baseline 0.002 -25"><span class='ocrx_word' id='word_1_206' title='bbox 128 2977 321 3063; x_wconf 84' lang='lat' dir='ltr'><strong>demigrare,</strong></span> <span class='ocrx_word' id='word_1_207' title='bbox 345 3002 387 3044; x_wconf 85' lang='lat' dir='ltr'><strong>ex</strong></span> <span class='ocrx_word' id='word_1_208' title='bbox 408 2982 493 3065; x_wconf 84' lang='lat' dir='ltr'><strong>agris</strong></span> <span class='ocrx_word' id='word_1_209' title='bbox 516 2981 670 3067; x_wconf 86' lang='lat' dir='ltr'><strong>diffugere</strong></span> <span class='ocrx_word' id='word_1_210' title='bbox 692 2981 734 3044; x_wconf 85' lang='lat' dir='ltr'><strong>ad</strong></span> <span class='ocrx_word' id='word_1_211' title='bbox 754 3001 907 3066; x_wconf 87' lang='lat' dir='ltr'><strong>praesens</strong></span> <span class='ocrx_word' id='word_1_212' title='bbox 922 2980 1091 3065; x_wconf 85' lang='lat' dir='ltr'><strong>imperinm</strong></span> 
     </span>
     <span class='ocr_line' id='line_1_33' title="bbox 128 3063 1091 3152; baseline -0.003 -22"><span class='ocrx_word' id='word_1_213' title='bbox 128 3063 327 3147; x_wconf 86' lang='lat' dir='ltr'><strong>evitandum,</strong></span> <span class='ocrx_word' id='word_1_214' title='bbox 350 3065 458 3152; x_wconf 86' lang='lat' dir='ltr'><strong>plures</strong></span> <span class='ocrx_word' id='word_1_215' title='bbox 479 3066 513 3130; x_wconf 89' lang='lat' dir='ltr'><strong>in</strong></span> <span class='ocrx_word' id='word_1_216' title='bbox 534 3077 642 3152; x_wconf 85' lang='lat' dir='ltr'><strong>partes</strong></span> <span class='ocrx_word' id='word_1_217' title='bbox 657 3067 832 3130; x_wconf 87' lang='lat' dir='ltr'><strong>exercitum</strong></span> <span class='ocrx_word' id='word_1_218' title='bbox 846 3065 1003 3132; x_wconf 87' lang='lat' dir='ltr'><strong>dimittere</strong></span> <span class='ocrx_word' id='word_1_219' title='bbox 1018 3085 1091 3128; x_wconf 90' lang='lat' dir='ltr'><strong>con·</strong></span> 
     </span>
     <span class='ocr_line' id='line_1_34' title="bbox 128 3148 1156 3240; baseline -0.002 -24"><span class='ocrx_word' id='word_1_220' title='bbox 128 3151 237 3216; x_wconf 77' lang='lat' dir='ltr'><strong>stittrit.</strong></span> <span class='ocrx_word' id='word_1_221' title='bbox 280 3151 324 3213; x_wconf 91' lang='lat' dir='ltr'><strong>M.</strong></span> <span class='ocrx_word' id='word_1_222' title='bbox 352 3151 524 3216; x_wconf 88' lang='lat' dir='ltr'><strong>Antonium</strong></span> <span class='ocrx_word' id='word_1_223' title='bbox 554 3159 752 3240; x_wconf 84' lang='lat' dir='ltr'><strong>quaestorem</strong></span> <span class='ocrx_word' id='word_1_224' title='bbox 774 3173 846 3216; x_wconf 90' lang='lat' dir='ltr'><strong>oum</strong></span> <span class='ocrx_word' id='word_1_225' title='bbox 868 3150 994 3236; x_wconf 85' lang='lat' dir='ltr'><strong>legione</strong></span> <span class='ocrx_word' id='word_1_226' title='bbox 1015 3148 1091 3214; x_wconf 90' lang='lat' dir='ltr'><strong>duo·</strong></span> <span class='ocrx_word' id='word_1_227' title='bbox 1150 3153 1156 3171; x_wconf 89' lang='lat'>&#39;</span> 
     </span>
     <span class='ocr_line' id='line_1_35' title="bbox 129 3235 1090 3322; baseline -0.002 -22"><span class='ocrx_word' id='word_1_228' title='bbox 129 3236 253 3300; x_wconf 89' lang='lat' dir='ltr'><strong>decima</strong></span> <span class='ocrx_word' id='word_1_229' title='bbox 274 3236 335 3300; x_wconf 89' lang='lat' dir='ltr'><strong>sibi</strong></span> <span class='ocrx_word' id='word_1_230' title='bbox 357 3237 529 3320; x_wconf 81' lang='lat' dir='ltr'><strong>coniungit.</strong></span> <span class='ocrx_word' id='word_1_231' title='bbox 574 3235 610 3301; x_wconf 79' lang='lat' dir='ltr'><strong>O.</strong></span> <span class='ocrx_word' id='word_1_232' title='bbox 632 3236 768 3302; x_wconf 82' lang='lat' dir='ltr'><strong>Fabium</strong></span> <span class='ocrx_word' id='word_1_233' title='bbox 789 3237 930 3322; x_wconf 78' lang='lat' dir='ltr'><strong>legatum</strong></span> <span class='ocrx_word' id='word_1_234' title='bbox 951 3257 1024 3300; x_wconf 88' lang='lat' dir='ltr'><strong>oum</strong></span> <span class='ocrx_word' id='word_1_235' title='bbox 1039 3255 1090 3298; x_wconf 88' lang='lat' dir='ltr'><strong>co·</strong></span> 
     </span>
     <span class='ocr_line' id='line_1_36' title="bbox 128 3317 1089 3408; baseline -0.004 -23"><span class='ocrx_word' id='word_1_236' title='bbox 128 3319 272 3386; x_wconf 87' lang='lat' dir='ltr'><strong>hortibus</strong></span> <span class='ocrx_word' id='word_1_237' title='bbox 287 3328 366 3384; x_wconf 76' lang='lat' dir='ltr'><strong>XXV</strong></span> <span class='ocrx_word' id='word_1_238' title='bbox 380 3323 475 3386; x_wconf 84' lang='lat' dir='ltr'><strong>mittit</strong></span> <span class='ocrx_word' id='word_1_239' title='bbox 490 3325 523 3386; x_wconf 85' lang='lat' dir='ltr'><strong>in</strong></span> <span class='ocrx_word' id='word_1_240' title='bbox 545 3322 792 3388; x_wconf 87' lang='lat' dir='ltr'><strong>diversissimam</strong></span> <span class='ocrx_word' id='word_1_241' title='bbox 813 3330 935 3408; x_wconf 88' lang='lat' dir='ltr'><strong>partem</strong></span> <span class='ocrx_word' id='word_1_242' title='bbox 955 3317 1089 3402; x_wconf 78' lang='lat' dir='ltr'><strong>Galbae,</strong></span> 
     </span>
     <span class='ocr_line' id='line_1_37' title="bbox 129 3403 1092 3493; baseline -0.002 -23"><span class='ocrx_word' id='word_1_243' title='bbox 129 3407 215 3492; x_wconf 91' lang='lat' dir='ltr'><strong>quod</strong></span> <span class='ocrx_word' id='word_1_244' title='bbox 240 3407 285 3471; x_wconf 93' lang='lat' dir='ltr'><strong>ibi</strong></span> <span class='ocrx_word' id='word_1_245' title='bbox 311 3407 466 3493; x_wconf 86' lang='lat' dir='ltr'><strong>quasdam</strong></span> <span class='ocrx_word' id='word_1_246' title='bbox 495 3406 639 3473; x_wconf 84' lang='lat' dir='ltr'><strong>civitates</strong></span> <span class='ocrx_word' id='word_1_247' title='bbox 667 3408 702 3472; x_wconf 92' lang='lat' dir='ltr'><strong>in</strong></span> <span class='ocrx_word' id='word_1_248' title='bbox 730 3407 827 3472; x_wconf 83' lang='lat' dir='ltr'><strong>armis</strong></span> <span class='ocrx_word' id='word_1_249' title='bbox 849 3427 920 3471; x_wconf 87' lang='lat' dir='ltr'><strong>esse</strong></span> <span class='ocrx_word' id='word_1_250' title='bbox 942 3403 1092 3471; x_wconf 85' lang='lat' dir='ltr'><strong>audiebat</strong></span> 
     </span>
     <span class='ocr_line' id='line_1_38' title="bbox 128 3489 1091 3580; baseline -0.001 -25"><span class='ocrx_word' id='word_1_251' title='bbox 128 3513 233 3578; x_wconf 87' lang='lat' dir='ltr'><strong>neque</strong></span> <span class='ocrx_word' id='word_1_252' title='bbox 260 3491 296 3556; x_wconf 80' lang='lat'><strong>0.</strong></span> <span class='ocrx_word' id='word_1_253' title='bbox 328 3491 497 3560; x_wconf 80' lang='lat' dir='ltr'><strong>Caninium</strong></span> <span class='ocrx_word' id='word_1_254' title='bbox 523 3492 672 3558; x_wconf 86' lang='lat' dir='ltr'><strong>Rebilum</strong></span> <span class='ocrx_word' id='word_1_255' title='bbox 699 3492 852 3580; x_wconf 86' lang='lat' dir='ltr'><strong>legatum,</strong></span> <span class='ocrx_word' id='word_1_256' title='bbox 886 3491 940 3579; x_wconf 93' lang='lat' dir='ltr'><strong>qui</strong></span> <span class='ocrx_word' id='word_1_257' title='bbox 966 3492 1000 3557; x_wconf 92' lang='lat' dir='ltr'><strong>in</strong></span> <span class='ocrx_word' id='word_1_258' title='bbox 1027 3489 1091 3556; x_wconf 90' lang='lat' dir='ltr'><strong>illis</strong></span> 
     </span>
    </p>
   </div>
   <div class='ocr_carea' id='block_1_4' title="bbox 0 0 1272 3968">
    <p class='ocr_par' dir='ltr' id='par_1_5' title="bbox 0 0 1272 3968">
     <span class='ocr_line' id='line_1_39' title="bbox 0 0 1272 3968; baseline 0 0"><span class='ocrx_word' id='word_1_259' title='bbox 0 0 1272 3968; x_wconf 95' lang='lat' dir='ltr'><strong> </strong></span> 
     </span>
    </p>
   </div>
  </div>
 </body>
</html>
