2490 3974
207 228 271 294 252
470 227 600 292 BELLI
620 229 917 294 HISPANIENSIS

207 399 333 480 nostris,
369 401 415 462 uti
446 421 514 462 rem
546 409 668 484 gestam
696 399 973 466 Ursavonensibus
995 401 1195 480 referrent,

208 482 284 569 quid
306 493 471 568 sperarent
491 483 532 548 de
554 483 613 548 On.
635 485 797 571 Pompeio,
819 507 917 570 quum
938 486 1094 550 viderent
1125 485 1194 550 ho-

208 570 305 653 spites
326 567 471 652 iugulari,
503 569 788 653 praeterea-multa
816 569 938 636 scelera
957 568 998 634 ab
1020 571 1062 634 iis
1091 571 1191 650 fieri,

208 653 262 739 qui
283 653 432 738 praesidii
454 675 551 718 causa
571 654 612 718 ab
634 655 683 718 his
711 657 938 740 reciperentur.
976 653 1040 734 Qui
1078 678 1190 734 quum

207 737 249 802 ad
271 736 422 823 oppidum
442 741 614 822 venissent,
646 741 757 821 nostri,
791 741 846 826 qui
873 739 1006 806 fraissem
1038 741 1187 826 equites

206 821 342 886 Romani
363 832 395 886 et
416 834 586 906 senatores,
619 846 684 888 non
716 834 790 889 sunt
811 827 881 889 ausi
901 827 1029 892 introire
1051 826 1093 888 in
1120 848 1184 911 op·

207 906 327 992 pidum,
350 917 570 995 praeterquam
592 910 646 994 qui
668 910 735 974 eius
758 911 894 974 civitatis
909 910 1051 976 fluissent
1078 909 1182 988 Quo-

206 1014 279 1055 rum
300 1013 353 1056 res
377 995 462 1057 onsis
499 993 581 1060 ultro
617 994 759 1079 citroque
792 995 930 1080 acceptis
963 1005 995 1058 et
1026 995 1179 1059 redditis

229 1099 304 1140 uum
385 1089 509 1143 nostros
531 1100 567 1142 se
587 1080 774 1165 reciperent,
811 1081 868 1165 qui
899 1090 989 1144 extra
1009 1079 1179 1164 oppidum

205 1097 348 1243 inicam,
381 1162 428 1226 illi
449 1163 608 1249 praesidio
629 1165 763 1229 insecuti
784 1187 826 1229 ex
847 1166 1010 1229 aversione
1038 1163 1176 1249 legatos

205 1245 398 1331 iugularunt.
420 1247 495 1312 Duo
515 1249 685 1334 reliquiex
701 1249 920 1334 aufugerunt,
943 1249 1077 1314 Caesari
1094 1272 1174 1314 rem

204 1340 327 1414 gestam
360 1332 541 1398 detulerint
556 1380 687 1398 ......
714 1344 746 1399 et
772 1335 986 1420 speculatores
1008 1334 1050 1398 ad
1072 1336 1171 1420 oppi-
1227 1333 1228 1412 l

205 1413 280 1480 dum
302 1416 460 1503 Ateguam
492 1420 653 1484 miserunt.
687 1417 752 1498 Qui
772 1442 869 1506 quum
891 1429 1011 1484 certum
1033 1441 1168 1504 compe-

203 1500 320 1566 rissent
341 1501 372 1567 le
395 1512 519 1568 aterum
539 1525 694 1591 responsa
713 1505 759 1569 ita
780 1525 851 1568 esse
873 1518 973 1590 gesta,
1006 1503 1166 1590 quemad-

204 1584 332 1650 modum
353 1525 401 1652 illi
422 1587 612 1671 retulissent,
641 1587 683 1652 ab
706 1587 872 1675 oppidanis
894 1610 1053 1654 concursu
1073 1589 1164 1654 facto
1227 1613 1228 1618 ¹

205 1691 288 1752 enm,
321 1673 376 1756 qni
407 1671 529 1758 legatos
560 1675 573 1737 i
686 1684 743 1755 set,
776 1672 920 1759 lapidare
942 1683 974 1737 et
995 1674 1026 1738 ei
1046 1695 1163 1738 manus

203 1755 360 1822 intentare
383 1768 568 1843 coeperint:
593 1761 600 1774 '
629 1758 676 1822 'us
699 1780 798 1844 opera
819 1781 854 1823 se
875 1759 1007 1844 perisse.
1029 1758 1080 1821 Ita
1102 1759 1161 1822 vix

245 1840 345 1905 riculo
366 1841 518 1906 liberatus
540 1846 631 1929 petiit
653 1841 693 1906 ab
716 1842 894 1928 oppidanis,
926 1852 963 1908 ut
995 1843 1025 1908 ei
1046 1843 1160 1908 liceret
1227 1861 1228 1876 ³

203 1862 344 2009 ldgatum
357 1926 399 1991 ad
415 1926 586 1994 Caesarem
599 1928 775 2014 proficisci:
799 1927 896 1993 illiso
911 1928 1157 1992 satisfacturum.

202 2009 361 2076 Potestate
384 2011 459 2098 data
480 2035 577 2099 quum
598 2012 673 2078 inde
695 2022 780 2078 esset
799 2014 969 2099 profectus,
996 2013 1156 2099 praesidio

203 2107 393 2181 comparato,
426 2103 523 2184 quum
553 2097 636 2163 bene
658 2119 806 2184 magnam
827 2121 956 2163 manum
977 2098 1105 2162 fecisset
1127 2109 1156 2163 et

203 2189 358 2245 nocturno
391 2192 453 2246 tem
476 2204 531 2246 ore
566 2206 624 2269 per
655 2181 813 2248 fallaciam
831 2185 879 2246 .in
901 2183 1051 2269 oppidum
1074 2199 1155 2247 esset

203 2275 356 2350 receptus,
379 2205 604 2351 iugulationem
625 2289 772 2352 magnam
792 2267 868 2332 facit
888 2265 1153 2354 principibusque,

203 2350 257 2434 qui
280 2350 342 2414 sibi
374 2352 524 2416 contrarii
555 2351 698 2434 fuissent,
734 2352 907 2417 interfectis
944 2351 1093 2438 oppidum
1121 2351 1151 2414 in

202 2454 292 2497 marn
328 2446 512 2520 potestatem
549 2439 673 2523 recipit.
717 2437 788 2502 Hoc
815 2439 986 2522 praeterito
1013 2447 1150 2522 tempore

203 2519 287 2582 servi
308 2522 491 2607 transfugae
512 2523 737 2587 nuntiaverunt
758 2520 986 2608 oppidanorum
999 2520 1084 2586 bona
1097 2544 1147 2585 ve

202 2602 273 2667 nire
294 2626 396 2691 neque
419 2617 510 2672 extra
530 2606 650 2671 vallum
664 2607 761 2671 licere
777 2609 865 2672 exire
878 2607 942 2670 nisi
956 2607 1147 2686 discinctum,

201 2683 318 2754 idcirco
341 2690 433 2776 quod,
457 2713 498 2756 ex
520 2713 582 2777 quo
604 2691 656 2756 die
678 2691 828 2778 oppidum
851 2691 976 2778 Ategua
998 2701 1080 2756 esset
1100 2713 1146 2755 ca-

200 2781 297 2856 ptum,
320 2785 406 2840 metu
428 2777 615 2841 conterritos
638 2776 815 2863 complures
838 2775 1006 2862 profugere
1025 2777 1058 2840 in
1072 2775 1145 2839 Bae-

199 2858 313 2922 turiam
320 2882 329 2941 3
352 2881 455 2946 neque
476 2860 537 2926 sibi
558 2859 656 2925 ullam
678 2884 767 2962 spem
788 2862 938 2926 victoriae
959 2861 1144 2948 propositam

199 2939 326 3026 habere,
364 2955 395 3010 et
417 2947 519 3048 siqui
541 2967 583 3008 ex
604 2956 722 3010 nostru
750 2946 965 3031 transfugerit,
994 2947 1028 3009 in
1048 2945 1143 3010 levem

199 3037 390 3094 armaturam
406 3033 517 3096 conirci
533 3052 668 3118 cumque
683 3053 747 3097 non
762 3030 896 3117 amplius
908 3038 986 3094 xvu
997 3031 1141 3116 accipere.

262 3113 313 3177 23.
335 3113 409 3179 Inse
432 3117 519 3180 uenti
541 3127 603 3180 tem
628 3138 683 3180 ore
700 3114 819 3180 Caesar
834 3117 945 3181 castris
961 3126 1063 3180 castra
1076 3137 1140 3178 con·

198 3195 269 3260 tulit
291 3209 322 3264 et
344 3139 508 3264 bradlium
531 3199 573 3264 ad
617 3223 712 3264 umen
733 3199 859 3266 Salsum
889 3200 1005 3265 ducere
1037 3199 1139 3284 coepit.

197 3279 260 3346 Hic
282 3306 377 3369 quum
398 3285 432 3349 in
454 3308 549 3371 opere
571 3285 671 3349 nostri
693 3285 822 3350 distenti
836 3295 951 3368 essent,
975 3284 1138 3370 complures

198 3389 239 3430 ex
261 3370 422 3453 superiore
446 3369 515 3436 loco
537 3370 797 3435 adversariorum
818 3369 1065 3435 decucurrerunt
1084 3391 1137 3432 nec

197 3451 410 3518 detinentibus
443 3457 557 3520 nostris
591 3455 698 3520 multis
731 3453 801 3518 telis
823 3455 947 3520 iniectis
970 3454 1136 3540 complures
