2532 3968
215 225 295 292 xvr
364 179 368 190 ’
566 225 821 292 PRAEFATIO.

279 398 359 462 Item
389 419 415 463 c.
443 399 487 462 44
514 419 579 463 non
606 400 682 481 vidi,
712 419 768 462 cur
797 398 985 483 optimorum
1007 397 1161 463 librorum

213 485 407 568 scripturam
428 496 549 564 spectes
571 484 741 549 obiicerem
754 482 836 632 1§aaa
862 505 946 562 quem
969 490 1065 548 locum
1093 497 1162 549 tace

214 575 395 648 probandae
423 577 543 634 virtutis
571 568 727 655 spectas);
784 616 793 631 .
823 590 866 632 ex
887 589 950 632 uno
972 567 1162 634 deteriorum

213 653 360 718 codicum
382 667 525 735 expectas
546 657 675 742 recepit.

214 787 219 794 ·
281 763 317 828 O.
347 763 390 827 49
412 766 539 850 scripsi:
570 773 762 831 Haeserunt
787 781 905 830 armata
930 771 1055 831 circiter
1079 772 1162 829 aritia

218 853 279 913 LX
304 849 559 914 Fleckeisenium
592 860 718 916 secutus
750 849 830 914 Nov.
858 849 939 914 Mus.
967 848 1067 915 Rhen.
1089 848 1161 932 Vll,

213 933 237 997 2
258 957 289 1020 p.
312 935 383 997 280.
406 935 616 1021 Nipperdeius
638 936 802 1022 vulgatum
823 943 880 1000 ttae
902 935 1009 1000 edidit.
1076 983 1079 990 Δ

214 1043 218 1050 ’
279 1041 360 1110 LlB.
383 1044 437 1127 Vl,
461 1069 487 1109 c.
513 1047 551 1110 12
567 1045 660 1128 edidi,
682 1048 770 1124 utin
786 1047 909 1131 optimis
928 1046 1015 1112 libris
1030 1046 1160 1132 legitur:

215 1138 329 1193 auxilii
350 1137 475 1211 petendi
504 1153 600 1198 causa
634 1137 757 1198 Romam
786 1140 827 1196 ad
847 1148 981 1197 renatam
1000 1135 1161 1214 profectas

215 1222 391 1294 imperfecte
416 1239 450 1280 re
477 1223 619 1282 redierat.
663 1217 701 1280 N.
743 1240 783 1281 ex
810 1219 919 1301 paucis
954 1214 1161 1281 deterioribus

212 1297 378 1373 codicibus
401 1308 513 1381 insecta
532 1326 566 1367 re
588 1303 720 1388 scripsit.
764 1301 814 1366 De
836 1303 998 1388 utriusque
1020 1301 1161 1369 lectionis

216 1384 392 1450 differentia
411 1397 560 1471 quantum
576 1390 651 1452 satis
673 1387 883 1452 Schneiderus
895 1387 1043 1452 disseruit
1056 1388 1089 1450 in
1107 1407 1161 1458 aa·

215 1471 374 1535 notatione
400 1472 441 1538 od
465 1473 495 1538 h.
522 1473 542 1564 l

211 1619 213 1624 -
281 1571 317 1637 O.
342 1575 380 1638 17
396 1574 434 1638 N.
452 1577 593 1660 scripsit:
615 1582 694 1641 Huic
709 1575 767 1661 (sc.
784 1575 893 1662 Marti)
906 1597 971 1640 cum
980 1582 1102 1656 proelio
1114 1579 1161 1638 di·

215 1664 331 1723 micare
354 1667 580 1736 coastitaeraat,
605 1683 650 1738 ea,
671 1684 747 1740 qaae
770 1668 845 1728 betto
868 1669 1012 1742 ceperint,
1025 1667 1160 1740 pteram·

208 1765 275 1822 aaa
297 1751 460 1810 amovent:
487 1769 592 1824 qaam
617 1759 873 1826 superaverant,
896 1753 1040 1810 animalia
1069 1755 1161 1824 capta
1250 1797 1251 1806 ,

216 1835 368 1894 tmmotaat
394 1838 587 1912 reliquasque
623 1854 674 1897 res
700 1840 731 1896 in
753 1855 843 1898 anam
868 1840 965 1898 locam
990 1836 1160 1910 conferant.

206 1912 307 1978 Libri
328 1914 467 1986 habent:
499 1938 576 1996 auae
610 1925 828 1998 superaverint,
859 1940 956 2004 quaml
974 1917 1161 2002 scripturam

216 2001 345 2084 propius
374 2002 500 2087 assequi
526 2003 603 2069 mihi
634 2005 720 2067 visus
743 2026 813 2066 sum
834 2002 997 2073 exarando
1020 2009 1084 2080 qai
1107 2023 1158 2064 sa-

216 2093 420 2163 perorarent,
443 2096 538 2173 atque
559 2089 604 2152 ita
625 2089 795 2173 significari
816 2097 891 2172 puto
912 2097 1034 2172 partem
1056 2086 1160 2148 victri-

205 2190 296 2232 cem.
319 2169 427 2234 Facile
450 2173 533 2236 enim
555 2172 738 2257 intelligitur
756 2196 819 2237 non
840 2174 902 2236 nisi
923 2183 1055 2258 partem,
1079 2191 1160 2256 quae

216 2253 352 2317 victoria
384 2267 543 2342 reportata
571 2261 652 2322 votis
675 2258 824 2322 damnato
846 2266 937 2339 esset,
960 2255 1159 2321 immolandis

217 2338 405 2404 animalibus
428 2345 527 2427 captis
549 2353 623 2408 vota
643 2342 739 2406 Marti
761 2343 900 2406 solvisse.

207 2485 211 2493 -
284 2441 319 2505 O.
336 2445 377 2508 24
400 2467 437 2509 eo
460 2466 539 2530 quae
561 2444 770 2529 Nipperdeius
786 2444 888 2506 dedit:
911 2449 998 2508 Naar
1014 2448 1159 2520 quidem

218 2532 249 2588 ia
274 2536 375 2595 eadam
393 2539 506 2611 inopia,
531 2543 661 2607 egestate
678 2537 900 2609 patientiaque
924 2534 1065 2592 Germani
1084 2547 1159 2606 per-

215 2628 477 2700 raaaerrt,.neque
504 2635 545 2677 ex
572 2613 661 2677 libris
683 2614 758 2676 satis
779 2613 952 2694 firmantur,
977 2612 1071 2697 (aare
1094 2617 1159 2688 qai-

219 2701 284 2763 dem
305 2724 368 2766 non
397 2701 459 2763 nisi
487 2699 571 2783 opud
596 2699 777 2762 Aimoinum
800 2707 832 2761 et
852 2699 884 2762 in
905 2697 1031 2760 Dukeri
1053 2695 1161 2760 codice

215 2788 294 2849 satis
327 2786 446 2849 recenti
471 2784 644 2866 invenitur3
676 2783 790 2869 reliqui
811 2782 883 2848 libri
904 2805 978 2846 mss.
1009 2780 1161 2846 fluctuant

216 2867 300 2935 inter
331 2891 411 2934 aare
448 2876 541 2949 qaod,
575 2891 657 2933 nanc
682 2877 837 2950 quoniam,
870 2890 1024 2951 rtaneqae3
1053 2876 1161 2931 contra

216 2949 316 3019 altero
339 2954 407 3019 loco
434 2975 541 3018 omnes
570 2963 675 3018 textus
697 2954 798 3019 fontes
821 2955 916 3017 etiam
937 2953 1101 3017 Aimoinus
1127 2953 1162 3016 in

214 3043 372 3124 scriptura
381 3048 531 3119 patientia
549 3063 608 3118 aaa
624 3041 843 3121 consentiunt),
858 3061 970 3125 neque,
982 3048 1017 3102 ut
1032 3037 1161 3102 Schnei-

214 3127 312 3190 derus
345 3124 503 3190 luculente
535 3125 653 3206 docuit,
684 3148 725 3189 ex
752 3149 787 3190 re
810 3127 831 3188 -i
854 3148 890 3189 sa
916 3125 992 3188 ferri
1020 3130 1160 3209 possunt,

215 3233 312 3297 quum
336 3209 376 3273 ad
391 3210 505 3275 Volcas
527 3211 717 3295 Tectosages
735 3233 798 3275 non
814 3147 854 3274 od
873 3210 1047 3274 Germanos
1062 3205 1161 3271 verbe

216 3296 393 3359 referantur
412 3318 544 3360 necesse
559 3298 607 3360 sit
638 3295 744 3375 Quare
758 3295 919 3382 vulgatam
933 3294 1099 3359 lectionem
1112 3314 1161 3355 re-

214 3381 317 3442 stitui:
354 3386 440 3446 litae
477 3403 595 3460 atroque
618 3390 649 3445 ia
675 3389 776 3446 cadem
798 3389 912 3462 inopia,
941 3393 1079 3459 apostate,
1103 3399 1162 3457 pa·

214 3471 328 3538 dicatio,
355 3487 425 3543 aaa
459 3473 599 3532 Germani
619 3479 807 3549 permearat.
1086 3491 1088 3494 ·
