2532 3968
217 261 328 329 XXIV
566 263 823 331 PRAEFATIO.

218 435 260 500 ad
294 447 407 502 rectam
445 434 602 515 rectorem
635 437 825 520 referamus,
867 438 1040 524 speciosius
1077 460 1174 560 poam

216 521 325 586 verius
351 521 469 586 dictum
498 524 549 586 sit
587 521 645 604 ,Ne
675 532 782 586 rectae
809 523 935 609 quidem
961 524 1086 608 regioni
1125 525 1174 588 in-

217 608 300 693 quit,
329 605 460 693 ,aliquid
482 608 629 673 circuitus
650 607 803 674 secedere
830 617 949 693 potest,
980 630 1053 672 cum
1073 610 1174 694 regio,

216 714 299 777 quae
328 701 377 756 est
404 691 489 758 lines
517 701 622 758 mente
649 693 731 756 inter
759 693 838 757 duas
866 715 918 758 res
947 692 1056 776 ducta,
1083 693 1175 757 nulls

216 779 317 862 possit
331 779 463 842 circuitu
478 777 571 842 ducta
584 777 748 864 intellegi‘
779 778 823 842 At
843 787 983 843 rectae
1011 780 1173 865 regioni

217 862 445 927 anfractum
465 864 757 928 intercessisse
778 862 897 928 Cacsar
911 873 1020 949 aperte
1035 865 1172 950 scripsit,

215 969 291 1011 nam
311 948 497 1032 anfractum,
528 969 590 1036 quo
611 949 737 1013 nonnisi
759 957 847 1013 certa
868 947 1023 1035 quaedam
1048 950 1173 1013 itineris

215 1033 296 1096 ratio
319 1033 520 1118 significatur,
543 1055 607 1098 non
627 1036 710 1099 inter
729 1055 855 1098 murum
876 1043 909 1098 ct
921 1033 1094 1119 planitiem,
1112 1033 1171 1098 sed

214 1126 321 1182 rectae
343 1120 464 1183 itineris
485 1120 609 1204 regioni
626 1120 843 1184 intercessisse
858 1119 1089 1205 apertissimum
1110 1129 1169 1184 est.

216 1200 323 1281 Quum
337 1213 441 1269 autem
456 1206 662 1270 anfractus
676 1203 842 1270 intercedit
855 1212 986 1268 rectae
999 1205 1168 1288 regioni,

215 1288 417 1354 circuitus
445 1290 624 1374 accedit3
656 1301 751 1377 atquc
779 1291 825 1353 ita
851 1311 916 1354 non
941 1311 993 1352 am
1015 1288 1076 1352 lius
1099 1311 1172 1354 esse

214 1382 335 1459 potest,
379 1376 524 1439 uominus
546 1382 617 1440 huic
639 1375 681 1440 ad
701 1388 785 1440 recto
806 1381 932 1452 rectore
952 1311 1116 1439 reldratur.

281 1457 317 1522 O.
339 1397 380 1529 4l
413 1459 624 1546 Nipperdeius
653 1459 766 1526 edidit:
805 1465 1056 1534 Contemnunt,
1089 1465 1174 1538 quod

216 1550 318 1608 aneae
328 1558 547 1626 proposuerat,
572 1553 685 1611 Caesar
699 1553 836 1626 receptui
850 1553 922 1610 coni
943 1551 1034 1609 iussit
1052 1550 1171 1623 leuio-

216 1636 332 1708 as'qac
375 1637 565 1705 decimae,
610 1653 736 1710 quacum
774 1642 863 1705 erat,
911 1637 1172 1695 contionatus

216 1722 330 1793 siena
359 1723 581 1781 constituit.
624 1716 807 1799 Assentior,
845 1715 929 1803 quod
964 1737 1005 1780 ex
1037 1714 1171 1802 integris

216 1799 377 1866 codicibus
393 1808 566 1881 lectamque
588 1809 719 1867 decimae
741 1811 773 1866 et
791 1808 947 1866 constiutit
966 1822 1025 1886 pro
1040 1799 1171 1886 vulgato

216 1893 405 1965 tociensque
433 1893 564 1952 decimae
600 1895 632 1952 et
661 1895 824 1952 corsstitcre
850 1887 984 1970 recepit3
1018 1884 1171 1950 dissentio

215 1969 256 2034 ab
276 1993 335 2052 eo,
365 1971 449 2057 quod
476 1980 671 2040 contionatus
697 1973 838 2058 scripsit,
876 1992 972 2057 quum
1001 1978 1172 2056 antequem

216 2056 308 2140 signa
323 2059 491 2121 constituta
506 2067 621 2140 essent,
638 2056 810 2123 Gaesarem
826 2058 1009 2121 concionem
1020 2054 1172 2122 habuisse

214 2140 302 2205 nullo
336 2150 430 2226 pacto
463 2143 635 2209 verisimile
663 2142 819 2208 videatur.
865 2141 976 2226 Neque
1011 2148 1046 2204 ut
1074 2139 1172 2226 vulgo

215 2225 317 2290 verba
346 2227 579 2313 coniunguntur
607 2249 734 2308 quocum
763 2241 830 2292 erat
851 2235 1067 2301 concionatur,
1094 2225 1173 2289 ferri

215 2321 363 2396 possunt,
401 2335 497 2398 quum
534 2323 566 2379 et
600 2313 840 2399 praepositionis
862 2313 948 2376 ¹usus
984 2309 1172 2376 insolentior

214 2395 370 2479 videatur,
399 2419 503 2485 neque
529 2421 588 2484 per
617 2405 815 2463 concionatus
843 2419 881 2460 ea
906 2396 1078 2480 significari
1098 2417 1171 2481 pos-

216 2483 294 2564 sint,
346 2503 406 2548 use
429 2493 523 2549 antea
550 2506 577 2548 c.
599 2483 643 2546 45
670 2483 797 2546 nonnisi
818 2504 889 2546 cum
916 2479 1028 2566 legatis
1050 2490 1171 2565 egerat.

215 2565 258 2630 Et
278 2505 414 2633 utlsaec
436 2567 466 2632 le
489 2570 547 2632 atis
570 2591 589 2632 a
611 2567 751 2633 Caesare
779 2569 813 2630 in
835 2566 987 2630 concione
1008 2587 1065 2649 pro
1089 2568 1173 2629 osita

216 2653 294 2735 sint,
325 2653 408 2738 quod
437 2653 479 2718 Sc
524 2653 648 2718 ciderus
670 2653 791 2716 acutius
819 2652 1011 2736 suspicatur,
1037 2587 1172 2716 aderaut

215 2748 291 2802 tunc
302 2748 387 2803 certe
395 2748 524 2886 praeter
545 2737 699 2802 decimam
714 2736 855 2838 reliquae
871 2758 996 2821 quoquc
1017 2735 1170 2820 legiones,

217 2846 297 2910 quac
320 2823 393 2887 dein
417 2845 435 2886 e
457 2823 547 2908 signo
563 2822 636 2888 dato
652 2821 846 2908 Gergoviam
860 2831 1000 2886 montem
1020 2821 1171 2886 ascende·
1246 2899 1247 2902 Ἴ

216 2917 299 2988 runt,
323 2909 367 2971 ita
388 2918 423 2971 ut
444 2907 528 2994 apud
551 2907 705 2973 decimam
726 2918 847 2972 tautum
869 2905 1027 2991 legionem
1050 2904 1171 2971 Caesar

217 2995 420 3058 concionatus
443 3015 513 3060 esse
528 2994 592 3058 dici
607 3016 647 3058 ne
670 3003 752 3058 ucat.
774 2991 953 3078 Explicatis
968 3000 1083 3073 autem,
1107 3014 1171 3076 qua

217 3081 312 3144 etiam
340 3076 415 3144 huic
443 3078 620 3144 difficultati
649 3017 862 3144 dchnciderus
885 3098 1050 3144 occurrere
1071 3099 1168 3162 posse

215 3164 363 3251 putabat,
395 3187 491 3250 quum
520 3163 654 3232 diceret:
683 3164 762 3247 ,lam
793 3165 824 3230 h.
846 3163 867 3228 l.
891 3163 1044 3229 disertum
1066 3162 1168 3248 ipsius

216 3251 430 3314 testimonium
456 3249 608 3316 habemus
636 3259 668 3314 ct
696 3248 790 3314 simul
817 3249 973 3313 decimam
1008 3247 1168 3332 legionem

215 3335 250 3398 in
264 3334 320 3398 illa
338 3337 488 3401 concione
503 3337 681 3422 proximum
696 3357 716 3400 a
731 3343 882 3421 suggestu
903 3334 1007 3398 locum
1029 3333 1169 3400 tenuisse

216 3421 405 3504 accipimus,
429 3442 492 3508 qua
518 3443 554 3485 re
575 3420 646 3485 fieri
667 3429 822 3506 potuerat,
850 3428 885 3484 ut
912 3428 944 3483 et
973 3417 1097 3482 facilius
1126 3417 1168 3483 ab

216 3501 259 3565 iis
286 3504 448 3572 audiretur
477 3515 508 3571 et
534 3507 710 3594 promptius
739 3527 794 3571 eos
822 3503 905 3570 dicto
927 3503 1091 3569 audientes
1113 3503 1169 3568 hs·
