2562 3970
200 233 241 296 26
487 231 550 295 DE
571 231 714 295 BELLO
739 228 872 294 CIVILI

200 403 418 489 occupandum
445 403 550 468 locum
577 405 751 466 mittuntur.
790 399 998 465 contenditur
1028 397 1160 486 proelio,

199 499 231 552 et
254 489 339 575 quod
360 490 447 574 prius
470 491 502 552 in
518 488 674 552 tumulum
689 487 856 550 Afraniani
870 494 1034 567 venerant,
1057 485 1159 548 nostri

198 574 393 659 repelluntur
415 584 509 661 atque
532 573 601 637 aliis
624 573 788 637 submissis
811 571 959 635 subsidiis
985 581 1075 654 terga
1088 591 1160 634 ver-

200 670 268 724 tere
292 681 390 745 seque
413 659 453 724 ad
475 661 567 744 signa
588 659 748 744 legionum
769 660 912 742 recipere
935 667 1099 740 coguntur.

263 745 314 808 44.
339 745 448 809 (lenus
460 755 528 809 erat
538 767 664 830 pugnae
679 743 814 806 militum
835 742 970 824 illorum,
993 753 1028 805 ut
1042 762 1159 826 magno

198 831 241 892 im
265 840 318 894 etri
339 832 441 916 primo
463 840 691 915 procurrerent,
715 828 866 892 audacter
879 828 982 892 locum
997 835 1159 912 caperent,

199 853 326 980 ordines
350 937 422 981 suos
444 939 508 981 non
530 937 724 1000 magnopere
747 922 923 993 servarent,
952 915 1017 976 rari
1039 913 1159 996 disper-

199 1001 288 1086 sique
310 1011 504 1086 pugnarent;
539 1004 565 1064 si
587 1010 814 1087 premerentur,
847 998 962 1084 pedem
984 998 1102 1062 referre
1126 1005 1160 1061 et

198 1084 268 1150 loco
292 1087 447 1152 excedere
470 1109 534 1150 non
556 1097 647 1172 turpe
671 1087 888 1150 existimarent
910 1106 982 1147 oum
996 1083 1158 1146 Lusitanis

197 1170 392 1257 reliquisque
423 1171 568 1236 barbaris
601 1193 717 1256 genere
745 1170 881 1256 quodam
903 1192 1037 1254 pugnae
1051 1189 1157 1232 assue-

197 1256 289 1339 facti3
312 1257 396 1342 quod
417 1258 483 1321 fere
505 1257 549 1339 fit,
584 1256 698 1345 quibus
733 1259 866 1344 quisque
899 1257 933 1318 in
962 1256 1040 1320 locis
1063 1253 1155 1318 miles

196 1342 431 1423 inveteraverit,
464 1353 499 1406 ut
527 1343 658 1407 multum
688 1364 795 1408 earum
827 1341 992 1426 regionum
1025 1361 1155 1404 consue·

196 1426 306 1494 tudine
329 1438 502 1493 moveatur.
536 1429 626 1493 Haec
654 1438 721 1492 tum
743 1431 821 1493 ratio
843 1437 969 1492 nostros
992 1425 1155 1512 perturba·

196 1514 243 1576 vit
263 1514 404 1579 insuetos
427 1513 519 1579 huius
542 1517 667 1600 generis
700 1537 841 1600 pugnae:
876 1513 1037 1578 circumiri
1069 1513 1155 1575 enim

197 1619 268 1662 sese
291 1598 331 1662 ab
355 1609 464 1686 aperto
497 1600 595 1664 latere
626 1599 885 1685 procurrentibus
916 1597 1048 1684 singulis
1071 1597 1154 1660 arbi·

195 1683 375 1767 trabeatum
398 1686 409 1748 i
433 1689 459 1750 si
481 1696 585 1750 autem
608 1707 681 1749 suos
703 1686 829 1764 ordines
846 1705 1029 1750 servarene
1051 1705 1092 1747 uc
1112 1682 1154 1746 ab

196 1771 295 1854 signis
318 1709 482 1836 discedere
503 1793 607 1856 neque
630 1773 698 1834 sine
721 1774 811 1858 gravi
833 1792 930 1834 causa
945 1793 1017 1834 eum
1031 1707 1153 1850 locum,

196 1878 290 1942 quem
313 1866 474 1941 ceperant,
498 1857 612 1940 dimitti
635 1865 826 1921 consuerant
853 1865 1009 1941 oportere.
1042 1853 1154 1938 Itaque

194 1941 386 2026 perturbatis
409 1943 626 2027 antesignanis
649 1943 741 2028 legio,
765 1963 846 2028 quae
868 1944 902 2004 in
917 1963 955 2005 eo
970 1961 1153 2004 comucon·

196 2028 326 2110 stiterat,
350 2027 454 2093 locum
475 2051 540 2092 non
561 2029 661 2092 tenuit
682 2038 775 2112 atque
798 2031 831 2091 in
846 2030 1025 2112 proximum
1040 2024 1153 2090 collem

196 2133 267 2176 sese
289 2115 417 2200 recepit.

259 2199 310 2262 45.
324 2198 445 2263 Caesar
455 2221 556 2285 paene
569 2201 653 2262 omni
668 2200 735 2264 acie
744 2200 919 2284 perterrita,
933 2195 1017 2283 quod
1025 2204 1153 2282 praeter

195 2285 374 2368 opinionem
407 2285 730 2372 consuetudinemque
764 2284 931 2364 acciderat,
971 2282 1151 2346 cohortatus

195 2390 268 2432 suos
291 2368 449 2454 legionem
471 2393 588 2436 nonam
611 2371 752 2435 subsidio
775 2370 877 2452 ducit,
912 2370 1035 2433 hostem
1067 2369 1151 2431 inso

194 2452 296 2532 lenter
319 2466 413 2541 atque
436 2459 550 2520 acriter
577 2467 702 2521 nostros
735 2457 954 2541 insequentem
988 2477 1025 2517 su
1047 2454 1153 2538 primit

193 2561 367 2626 rursusque
399 2551 489 2628 terga
509 2552 638 2607 vertere
660 2563 756 2628 seque
779 2541 820 2605 ad
842 2540 993 2626 oppidum
1043 2538 1150 2603 erdam

193 2626 334 2710 recipere
357 2638 389 2690 et
411 2628 469 2691 sub
492 2651 582 2692 muro
616 2629 789 2691 consistere
822 2629 914 2712 cogit.
952 2623 1017 2689 Sed
1047 2645 1151 2688 nonae

193 2708 327 2796 legionis
349 2712 463 2777 milites
487 2713 560 2776 elati
583 2714 695 2796 studio,
730 2713 803 2776 dum
838 2712 954 2776 sarcire
987 2719 1177 2794 acceptum-

193 2795 415 2862 detrimentum
435 2799 555 2881 volunt,
588 2796 706 2863 temere
728 2799 863 2863 insecuti
884 2797 1009 2881 longius
1031 2796 1151 2879 fugien-

191 2890 240 2946 tes
261 2884 296 2946 in
317 2883 421 2948 locum
442 2886 584 2970 iniquum
605 2884 852 2970 progrediuntur
874 2892 905 2946 et
920 2882 978 2945 sub
1001 2890 1148 2962 montem,

191 2968 225 3031 in
255 2991 317 3054 quo
351 2979 418 3034 erat
454 2971 603 3056 oppidum
639 2972 776 3056 positum
791 2989 794 3002 ¹
811 2969 926 3050 llerda,
965 2965 1147 3031 succedunt.

191 3053 275 3118 Hine
298 3077 333 3119 se
354 3057 496 3141 recipere
520 3079 615 3143 quum
636 3055 765 3136 vellent,
798 3077 907 3119 rursus
940 3053 988 3117 illi
1015 3075 1056 3117 ex
1078 3051 1148 3118 loco

191 3141 353 3225 superiore
375 3150 499 3205 nostros
521 3141 717 3226 premebant.
740 3142 934 3226 Praeruptus
956 3140 1044 3205 locus
1067 3148 1148 3222 erat,

190 3233 261 3288 utra
283 3249 323 3291 ue
351 3237 503 3312 exparte
525 3226 663 3290 directus
686 3249 723 3291 ac
744 3235 866 3290 tantum
888 3228 922 3290 in
949 3225 1150 3292 latitudinem

190 3249 328 3395 praelat,
362 3321 397 3376 ut
418 3323 482 3376 tres
504 3313 676 3377 instructae
699 3313 842 3378 cohortes
866 3333 938 3376 eum
964 3311 1068 3376 locum
1092 3333 1148 3376 ex-

190 3393 323 3480 plerent,
367 3407 402 3462 ut
432 3419 536 3546 neque
569 3397 710 3462 subsidia
743 3397 783 3462 ab
817 3397 969 3462 lateribus
1004 3396 1147 3462 submitti

190 3500 292 3564 neque
326 3484 446 3567 equites
491 3483 695 3546 aborantibus
728 3485 798 3546 usui
822 3505 892 3547 esse
914 3492 1054 3568 possent.
1092 3483 1146 3547 Ab
