2562 3970
388 248 524 322 OOMM.
546 260 562 322 1
586 259 679 324 OAP.
702 259 839 322 58-61.
1054 261 1094 351 till

129 431 189 509 tle,¹
206 437 244 502 ut
262 426 401 506 celerem
429 439 593 516 receptum
614 428 786 510 haberent,
809 429 973 514 augustius
994 429 1093 514 pabu-

127 513 286 594 ,lebamus
310 514 388 578 alias
410 515 554 600 longiore
584 513 716 580 circuitu
743 513 901 585 custodias
930 515 1093 591 stationes·

129 610 195 686 q'ue
214 600 356 683 equitum
382 598 535 682 vitabant,
565 608 619 678 aut
649 598 754 683 aliquo
773 607 903 683 accepto
925 599 1093 680 detrimen-

112 729 117 756 ,-
128 695 171 756 to=
182 693 237 756 aut
257 683 367 768 procul
383 687 526 770 equitatu
540 686 609 748 viso
633 706 675 748 ex
689 684 794 749 medio
817 685 929 766 itinere
943 685 1093 770 proiectis
1106 753 1109 759 ,

113 771 262 844 ‚sarcinis
290 769 465 854 fugiebant.
494 769 659 834 Postremo
690 777 732 844 et
749 768 856 854 plures
885 769 1093 843 intermittere

62 861 66 866 ’
128 856 258 926 dieser
284 863 411 938 praeter
440 855 702 919 consuetudinem
728 855 869 918 omnium
897 865 1002 920 noctu⁴
1020 877 1092 928 eon-

114 940 296 1012 „stituersnt
321 938 477 1024 pabulari.
694 987 697 992 ·
882 949 885 956 ’
948 986 953 1000 .,
1028 977 1030 982 -

129 1046 171 1092 ι··’«
191 1025 241 1088 60.
265 1023 395 1089 Interim
418 1025 577 1088 Oscenses
601 1033 632 1088 et
659 1023 903 1108 Calagurritani,
927 1025 1093 1110 quierant

126 1132 200 1182 cum
222 1109 417 1181 Oscensibus
447 1110 625 1191 contributi,
656 1111 783 1174 mittunt
810 1110 849 1174 ad
877 1133 949 1175 eum
971 1110 1092 1195 legatos

126 1208 269 1280 seseque
281 1195 324 1260 im
349 1205 437 1262 erata
453 1196 597 1274 'facturos
626 1193 826 1280 pollicentur.
849 1194 918 1260 Hos
940 1195 1092 1278 Tarraco

124 1301 241 1352 nenses
265 1289 298 1345 et
317 1219 460 1344 bactani
477 1289 515 1352 ¹et
529 1281 684 1343 Ausetani
707 1289 741 1342 et
759 1281 870 1365 paucis
892 1290 964 1380 post
979 1279 1091 1344 diebus

108 1407 112 1432 ,¹
125 1365 414 1448 Illurgavonenses,
438 1367 492 1449 qui
519 1365 638 1428 flumen
651 1414 652 1420 .
665 1364 822 1430 Hiberum
851 1374 1028 1448 attingunt,
1045 1367 1091 1428 in*

111 1458 309 1534 sequuntur.
332 1450 417 1524 Petit
439 1449 479 1514 ab
501 1449 551 1514 his
573 1449 730 1532 omnibus,
752 1461 844 1514 utse
857 1449 1033 1515 frumento.
1046 1452 1091 1512 iu·

107 1535 426 1608 ‚rent..=Polli,centrm
448 1544 550 1620 atque
570 1534 717 1600 omnibus
744 1535 884 1621 undique
907 1536 1091 1622 conquisitis

29 1669 35 1680 .
124 1621 273 1692 iumentis
290 1621 336 1692 ,in
365 1629 470 1687 castra
497 1620 672 1703 deportant.
689 1620 831 1684 ¹Transit
860 1621 954 1684 etiam
978 1619 1091 1686 cohors

124 1704 395 1788 Illurgavonensis
418 1705 553 1770 adeum
577 1706 868 1788 cognitocivitatis
899 1705 1029 1806 cqnsilio
1060 1718 1091 1768 et

125 1789 217 1872 signa
228 1811 269 1852 ex
281 1793 415 1857 statione
430 1791 588 1854 transfert.
600 1789 721 1874 Magna
731 1790 1090 1873 celeriterccmmutatio

124 1895 239 1960 rerum.
269 1875 413 1941 Perfecto
443 1888 547 1960 ponte,
562 1915 565 1936 ‹
582 1877 705 1958 magnis
736 1879 876 1962 quinque
891 1933 892 1936 ,
910 1875 1090 1962 civitatibus

110 1958 166 2038 ¹ad
189 1959 357 2024 amicitiam
380 1961 546 2042 adiunctis,
559 1960 720 2048 expedita
740 1979 779 2026 re
797 1963 1017 2044 frumentaria,
1036 1983 1089 2036 ex-

123 2045 245 2106 stinctis
275 2047 452 2110 rumoribus
484 2045 524 2109 de
543 2046 680 2112 ,auxiliis
710 2046 880 2132 legionum,
909 2069 990 2134 quae
1018 2069 1098 2120 etun.

121 2129 275 2212 Pompeio
296 2151 354 2214 per
376 2132 600 2201 Mauritaniam
618 2133 949 2215 veniredicebantur,
973 2132 1090 2196 multae

122 2213 359 2299 longinquiores
383 2219 526 2282 civitates
550 2218 591 2281 ab
605 2219 740 2282 Afranio
751 2218 935 2294 desciscunt
957 2227 989 2282 ct
1009 2217 1089 2298 an-

123 2301 203 2368 saris
219 2301 396 2376 amicitiam
419 2312 603 2388 sequuntur.
822 2328 825 2334 ’
1061 2326 1066 2336 “
1131 2318 1134 2323 ’

140 2418 143 2424 -
166 2427 169 2444 -.
187 2385 238 2448 61.
261 2385 386 2463 Quibus
401 2388 498 2452 rebus
513 2390 690 2472 perterritis
703 2389 816 2454 animis
834 2389 1089 2452 adversariorum

123 2469 259 2552 caesar,
277 2493 318 2534 ne
342 2493 468 2556 semper
483 2495 600 2560 magno
623 2473 757 2537 circuitu
779 2495 836 2558 per
857 2483 986 2558 pontem
1003 2476 1089 2557 equi·

121 2563 205 2620 tatus
228 2566 314 2621 esset
339 2558 521 2639 mittendus,
552 2569 664 2622 nactus
691 2557 840 2623 idoneum
862 2559 967 2622 locum
988 2558 1089 2622 fossas

120 2640 238 2724 pedum
270 2648 350 2704 XXX
379 2643 425 2704 in.
442 2643 642 2708 latitudinem
671 2643 859 2729 complures
872 2645 979 2706 facere
996 2644 1088 2706 insti-

120 2727 187 2800 tuit,
212 2727 327 2810 quibus
341 2737 467 2814 partem
482 2728 621 2813 aliquam
643 2728 762 2794 Sicoris
786 2737 944 2794 averteret
955 2727 1088 2802 'vadum-

121 2819 182 2894 qne
193 2811 226 2874 in
238 2833 276 2878 eo
287 2812 417 2878 flumine
427 2815 581 2880 efficeret.
605 2814 664 2876 His
676 2836 779 2898 paene
802 2815 1088 2896 effectismagnum

118 2895 174 2981 inl
194 2897 338 2962 timorem
374 2900 524 2966 Afranius
558 2899 769 2984 ,Petreiusque
802 2900 1010 2984 perveniunt,
1047 2919 1088 2959 ne

119 2982 248 3054 omnino
278 2985 436 3050 frumento
459 2983 639 3069 pabuloque
674 2984 968 3063 intercluderentur,
1003 2982 1088 3065 quod

117 3065 252 3136 nlultum
273 3069 398 3134 Caesar
411 3069 561 3155 ,equitatu
590 3069 729 3136 valebat.
759 3070 870 3152 Itaque
893 3069 1088 3136 constituunt

118 3151 129 3212 i
152 3153 180 3214 si
190 3151 269 3220 locis
281 3155 440 3219 excedere
456 3163 488 3218 et
503 3154 536 3216 in
549 3152 755 3220 Celtiberiam
770 3154 891 3218 bellum
901 3153 1085 3216 transferre.

151 3238 202 3299 uic
225 3240 357 3304 consilio
387 3237 622 3324 suffragabatur
651 3241 745 3303 etiam
767 3239 824 3302 illa
845 3261 907 3319 res,
939 3237 1023 3323 quod
1045 3258 1086 3299 ex

118 3318 243 3393 duobus
276 3327 442 3391 mnumfls
479 3323 651 3408 generibus
679 3347 770 3409 quac
804 3326 968 3408 'superiore
1002 3321 1086 3386 bello

20 3478 24 3482 ,
118 3404 191 3468 eum
213 3407 353 3474 Sertorio
378 3417 532 3476 steterant
560 3411 703 3472 civitates
726 3412 831 3474 victae
852 3431 969 3472 nomen
991 3417 1085 3491 atque

116 3490 298 3642 importuni,
312 3495 453 3560 absentis
481 3494 613 3579 Pompei
640 3493 795 3560 tinebant
802 3544 811 3577 ,
840 3516 922 3644 qqrac
951 3495 992 3558 in·
1011 3493 1086 3560 ami·

173 3597 253 3636 cm„
299 3626 307 3642 ,
857 3609 862 3616 .
