2538 3978
158 215 199 278 72
447 215 510 280 DE
531 216 674 280 BELLO
698 217 830 281 CIVILI

157 397 215 469 rat,
239 396 270 451 et
292 388 434 473 peditum
457 397 679 473 campartem,
704 389 754 452 cui
768 390 904 453 maxime
926 389 1115 471 confidebat,

158 475 317 538 Saburrae
341 473 499 555 submisit3
521 475 532 535 i
556 495 589 535 se
615 495 686 537 curn
701 473 829 560 reliquis
846 476 944 560 copiis
967 474 1115 560 elephan-

157 562 261 644 tisque
286 564 331 619 LX
354 557 468 621 lentius
492 496 702 643 subsequitur.
726 558 910 645 Suspicatus
933 561 1114 644 praemissis

158 644 332 730 equitibus·
352 644 456 790 ipsum
492 645 589 708 affore
627 643 796 708 Curionem
832 644 971 708 Saburra
1007 647 1114 730 copias

157 732 296 816 equitum
319 750 358 814 pe
382 729 521 812 itumque
543 730 668 793 instruit
697 740 789 814 atque
822 728 870 792 his
903 732 1045 814 imperat,
1079 738 1114 792 ut

158 815 357 878 simulatione
379 815 501 878 timoris
523 814 674 899 paulatim
704 815 817 878 cedant
839 837 876 878 ac
897 815 1011 900 pedem
1033 815 1112 879 refe-

156 909 244 964 rant:
270 921 348 979 sese,
373 920 469 983 quum
491 921 569 984 opus
586 910 678 980 esset,
703 901 827 986 signum
841 899 953 985 proelii
968 899 1113 964 daturum

157 995 187 1049 et
220 983 304 1070 quod
339 1006 408 1047 rem
444 984 603 1067 postulare
641 987 840 1072 cognovisset
875 987 1110 1070 imperaturum.
1166 1047 1168 1054 ,

157 1069 252 1134 Curio
275 1069 316 1132 ad
339 1070 532 1154 superiorem
555 1092 643 1154 spem
666 1071 773 1134 addita
794 1072 970 1155 praesentis
993 1080 1110 1155 tempo-

155 1157 198 1219 ris
221 1155 366 1240 opinione
389 1154 495 1218 hostes
516 1155 626 1239 fugere
650 1155 818 1220 arbitratus
842 1157 948 1241 copias
971 1179 1011 1220 ex
1033 1155 1111 1219 locis

155 1239 368 1326 superioribus
389 1241 423 1304 in
445 1262 590 1324 campum
612 1241 748 1304 deducit.

219 1326 271 1388 41.
295 1325 417 1403 Quibus
441 1348 482 1389 ex
504 1325 581 1388 locis
604 1349 700 1412 quum
722 1325 845 1411 longius
868 1335 952 1390 esset
965 1347 1110 1412 progres-

156 1433 219 1492 sus,
243 1410 385 1474 confecto
408 1412 471 1474 iam
492 1410 603 1475 labore
626 1415 766 1477 exercitu
787 1419 852 1474 XVI
874 1412 994 1476 milium
1010 1413 1111 1496 spatio

155 1497 303 1560 constitit.
333 1496 398 1559 Dat
421 1500 484 1560 suis
508 1498 633 1581 signum
655 1497 805 1578 Saburra,
828 1499 928 1561 aciem
951 1497 1113 1560 constituit

155 1591 186 1645 et
208 1583 370 1644 circumire
394 1583 520 1646 ordines
543 1593 575 1644 at
596 1605 636 1646 ue
659 1583 778 1647 hortari
799 1584 923 1668 incipit3
946 1581 1003 1644 sed
1024 1582 1109 1667 pedi-

154 1677 221 1732 tatu
243 1667 397 1730 duntaxat
417 1607 596 1752 procul¹ad
626 1667 768 1753 speciem'
792 1669 898 1748 utitur,
933 1669 1054 1753 equites
1076 1669 1109 1729 in

155 1754 255 1816 aciem
277 1754 381 1815 mittit.
405 1753 477 1818 Non
499 1753 589 1816 deest
609 1756 736 1838 negotio
760 1751 1015 1838 Curiosuosque
1037 1752 1109 1817 hor-

153 1847 246 1915 tatur,
269 1848 304 1901 ut
326 1861 415 1924 spem
437 1861 562 1902 omnem
582 1841 616 1902 in
642 1842 759 1904 virtute
787 1847 950 1924 reponant.
984 1838 1032 1901 Ne
1054 1839 1110 1900 mi·

155 1923 262 1987 litibus
286 1925 413 2008 quidem
434 1934 470 1988 ut
491 1924 622 1988 defessis
645 1947 748 2009 neque
771 1923 934 2020 equitibusx
951 1933 985 1986 ut
999 1924 1110 2008 paucis

155 2019 187 2074 et
208 2010 317 2073 labore
340 2009 490 2074 confectis
514 2010 651 2073 studium
673 2009 714 2074 ad
728 2009 933 2095 pugnandum
947 2011 1110 2094 virtusque

155 2095 279 2176 deerat3
314 2095 370 2158 sed
392 2095 425 2157 hi
447 2104 537 2158 erant
551 2117 688 2160 ‚numero
712 2102 764 2176 CC,
786 2095 900 2180 reliqui
932 2095 964 2157 in
997 2096 1110 2158 itinere

155 2180 368 2243 substiterant.
392 2181 444 2261 lli,
469 2203 697 2265 quamcumque
709 2183 741 2244 in
756 2189 878 2267 partem
900 2181 1051 2264 impetum
1065 2178 1110 2242 fe·

155 2274 272 2345 corant,
296 2264 402 2328 hostes
424 2265 493 2329 loco
516 2265 629 2328 cedere
652 2265 817 2352 cogebant,
841 2265 897 2330 sed
918 2287 1021 2351 neque
1043 2264 1110 2328 lon-

155 2350 224 2435 gius
246 2351 400 2434 fugientes
433 2353 584 2436 prosequi
615 2373 676 2415 nec
697 2351 914 2415 vehementius
944 2371 1040 2435 equos
1062 2350 1109 2412 in·

155 2437 252 2500 citare
279 2444 433 2519 poterant.
470 2435 513 2498 At
546 2438 702 2521 equitatus
735 2436 871 2501 hostium
904 2435 943 2499 ab
976 2445 1110 2520 utroque

156 2541 254 2584 cornu
276 2521 409 2585 circuire
438 2522 538 2584 aciem
570 2531 710 2585 nostram
733 2531 764 2586 et
785 2543 915 2586 aversos
947 2529 1109 2606 proterere

152 2606 271 2689 incipit.
296 2605 401 2684 Quum
423 2606 566 2670 cohortes
589 2627 631 2670 ex
652 2609 720 2672 acie
742 2608 1022 2692 procucurrissent,
1044 2605 1108 2668 Nu-

153 2691 258 2754 midae
279 2691 394 2776 integri
417 2690 577 2754 celeritate
609 2693 760 2777 impetum
781 2701 958 2757 nostrorum
980 2691 1108 2775 effugie-

152 2775 231 2838 bant
252 2798 360 2840 rursus
384 2799 424 2840 ue
446 2775 486 2840 ad
508 2777 634 2841 ordines
658 2799 730 2842 suos
764 2801 798 2842 se
830 2778 1019 2862 recipientes
1048 2776 1109 2838 cir·

154 2859 282 2924 cuibant
303 2870 335 2925 et
356 2801 396 2924 db
419 2863 488 2925 acie
511 2862 729 2927 excludebant.
764 2862 817 2926 Sic
844 2884 947 2948 neque
975 2862 1009 2924 in
1038 2859 1108 2924 loeo

152 2966 281 3018 manere
304 2947 491 3030 ordinesque
520 2969 648 3012 servare
675 2970 777 3032 neque
799 2969 981 3034 procurrere
1004 2954 1035 3010 et
1056 2966 1108 3008 ca-

154 3053 223 3094 sum
246 3029 352 3096 subire
374 3041 476 3116 tutum
497 3031 672 3096 videbatur.
717 3033 864 3097 Hostium
896 3033 1006 3117 copiae
1035 3030 1108 3094 sub-

152 3118 255 3179 missis
278 3115 374 3179 abre
399 3139 416 3180 e
439 3116 564 3180 auxiliis
595 3118 706 3182 crebro
737 3117 950 3204 augebantur3
983 3126 1108 3180 nostros

152 3205 235 3267 vires
258 3140 443 3266 lassitudine
476 3202 673 3284 deficiebant,
709 3203 800 3267 simul
822 3205 854 3285 ii,
889 3204 942 3289 qui
974 3201 1109 3274 vulnera

154 3297 350 3372 acceperant,
383 3309 487 3374 neque
519 3289 587 3351 acie
619 3289 774 3352 excedere
806 3311 909 3374 neque
941 3288 975 3350 in
1003 3286 1109 3350 locum

153 3380 254 3435 tutum
275 3372 386 3435 referri
407 3381 560 3457 poterant,
590 3374 675 3459 quod
695 3384 761 3438 tota
783 3375 866 3438 acies
890 3369 1031 3520 equitatu
1052 3373 1108 3436 ho-

153 3457 246 3518 stium
268 3457 463 3520 circumdata
483 3457 658 3522 tenebatur.
682 3459 725 3522 Hi
747 3459 786 3523 de
809 3481 866 3523 sua
881 3481 916 3522 sa
929 3468 981 3522 ute
996 3457 1109 3543 despe-
