2532 3968
178 185 354 252 XXXVIH
526 184 784 251 PRAEFATIO.

176 364 303 426 Litteris
325 381 344 423 n
365 363 461 423 Fabio
486 364 516 422 C.
546 365 716 423 Caesare
737 379 761 422 e.
791 377 818 436 q.
846 379 871 421 s.
903 366 934 422 et
961 356 995 420 in
1024 355 1139 423 codice

176 443 278 509 Paris.
305 442 461 526 secundo,
495 444 548 530 qui
580 443 710 508 habete
727 447 850 508 Litteris
882 464 902 506 α
933 439 1025 512 Fabio
1055 454 1138 507 eum

178 537 370 595 Caesaris
403 551 427 596 e.
463 550 489 608 q.
524 553 550 593 s.
578 529 646 593 Iam
679 538 857 615 supererat,
894 537 930 592 ut
960 527 1061 592 verba
1087 535 1138 593 tot

177 615 363 680 discrimina
397 636 493 700 passa
529 616 625 678 etiam
658 615 692 678 in
724 637 797 678 eum
833 614 961 679 modum
999 612 1135 678 colloca·

175 710 307 784 rentur,
342 701 395 786 qui
428 701 620 764 novissimae
661 721 771 764 eorum
806 698 1005 765 adornationi
1042 708 1136 784 aptus

177 795 277 869 csset3
312 794 506 872 quapropter
542 787 694 870 scriptum
731 794 779 849 est
810 785 844 849 in
880 784 971 849 libris
995 784 1135 849 'infimae

176 881 273 937 nome
300 878 424 937 Litteris
455 877 485 934 U.
515 877 658 936 Caesaris
687 893 707 935 u
732 877 829 935 Fabio
861 877 1038 936 consulibus
1064 876 1135 935 reti·

177 965 259 1025 ditis.
303 957 416 1021 Totam
456 957 553 1042 igitur
595 956 678 1020 hanc
719 956 981 1104 deqiravationum
1017 956 1134 1020 seriem

176 1043 376 1130 apertissima
402 1043 456 1105 via
483 1063 524 1106 ex
550 1043 702 1127 primaria
735 1042 792 1105 ila
821 1043 978 1127 scriptura
1008 1045 1135 1105 Litteris

166 1135 219 1194 ⁴ab
249 1149 291 1193 eo
320 1135 497 1192 eonsuiibus
526 1135 655 1192 redditis
698 1137 843 1214 repetere
870 1127 959 1210 licet3
988 1127 1135 1212 quamsi

175 1235 235 1299 pro
256 1235 334 1278 vera
356 1214 546 1299 accipimus,
577 1213 671 1278 etiam
699 1213 770 1277 ficri
798 1215 909 1300 nequit
936 1213 1012 1300 quin
1034 1234 1134 1276 enun-

165 1301 336 1364 tiationem
364 1299 572 1384 praemissam
599 1299 697 1362 fuisse
726 1298 880 1365 faciamus
908 1320 1025 1362 nomen
1052 1296 1135 1362 illud

176 1394 208 1448 et
236 1381 364 1471 quidem
393 1384 541 1448 Caesaris
571 1386 800 1465 continentem,
832 1383 917 1471 quod
944 1384 1134 1468 pronomine

177 1478 206 1534 is
227 1470 291 1533 iam
313 1478 513 1534 monstratur.
541 1468 655 1554 Itaque
677 1471 772 1533 etiam
794 1469 856 1533 hac
876 1471 930 1534 via
952 1469 1037 1534 idem
1059 1477 1134 1533 con·

176 1554 307 1619 cludere
333 1577 465 1620 necesse
496 1564 557 1637 est,
585 1555 722 1640 primum
749 1554 788 1620 de
816 1555 901 1620 bello
931 1554 1019 1620 civili
1047 1575 1133 1618 com·

174 1643 362 1704 meritorium
385 1637 541 1728 iniquitat
564 1661 644 1704 esse.
668 1639 760 1719 Quae
783 1641 978 1722 exciderunt,
1001 1662 1078 1703 num
1094 1661 1135 1704 ea

175 1728 280 1791 omnia
300 1727 426 1808 fuerint,
455 1748 537 1812 quae
558 1726 692 1790 Vossius
723 1749 763 1791 ex
784 1725 956 1808 Plutarchi,
978 1725 1133 1812 Appiani,

174 1811 288 1876 Dionis
310 1810 543 1876 narrationibus
566 1813 736 1895 contexuit,
758 1834 816 1897 pro
832 1821 918 1878 certo
934 1811 997 1876 dici
1010 1813 1132 1898 nequit,

175 1896 209 1960 id
230 1907 336 1961 tamen
359 1897 429 1961 iure
459 1897 652 1961 contendere
680 1897 771 1980 licet,
804 1921 901 1984 quum
928 1907 959 1960 et
987 1906 1133 1973 extrema

166 2005 249 2068 pars
273 1984 376 2047 octavi
407 1982 446 2046 dc
472 1981 558 2046 bello
582 1982 705 2048 Gallico
736 1983 953 2048 commentarii
974 1983 1133 2048 interierit

175 2077 207 2132 et
228 2067 395 2132 exordium
417 2069 511 2152 primi
534 2067 680 2134 debello
702 2070 790 2133 civili
811 2069 897 2150 libri,
919 2092 982 2134 uno
1006 2068 1131 2133 eodem-

175 2175 236 2240 que
267 2175 343 2216 casu
377 2162 546 2239 utrumque
575 2153 691 2219 librum
729 2177 799 2218 esse
831 2153 1018 2230 mutilatum.
1063 2153 1131 2218 Nec
1245 2157 1246 2160 ’

175 2261 240 2304 non
268 2238 441 2302 verisimile
469 2248 517 2302 est
546 2261 597 2322 ea,
633 2261 715 2326 quae
748 2241 906 2326 utrimque
934 2239 1130 2321 exciderunt,

176 2324 287 2388 eadem
307 2323 425 2388 scheda
438 2323 537 2389 fuisse
553 2328 740 2411 conscripta,
764 2347 828 2412 qua
842 2325 966 2410 perdita
981 2325 1132 2388 damnum

176 2408 258 2473 illud
279 2411 407 2496 utrique
430 2408 513 2476 libro
536 2411 646 2476 eodem
670 2420 812 2496 tempore
833 2410 956 2474 illatum
979 2419 1036 2474 est.
1067 2409 1129 2473 Ita-

175 2518 236 2581 que
259 2495 393 2559 lacunae
417 2496 507 2582 signo
528 2497 704 2582 praemisso
726 2497 852 2559 initium
1079 2507 1081 2510 ’

238 2579 274 2644 0.
300 2581 316 2644 1
341 2582 386 2644 ita
408 2581 507 2646 edidi:
612 2587 736 2646 Litteris
759 2588 802 2645 ub
827 2603 866 2645 eo
885 2577 1039 2665 [Caesare]
1056 2601 1129 2644 con-

175 2673 292 2732 sulibus
314 2674 443 2731 redditis
466 2690 490 2731 e.
515 2689 542 2745 q.
566 2691 590 2730 s.

239 2751 275 2816 O.
298 2753 318 2816 3
340 2753 374 2816 in
396 2752 465 2817 loeo
489 2761 645 2837 corrupto,
668 2772 763 2836 quem
777 2750 990 2838 Nipperdcius
1013 2751 1060 2814 sic
1075 2773 1131 2814 ex·
1245 2791 1246 2794 =

175 2837 294 2903 hibuit:
325 2843 492 2918 Conpietur
522 2844 595 2901 urbs
624 2841 645 2919 †
675 2849 705 2902 et
726 2845 790 2915 ius,
815 2845 965 2903 comitium
987 2843 1129 2916 tribunis,

175 2930 414 3000 centurionibus,
445 2930 580 2988 euocatis
608 2923 685 2986 satis
714 2922 812 2988 habui
841 2922 938 2988 edere
962 2929 1130 3004 completur

174 3016 248 3074 turbs
275 3021 304 3073 et
332 3007 403 3095 [ius]
432 3015 581 3073 comitium
611 3015 759 3092 tribunis,
789 3017 1035 3091 centurionibus,
1059 3029 1130 3074 eoo-

174 3103 260 3161 eutis.
295 3095 445 3158 Fortasse
473 3092 664 3159 vocabulum
692 3103 741 3159 ius
777 3117 818 3160 ex
846 3097 912 3159 inte
953 3103 1128 3159 tetamento

174 3188 248 3244 urbs
271 3187 406 3245 eteius
429 3186 578 3244 comitium
601 3181 730 3264 exstitit,
754 3182 805 3244 cui
820 3117 1034 3245 etiamribcum
1055 3201 1129 3244 con·

174 3266 271 3329 cessit
300 3265 373 3329 edit.
403 3263 484 3328 Ven.
514 3265 648 3329 a1494.
682 3266 819 3331 Litteras
849 3279 876 3331 et
898 3274 947 3330 ius
975 3265 1128 3350 reliquias

175 3372 245 3414 esse
266 3353 354 3414 vocis
375 3358 527 3434 militibus,
551 3361 585 3414 ut
605 3349 816 3437 Nipperdeius
840 3353 982 3434 coniecit,
1005 3350 1128 3414 Krane·

173 3457 228 3501 rus
251 3435 346 3499 etiam
369 3435 477 3519 edidit,
501 3459 613 3523 parum
635 3437 807 3502 verisimile
829 3437 965 3504 videtur.
