2562 3966
382 235 528 308 ‘OOMM
551 244 581 307 V
604 243 697 308 OAP.
721 241 857 306 52-55.
1042 239 1105 308 115

144 413 331 496 intercessit,
355 416 431 502 quin
454 415 590 502 aliquem
620 415 660 479 de
683 413 821 480 consiliis
851 435 888 478 ac
917 422 1006 476 motu
1028 410 1105 478 Gal-

39 498 45 508 ’
144 497 247 564 lorum
273 502 419 564 nuntium
446 503 611 586 acciperet.
651 501 690 564 ln
712 500 761 563 his
792 498 832 562 ab
855 498 954 562 Lucio
976 497 1103 580 Roscio,

144 607 239 671 quem
250 585 369 672 legioni
383 586 638 650 tertiaedecimae
648 585 854 674 praefecerat,
870 585 988 648 certior
1001 583 1104 648 factrrs

144 681 193 734 est
214 693 347 756 magnas
370 671 534 737 Gallorum
556 675 664 758 copias
688 693 795 738 samm
818 671 997 751 civitatum,
1021 689 1104 754 quae

143 755 327 822 Armoricae
350 757 562 843 appellantur,
597 757 801 845 oppugnandi
827 757 877 819 sui
905 775 1003 818 causa
1030 775 1104 818 con·

142 840 272 906 venisse
293 865 397 928 neque
419 843 544 928 longius
566 843 653 908 milia
667 865 819 929 passuum
841 849 912 907 octo
934 840 975 904 ab
998 837 1103 904 hiber·

91 963 95 968 ·
142 927 194 989 nis
215 929 282 992 suis
299 927 438 1010 amisse,
462 929 650 993 sed'nuntio
672 928 768 994 allato
799 928 838 992 de
867 927 1000 992 victoria
1022 923 1103 990 an-

144 1012 224 1162 sapis
258 1013 458 1095 discessisse,
494 1015 573 1079 adeo
605 1025 640 1078 ut
672 1014 766 1101 fugae
798 1011 910 1076 similis
944 1011 1102 1075 discessus

142 1100 174 1162 vi
199 1107 313 1162 eretur.

204 1184 258 1248 54.
281 1185 325 1248 At
347 1183 467 1250 Caesar
487 1185 684 1272 principibus
714 1186 868 1271 cuiusque
898 1184 1033 1248 civitatis
1061 1181 1104 1250 ad

142 1291 177 1332 se
201 1272 339 1334 evocatis
363 1270 441 1335 alias
469 1272 659 1353 territando,
693 1293 790 1357 quum
823 1293 857 1336 se
888 1272 985 1352 scire,
1021 1290 1103 1355 quae

141 1353 266 1437 fierent,
283 1356 490 1438 denuntiaret,
514 1357 591 1422 alias
606 1356 798 1422 cohortando
813 1378 963 1442 magnam
977 1364 1103 1441 partem

142 1438 269 1505 Galliae
289 1443 324 1504 in
347 1442 449 1507 officio
471 1444 581 1506 tenuit.
615 1443 738 1507 Tamen
760 1441 918 1523 Senones,
949 1449 1103 1527 quaeest

142 1527 253 1590 civitas
275 1528 429 1612 imprimis
450 1529 539 1592 firma
563 1538 594 1593 et
615 1550 750 1612 magnae
764 1530 848 1592 inter
862 1526 974 1592 Gallos
996 1535 1103 1591 aucto·

141 1612 262 1695 ritatis,
294 1611 502 1694 Cavarinum,
537 1637 632 1700 quem
654 1613 773 1678 Caesar
801 1613 886 1699 apud
916 1634 970 1676 eos
991 1634 1102 1762 regem

142 1699 357 1781 constituerat,
381 1701 469 1771 cuius
491 1700 588 1764 frater
609 1699 801 1784 Moritasgus
817 1698 955 1763 adventu
977 1699 1010 1762 in
1058 1697 1102 1761 al·

141 1780 217 1845 liam
240 1782 387 1848 Caesaris
411 1787 561 1872 cuiusque
582 1787 719 1850 maiores
741 1808 875 1870 regnum
891 1785 1101 1866 obtinuerant,

140 1867 319 1934 interficere
340 1869 469 1956 publico
492 1871 622 1936 consilio
653 1873 771 1953 conati,
806 1894 903 1957 quum
929 1870 983 1934 ille
1010 1891 1101 1956 prae-

142 1956 295 2021 sensisset
309 1977 347 2019 ac
361 1956 561 2042 profugisset,
585 1979 685 2042 usque
700 1957 741 2020 ad
756 1957 835 2021 fines
850 1957 986 2020 insecuti
1000 1977 1100 2040 regno

141 2038 298 2125 domoque
325 2041 515 2127 expulerunt
544 2053 576 2106 et
604 2045 708 2106 missis
735 2042 778 2106 ad
808 2041 979 2107 Gaesarem
1010 2042 1101 2104 satis·

139 2123 281 2189 faciundi
303 2148 399 2191 causa
421 2127 550 2213 legatis,
574 2151 669 2230 quum
691 2130 719 2192 is
742 2150 868 2194 omnem
889 2127 931 2193 ad
953 2149 987 2191 se
1011 2148 1100 2190 sena·

139 2219 207 2274 tum
236 2213 345 2276 venire
367 2215 529 2297 iussisset,
560 2214 643 2278 dicto
674 2214 838 2280 audientes
867 2236 932 2278 non
961 2212 1100 2277 luerunt.

139 2295 279 2360 Tanmm
300 2298 386 2383 apud
407 2297 551 2364 homines
578 2299 732 2364 barbaros
753 2300 855 2365 valuit
884 2319 955 2362 esse
977 2297 1099 2382 aliquos

139 2403 176 2446 re
200 2391 283 2446 ertos
305 2385 464 2470 principes
475 2385 632 2450 inserendi
646 2385 733 2469 belli,
755 2395 937 2470 tantamque
952 2383 1099 2448 omnibus

138 2404 338 2532 voluntatum
360 2473 639 2536 commutationem
661 2472 778 2555 attulit,
808 2481 844 2535 ut
865 2480 993 2556 praeter
1013 2468 1099 2532 Hae-

139 2551 220 2617 duos
236 2563 268 2618 et
281 2555 408 2638 Remos,
424 2579 503 2642 quos
518 2558 689 2643 praecipuo
705 2579 831 2644 semper
845 2556 964 2620 honore
978 2552 1100 2618 Caesar

138 2636 260 2722 habuit,
284 2640 399 2706 alteros
422 2665 479 2728 pro
494 2652 603 2707 vetere
626 2666 665 2708 ac
678 2653 834 2730 perpetua
856 2664 891 2705 er
913 2665 932 2704 a
969 2638 1100 2726 epulum

137 2722 317 2789 Romanum
338 2726 419 2809 fide,
453 2729 567 2794 alteros
594 2751 652 2814 pro
674 2728 857 2794 recentibus
911 2663 996 2790 allici
1021 2724 1100 2789 belli

138 2809 268 2894 officiis,
290 2812 379 2876 nulla
401 2813 467 2878 fere
489 2815 601 2879 civitas
623 2815 717 2879 fuerit
737 2837 802 2880 non
824 2821 972 2899 suspecta
996 2810 1098 2876 nobis.

137 2893 240 2982 quue
262 2897 341 2963 adeo
364 2897 450 2963 haud
472 2901 537 2964 scio
560 2900 781 2966 mirandumne
804 2901 858 2982 ait,
888 2920 985 2984 quum
1014 2917 1097 2960 com-

137 2981 282 3066 pluribus
304 2983 377 3047 aliis
400 2984 440 3048 de
463 2987 576 3068 causis,
599 2996 665 3050 tum
687 2989 842 3067 maxime,
866 2983 951 3071 quod
973 2983 1016 3062 ei,
1045 2982 1099 3066 qui

136 3067 254 3131 virtute
268 3069 347 3133 belli
362 3070 506 3134 omnibus
521 3072 669 3156 gentibus
684 3071 952 3158 praeferebantur,
975 3074 1099 3131 tantum

138 3163 174 3215 se
196 3154 264 3217 eius
287 3157 443 3240 opinionis
466 3156 697 3242 deperdidisse,
720 3167 756 3222 ut
777 3181 797 3222 a
817 3155 933 3243 populo
955 3153 1098 3216 Romano

137 3237 272 3323 irnperia
315 3240 477 3324 erferrent,
501 3244 688 3328 gravissime
711 3242 870 3308 dolebant.

151 3335 156 3368 s
203 3323 254 3388 55.
306 3328 411 3391 reveri
423 3348 500 3391 vero
513 3328 853 3414 atqueIndutiomarus
871 3327 967 3390 totius
984 3323 1098 3388 hiemis

136 3407 260 3472 nullum
279 3419 402 3496 tempus
422 3413 666 3496 intermiserunt,
710 3416 765 3480 uin
787 3423 874 3478 trans
889 3411 1035 3476 Rhenum
1053 3408 1098 3474 le·

136 3502 229 3578 gatos
244 3495 410 3581 mitterent,
434 3499 578 3564 civitates
594 3499 809 3583 sollicitarent,
832 3499 985 3621 peponias
1006 3495 1099 3582 polti-
