2562 3970
169 190 188 252 s
380 236 385 245 s
455 192 525 254 nn
538 191 681 276 senno
704 190 838 256 01va

167 361 302 443 deferre,
326 361 353 425 si
377 384 475 448 parvo
489 361 599 428 labore
621 384 753 448 magnas
768 365 999 430 controversias
1013 363 1125 430 tollere

167 456 262 533 atque
291 469 415 512 omnem
447 445 573 512 Italiam
602 457 688 512 metu
719 447 857 514 liberare
889 451 1019 534 possint.
1056 450 1124 514 Sibi

142 556 145 566 ¹
167 553 292 616 semper
320 534 454 618 primam
482 532 676 618 reipublicae
704 533 803 598 fuisse
830 533 862 598 di
908 537 1013 600 ‘tatem
1046 537 1125 599 vita-

166 639 228 704 que
250 617 414 717 potiorem.
436 617 587 682 Doluisse
610 641 653 700 se,
678 618 762 704 quod
782 621 891 705 popui
912 620 1047 685 Romani
1069 619 1123 684 be-

164 702 313 766 neficrum
335 702 396 767 sibi
417 725 475 788 per
496 703 718 770 contumeliam
738 702 779 767 ab
801 705 936 770 inimicis
959 715 1124 792 extorque·

163 796 262 869 retur,
286 796 457 936 ereptoque
472 789 640 852 semenstri
654 789 788 936 imperio
802 790 835 852 in
850 788 962 854 urbem
984 791 1124 854 retrahe-

164 882 259 953 retur,
276 874 399 936 cuiusa
422 877 518 938 sentis
530 875 685 951 rationem
719 872 808 938 aberi
817 877 972 955 proximis
989 877 1124 941 comitiis

162 957 298 1043 populus
320 959 474 1022 iussisset.
498 959 618 1023 Tamen
640 959 722 1023 banc
748 960 902 1024 iacturam
923 960 1051 1026 honoris
1074 961 1124 1025 sui

162 1041 356 1128 reipublicae
379 1065 475 1108 causa
490 1066 591 1130 aequo
611 1047 716 1109 animo
738 1043 867 1108 tulisse:
891 1068 987 1130 quum
1001 1045 1123 1110 litteras

163 1127 204 1192 ad
227 1140 370 1192 senatum
391 1130 522 1212 miserit,
549 1138 584 1192 ut
612 1151 720 1193 omnes
744 1128 784 1193 ab
808 1130 1000 1194 exercitibus
1023 1131 1123 1194 disce·

163 1212 283 1295 dorent,
299 1235 340 1276 ne
350 1212 384 1277 id
395 1215 523 1300 quidem
533 1216 762 1300 impetravisse.
785 1215 867 1278 Tota
877 1214 970 1280 Italia
981 1215 1122 1280 delectus

162 1297 282 1380 haberi,
306 1300 435 1364 retineri
463 1299 606 1386 legiones
631 1299 672 1382 Π,
687 1303 776 1400 ‘quae
798 1299 839 1364 ab
868 1323 901 1365 se
924 1285 1123 1366 simulatione

161 1383 301 1447 Parthici
323 1383 400 1449 belli
415 1385 478 1448 sint
499 1385 663 1467 abductae,
685 1386 843 1450 civitatem
867 1407 938 1450 esse
960 1386 993 1450 in
1015 1387 1121 1450 armis

162 1467 309 1546 Quonam
321 1468 518 1535 haecomnia
528 1472 591 1534 nisi
605 1470 646 1534 ad
657 1493 747 1534 suam
780 1471 931 1536 erniciem
942 1474 1121 1557 pertinere?

162 1553 227 1618 Sed
248 1563 354 1622 tamen
381 1555 550 1622 adomnia
578 1578 612 1619 sc
640 1494 835 1622 descendere
856 1566 1001 1644 paratum
1024 1566 1122 1643 atque

161 1641 268 1705 omnia
288 1642 355 1727 pati
373 1641 566 1728 reipublicae
582 1663 687 1706 causa.
709 1642 932 1708 Proficiscatur
951 1642 1122 1730 Pompeius

160 1726 194 1790 in
217 1748 290 1790 sues
312 1728 501 1813 provincias,
517 1728 579 1814 ipsi
601 1729 759 1792 exercitus
775 1728 941 1810 dimittent,
957 1729 1123 1794 discedant

149 1811 193 1886 ¹in
214 1811 319 1876 Italia
334 1834 444 1878 omnes
474 1812 514 1878 ab
536 1815 641 1894 armis,
669 1820 770 1878 metus
793 1836 811 1878 e
834 1815 961 1880 civitate
982 1814 1120 1898 tollatur,

159 1895 262 1962 libera
291 1899 417 1963 comitia
439 1908 534 1985 atque
551 1900 653 1963 omnis
674 1899 857 1985 respublica
878 1902 1002 1966 senatui
1022 1923 1122 1986 popu-

159 1983 254 2068 loque
276 1983 418 2048 Romano
440 1985 647 2070 permittetur.
670 1984 762 2050 Haec
805 2009 845 2051 uo
868 1985 994 2052 facilius
1010 1988 1120 2050 certis-

160 2091 223 2154 que
245 2069 477 2134 conditionibus
498 2069 575 2135 fiant
587 2080 618 2135 et
628 2009 832 2136 iureiurando
848 2075 1042 2153 amiciantur,
1066 2083 1122 2138 aut

158 2155 227 2238 ipse
249 2156 379 2240 propius
401 2155 532 2220 accedat
553 2165 608 2220 aut
630 2178 664 2220 se
686 2157 825 2242 patiatur
846 2158 1016 2222 accedere:
1039 2157 1120 2240 iore,

161 2240 208 2302 uti
229 2260 288 2324 per
310 2239 469 2327 colloquia
490 2263 600 2306 omnes
623 2243 859 2308 controversiae
881 2254 1118 2330 componantur.

226 2325 276 2388 10.
317 2326 467 2412 Acceptis
498 2327 657 2392 mandetis
694 2327 828 2392 Roscius
864 2350 935 2392 cum
963 2329 1003 2394 L.
1039 2328 1120 2396 Cae·

159 2429 230 2474 sare
246 2409 387 2495 Capuam
410 2413 557 2560 pervenit
579 2412 687 2498 ibique
702 2413 847 2478 consules
867 2414 1119 2564 Pompeiumque

158 2496 296 2560 invenit:
319 2505 412 2581 postu
426 2495 650 2562 ata-Caesaris
679 2500 848 2563 renuntiat.
871 2499 921 2563 Illi
964 2499 1120 2566 eliberata

157 2601 193 2645 re
213 2581 407 2667 respondent
436 2583 614 2670 scriptaque
645 2583 686 2648 ad
716 2605 787 2648 eum
812 2585 962 2650 mandate
983 2608 1041 2672 per
1063 2609 1118 2652 eos

157 2667 337 2750 remittunt3
371 2690 505 2754 quornm
537 2668 618 2732 haec
653 2679 722 2733 erat
762 2691 900 2734 smnma:
935 2671 1055 2736 Caesar
1084 2673 1119 2736 in

158 2749 297 2815 Gelliam
319 2761 543 2836 reverteretur,
566 2754 711 2819 Arimino
741 2754 921 2836 excederet,
959 2759 1118 2821 exercitus

158 2835 343 2918 dimitteret3
367 2860 448 2924 quae
470 2841 497 2903 si
518 2840 655 2920 iecisset,
681 2839 868 2925 Pompeium
889 2842 923 2905 in
944 2841 1118 2928 Hispanias

155 2920 284 2986 iturum.
321 2923 457 3006 Interea,
501 2925 584 2991 uoad
615 2924 694 2989 fides
728 2935 812 2990 esset
844 2925 918 2990 data
947 2927 1119 2992 Caesarem

155 3006 323 3089 facturum,
351 3030 432 3108 quae
453 2949 666 3095 pdlliceretnr,
692 3033 756 3074 non
781 3011 1016 3077 intermissuros
1043 3033 1117 3078 oon-

56 3111 58 3117 ’
158 3091 244 3156 eules
258 3094 507 3180 'Pompeiumque
530 3095 682 3160 delectus.

221 3180 270 3241 11.
292 3178 372 3242 Erat
406 3181 516 3264 iniqua
549 3181 685 3245 conditio
722 3182 892 3266 postulare,
930 3191 965 3246 ut
998 3180 1118 3248 Caesar

155 3263 301 3328 Arimino
324 3264 496 3330 excederet
510 3274 604 3351 atque
625 3267 659 3329 in
673 3267 868 3351 provinciam
891 3277 1116 3352 reverteretur,

154 3347 258 3428 ipsum
280 3358 311 3412 et
331 3349 511 3434 provincias
527 3361 558 3413 et
580 3350 720 3436 legiones
740 3350 860 3417 alienas
875 3362 1003 3436 tenere,
1026 3375 1116 3418 exer-

154 3430 251 3492 citum
276 3431 423 3498 Caesaris
445 3434 529 3498 velle
557 3435 679 3517 dimitti,
703 3435 844 3501 delectus
866 3437 1002 3522 habere3
1024 3439 1116 3524 polli—
