2532 3968
344 251 480 320 coint.
500 250 579 316 VIII
602 249 695 318 OAP.
717 251 853 316 42-46.
1015 250 1077 314 213

124 427 185 494 sibi
206 429 350 494 conscius
366 433 458 508 esset,
475 447 570 513 quam
583 425 747 490 inimicum
762 425 893 491 deberet
909 424 1078 490 Caesarem

122 511 270 601 habere),
308 516 393 581 hunc
419 511 619 597 Epasnactus
652 510 832 594 Arvernus,
870 511 1079 576 amicissimus

122 599 230 752 populi
258 600 409 681 Romani,
443 599 511 662 sine
540 598 736 670 dubitatione
768 597 834 662 ulla
864 599 1005 662 vinctum
1038 595 1077 660 ad

152 708 294 752 cesarem
316 685 456 751 deduxit.
782 747 786 754 .

99 811 102 815 .
185 772 237 836 45.
266 772 426 842 Labienus
448 771 575 836 interim
597 771 631 834 in
649 769 798 834 Treveris
822 777 967 857 equestre
988 789 1079 856 proe-

122 859 200 925 lium
220 859 296 924 facit
318 857 491 922 secundum
513 855 790 943 compluribusque
813 855 962 921 Treveris
983 857 1080 920 inter-

122 945 214 1010 fectis
248 953 279 1008 et
309 941 493 1025 Germanis,
528 943 581 1029 qui
608 941 704 1006 nullis
737 942 890 1008 adversus
919 941 1080 1006 Romanos

123 1029 243 1096 auxilia
265 1028 483 1116 denegabant,
515 1029 678 1114 principes
708 1049 817 1093 eorum
845 1029 937 1092 vivos
965 1027 1081 1112 redigit

123 1119 158 1182 in
180 1137 269 1180 suam
291 1123 481 1202 potestatem
503 1124 598 1201 atque
627 1115 661 1177 in
689 1113 740 1178 his
762 1113 879 1178 Surum
900 1112 1080 1194 Haeduum,

124 1203 179 1290 qui
201 1210 232 1266 et
253 1203 380 1266 virtutis
403 1209 435 1265 et
456 1201 583 1288 generis
599 1221 753 1265 summam
766 1199 963 1266 nobilitatem
984 1198 1080 1264 habe-

121 1287 178 1353 bat
201 1287 349 1375 solusque
371 1309 413 1350 ex
432 1285 576 1352 Haeduis
598 1285 640 1350 ad
661 1285 695 1350 id
715 1295 840 1372 tempus
862 1293 1082 1370 permanserat

122 1396 156 1438 m
177 1395 282 1440 arnus.

185 1459 237 1524 46.
259 1459 309 1523 Ea
328 1481 365 1524 re
387 1460 514 1544 cognita
535 1456 665 1541 caesar,
705 1479 781 1524 uum
795 1459 829 1522 in
844 1457 988 1524 omnibus
1009 1479 1079 1544 par·

121 1544 206 1610 tibus
229 1544 353 1610 Galliae
379 1544 535 1609 hencres
557 1547 627 1630 geri
646 1481 771 1610 videret
791 1545 1007 1632 iudicaretque
1031 1566 1080 1608 su-

120 1630 300 1718 perioribus
332 1631 459 1696 aestivis
495 1629 634 1696 Galliam
665 1628 822 1695 devictam
857 1631 1081 1715 subactamque

122 1737 206 1800 esse,
236 1716 441 1804 Aquitaniam
469 1726 641 1802 numquam
678 1716 812 1800 adisset,
841 1739 899 1803 per
931 1714 1081 1780 Publium

122 1801 273 1867 Crassum
302 1802 439 1889 quadam
468 1824 509 1868 ex
540 1811 630 1888 parte
657 1800 836 1885 devicisset,
865 1824 937 1866 cum
959 1801 1081 1864 duabus

121 1887 299 1974 legionibus
319 1891 354 1953 in
376 1911 446 1954 eam
474 1897 598 1974 partem
626 1886 751 1954 Galliae
781 1897 829 1951 est
856 1887 1024 1974 profectus,
1047 1896 1082 1950 ut

121 1975 166 2039 ibi
187 1983 363 2039 extremum
384 1984 509 2060 tempus
531 1983 731 2040 consumeret
752 1975 953 2039 aestivorum.
977 1971 1081 2052 Quam

120 2083 188 2126 rem
203 2061 296 2124 sicuti
310 2069 417 2125 cetera
431 2059 575 2125 celeriter
589 2060 785 2145 feliciterque
801 2059 945 2124 confecit.
987 2059 1080 2124 Nam·

121 2168 182 2232 que
203 2167 313 2210 omnes
334 2145 524 2232 Aquitaniae
547 2147 692 2210 civitates
713 2144 835 2232 legatos
851 2145 893 2210 ad
907 2143 1079 2210 Caesarem

119 2233 274 2296 miserunt
316 2230 506 2318 obsidesque
541 2233 571 2296 ei
608 2231 771 2296 dederunt.
829 2230 952 2310 Quibus
984 2230 1081 2295 rebus

119 2319 218 2403 gestis
246 2318 315 2403 ipse
349 2319 490 2405 equitum
516 2317 672 2404 praesidio
708 2316 891 2383 Narbonem
921 2317 1080 2402 profectus

121 2413 177 2486 est,
201 2404 376 2469 exercitum
396 2426 455 2489 per
466 2403 588 2488 legatos
608 2406 643 2468 in
664 2402 799 2470 hiberna
821 2403 968 2467 deduxit:
992 2413 1080 2489 quat·

119 2499 191 2554 tuor
219 2488 250 2554 le
273 2491 362 2554 iones
391 2491 425 2552 in
451 2488 564 2575 Belgio
594 2489 762 2570 collocavit
782 2512 855 2553 cum
875 2489 919 2553 M.
942 2488 1080 2554 Antonio

120 2583 152 2639 et
175 2573 212 2642 Ο.
261 2574 393 2640 rebonio
421 2584 453 2638 et
480 2576 516 2639 P.
538 2575 667 2640 Vatinio
682 2575 812 2663 legatis,
837 2575 915 2639 duas
937 2574 1080 2660 legIones

119 2661 152 2724 in
172 2659 324 2726 Haeduos
346 2659 486 2744 deduxit,
529 2684 642 2727 uorum
656 2663 689 2726 in
705 2663 789 2726 omni
805 2659 911 2726 Gallia
926 2683 1081 2725 summam

119 2769 189 2811 esse
211 2747 428 2812 auctoritatem
456 2685 584 2831 scidbat,
613 2747 692 2811 duas
721 2747 755 2810 in
777 2747 913 2811 Turonis
937 2746 1080 2812 adfines

119 2830 295 2897 Carnutum
314 2834 430 2918 posuit,
453 2855 534 2919 quae
556 2855 681 2898 omnem
702 2831 790 2896 illam
812 2835 977 2917 regionem
1007 2855 1079 2898 con-

117 2919 257 2983 iunctam
272 2917 400 2982 Oceano
423 2918 631 3000 continerent,
654 2919 732 2983 duas
754 2917 891 3005 reliquas
913 2921 947 2982 in
968 2918 1080 2983 Lemo-

116 3005 222 3068 vicum
242 3003 359 3068 finibus
381 3026 445 3069 non
474 3003 568 3090 longe
591 3004 631 3068 ab
664 3004 827 3088 Arvernis,
857 3026 898 3068 ne
943 3027 984 3068 ua
1005 3026 1080 3090 pars

118 3088 241 3155 Galliae
264 3111 365 3154 vacua
386 3089 427 3154 ab
461 3091 602 3155 exercitu
632 3100 724 3154 esset.
774 3090 897 3156 Paucos
920 3027 993 3154 dies
1010 3092 1080 3176 ipse

115 3176 150 3239 in
171 3177 337 3262 provincia
357 3184 507 3259 moratus,
553 3198 627 3240 uum
643 3175 788 3240 celeriter
811 3199 920 3240 omnes
943 3197 1080 3240 conven-

116 3275 165 3325 tus
187 3263 452 3348 percucurrisset,
475 3199 621 3348 publicas
644 3263 875 3327 controversias
899 3283 935 3326 co
959 3272 1079 3343 nosset,

115 3347 198 3413 bene
224 3348 345 3414 meritis
374 3349 516 3496 praemia
542 3346 704 3412 tribuisset
734 3285 961 3434 (cognoscenti
995 3349 1079 3412 enim

1 3455 2 3474 ³
115 3435 288 3498 maximam
309 3433 381 3499 t'acu
394 3442 491 3498 tatem
512 3432 665 3516 habebat,
694 3433 781 3520 quali
813 3435 946 3521 quisque
967 3433 1081 3498 fuisset

116 3521 222 3585 animo
243 3520 278 3584 in
298 3520 393 3584 totius
416 3517 539 3611 Galliae
562 3519 747 3612 defectione,
771 3541 866 3608 quam
888 3520 1081 3586 sustinuerat
