2562 3966
393 258 528 324 COMM.
551 258 614 322 VII
636 258 728 322 CAP.
752 257 888 324 69-73.
1057 255 1131 321 179·

161 431 239 496 inita
262 441 297 493 s'e
326 431 442 515 exigue
471 429 592 512 dierum
622 431 750 516 triginta
776 429 896 496 habere
917 429 1127 510 frumentun*

162 515 220 580 sed
247 513 344 600 paulo
381 517 475 580 etiam
512 515 636 600 longius
665 514 802 580 tolerari
823 519 917 601 posse
950 513 1118 600 parcendo.

161 599 221 681 His
244 601 325 664 datis
347 601 513 683 mandatis,
542 624 604 686 qua
631 624 710 687 opus
733 611 800 664 erat
825 601 1048 682 intermissum,
1072 620 1120 663 sa·

162 685 266 750 cunda
288 685 398 770 vigilia
420 685 544 750 silentio
560 688 733 773 equitatum
748 687 884 750 dimittit.
914 685 1120 749 Frumentum

162 781 255 836 omne
278 769 318 834 ad
346 793 379 836 se
407 771 518 836 referri
546 772 646 855 iubet,
677 773 788 857 capitis
817 793 952 858 poenam
980 772 1036 852 iis,
1067 770 1120 856 qui

161 877 226 920 non
246 858 422 941 paruerint,
452 859 628 940 constituit3
655 880 770 944 pecus,
800 859 888 922 cuius
916 861 1032 940 magna
1054 862 1122 920 erat

161 943 253 1026 copia
287 940 327 1004 ab
361 941 542 1006 Mandubiis
577 941 755 1028 compulsa,
792 943 910 1007 viritim
947 940 1120 1022 distribuit3

160 1026 352 1090 frumentum
374 1049 469 1112 parce
492 1037 523 1090 et
544 1028 697 1113 paulatim
712 1029 816 1092 metiri
838 1028 980 1090 instituit.
1004 1025 1120 1111 Copias
1205 1100 1211 1110 l

72 1142 74 1144 ·
160 1133 285 1194 omnes,
331 1135 388 1176 uas
417 1135 475 1197 pro
504 1115 620 1198 oppido
650 1112 877 1196 collocaverat,
903 1115 945 1178 in
972 1111 1122 1198 oppidum

159 1198 291 1282 recepit.
348 1199 374 1260 is
396 1198 571 1264 rationibus
594 1199 713 1262 auxilia
736 1197 860 1262 Galliae
884 1207 1068 1284 exspectare
1091 1204 1123 1259 et

159 1281 280 1346 bellum
324 1292 392 1346 arat
413 1282 642 1348 administrare.

224 1368 275 1432 72.
300 1306 423 1448 &uibus
445 1369 541 1453 rebus
561 1371 693 1455 cognitis
717 1393 758 1434 ex
780 1370 919 1456 perfugis
935 1377 967 1432 et
989 1366 1122 1453 captivis

161 1451 282 1518 Caesar
293 1451 373 1518 haec
381 1476 499 1540 genera
509 1457 689 1520 munitionis
702 1456 844 1520 instituit.
856 1455 991 1518 Fossam
1005 1453 1122 1539 pedum

159 1539 273 1623 viginti
296 1539 422 1602 directis
444 1539 595 1605 lateribus
619 1541 725 1626 duxit,
747 1550 783 1606 ut
804 1543 871 1605 eius
893 1541 997 1604 fossae
1020 1536 1123 1601 solum

158 1623 345 1688 tantundem
370 1635 508 1710 pateret,
539 1635 691 1712 quantum
727 1648 867 1690 summae
893 1626 998 1689 fossae
1032 1622 1124 1686 labra

159 1709 323 1774 distarent.
367 1710 519 1796 Reliquas
549 1735 659 1779 omnes
691 1713 881 1776 munitiones
911 1710 951 1773 ab
976 1732 1014 1773 ea
1034 1708 1121 1772 fossa

157 1793 257 1880 pedes
281 1795 528 1882 quadringentos
555 1798 699 1880 reduxit,
729 1798 762 1861 id
790 1797 852 1862 hoo
881 1795 1022 1876 consilio,
1047 1816 1122 1879 quo·

158 1881 246 1944 niam
278 1889 402 1946 tantum
429 1891 514 1946 esset
543 1885 723 1948 necessario
758 1884 894 1968 spatium
918 1878 1122 1965 complexus,

158 1987 219 2029 nec
240 1965 335 2030 facile
356 1975 455 2030 totum
486 1990 599 2054 corpus
629 1991 749 2033 corona
777 1969 911 2032 militurn
934 1967 1122 2050 cingeretur,

158 2073 200 2114 ne
223 2051 262 2114 de
290 2053 462 2137 improviso
491 2063 546 2116 aut
576 2063 672 2118 noctu
701 2053 742 2118 ad
769 2055 956 2118 munitiones
985 2052 1124 2116 hostium

158 2135 326 2201 multitudo
342 2137 514 2222 advolaret,
537 2148 591 2202 aut
613 2139 750 2203 interdiu
761 2139 826 2203 tela
846 2141 880 2202 in
894 2147 1020 2202 nostros
1036 2136 1125 2222 operi

159 2222 332 2286 destinatos
356 2225 513 2287 coniicere
542 2235 681 2310 possent.
725 2223 797 2288 Hoc
818 2224 996 2288 intermisso
1021 2223 1123 2308 spatio

160 2307 239 2370 duas
262 2307 364 2372 fossas
388 2309 568 2394 quindecim
590 2310 688 2396 pedes
708 2309 798 2391 latas,
824 2309 935 2374 eadem
958 2308 1124 2384 altitudine

159 2392 324 2478 perduxit3
349 2416 484 2479 quarum
505 2396 688 2459 interiorem
712 2396 943 2480 campestribus
958 2417 995 2458 ac
1011 2394 1123 2456 demis·

160 2479 204 2540 sis
225 2477 303 2542 locis
327 2501 411 2564 aqua
431 2503 474 2543 ex
503 2481 632 2544 flumine
660 2481 803 2545 derivata
825 2480 1004 2565 complevit.
1046 2479 1124 2542 Post

160 2586 215 2628 eas
237 2585 389 2650 aggerem
411 2587 449 2629 ac
475 2565 595 2630 vallum
624 2566 791 2631 duodecim
806 2566 936 2651 =pedum
958 2565 1123 2629 exstmxit.

159 2649 245 2712 Huic
283 2649 415 2714 loricam
449 2651 624 2737 pinnasque
660 2651 777 2714 adiecit
808 2651 980 2736 grandibus
1021 2650 1123 2713 cervis

139 2757 142 2766 ·
161 2735 372 2799 eminentibus
396 2734 437 2799 ad
459 2739 681 2800 commissuras
710 2736 889 2822 pluteorum
912 2746 1006 2822 atque
1029 2756 1123 2821 agge·

159 2821 214 2903 ris,
238 2822 292 2904 qui
320 2843 487 2885 ascensum
508 2820 645 2886 hostium
667 2823 839 2903 tardarent,
862 2831 894 2886 et
924 2831 1028 2886 turres
1057 2828 1122 2884 toto
1148 2834 1155 2839 ”

160 2927 256 2990 opere
283 2907 502 2990 circumdedit,
538 2929 618 2993 quae
645 2908 747 2993 pedes
772 2913 873 2970 LXXX
901 2909 983 2971 inter
1013 2929 1047 2970 se
1076 2905 1122 2968 di·

160 3001 288 3056 starent.
779 3023 781 3028 ,

224 3077 274 3141 73.
297 3076 377 3140 Erat
400 3077 510 3141 eodem
533 3088 674 3164 tempore
697 3089 728 3142 et
749 3079 911 3143 materiari
933 3088 965 3142 et
985 3079 1121 3141 frumen-
1144 3133 1145 3138 ,

159 3163 221 3225 tari
249 3169 280 3226 et
307 3171 412 3225 tantas
447 3164 637 3227 munitiones
673 3163 743 3228 fieri
778 3187 912 3228 necesse
949 3163 1120 3227 deminutis

159 3248 275 3312 nostris
299 3249 408 3332 copiis,
432 3270 513 3334 quae
535 3247 660 3334 longius
683 3249 724 3313 ab
748 3252 858 3314 castris
873 3247 1122 3396 progredieban-

161 3341 231 3416 tur3
253 3355 291 3397 ac
312 3355 549 3420 nonnumquam
572 3357 669 3418 opera
690 3344 799 3402 nostra
822 3335 872 3399 Gra
886 3334 909 3397 li
930 3338 1055 3398 tentare
1077 3340 1122 3413 at·

160 3440 223 3565 que
245 3419 441 3504 eruptionem
466 3441 507 3482 ex
529 3419 644 3504 oppido
667 3419 810 3570 pluribus
833 3421 931 3506 portis
953 3441 1076 3484 summa
1089 3418 1122 3482 vi

175 3524 265 3568 acere
288 3501 501 3570 conabantur.·
518 3503 625 3584 Quare
647 3527 667 3568 a
710 3505 791 3570 haec
813 3527 924 3653 rupqup
948 3528 1046 3591 opera
1068 3503 1122 3568 ad-
