2532 3968
209 249 283 315 rvr
522 205 525 214 ’
552 249 807 315 saumario.

210 422 319 503 tuisse,
341 433 426 486 recte
447 422 578 506 negavit
597 421 777 502 Krancrus3
799 422 943 506 suspicor
955 421 1062 485 umen
1083 443 1161 486 eam

210 506 395 570 collocatam
409 509 505 572 inisse
526 507 610 570 inter
622 507 746 568 numeri
760 507 885 590 signum
899 517 931 570 et
944 527 1057 570 vocem
1070 515 1157 585 eqni-

211 599 300 656 rinus.
322 592 482 656 Exoratur
502 594 585 655 enim
607 590 703 676 vulgo
724 591 914 676 praepositio
939 590 996 655 illa
1015 593 1049 654 in
1070 591 1163 656 nodi-¹

210 676 299 742 cibus
321 677 506 762 compendio
529 673 566 758 ὅ,
589 677 634 740 ita
654 688 690 740 ut
703 678 816 739 mirum
830 699 894 739 non
916 677 965 756 sit,
988 698 1045 739 cur
1065 699 1165 762 prae-1

210 761 341 828 cedente
363 761 444 844 ,D'o‘
466 783 595 825 numero
617 765 657 826 sit
678 762 803 842 omissa,
824 763 887 825 nisi
900 763 933 824 in
947 762 1016 846 ipso
1030 762 1158 825 numeri

210 846 300 932 signo
322 846 370 929 ,Ο6
376 848 581 940 praepositio
603 849 695 929 inest,
718 868 814 932 quum
841 850 978 932 primum
1003 847 1163 932 scriptum·

209 943 295 996 esset
315 938 383 997 Dc
416 939 577 1014 equitibus.

274 1016 379 1082 (123
409 1040 505 1104 quum
535 1025 698 1096 Aquilaria
725 1018 830 1097 locus,
859 1026 894 1082 nt
920 1017 1017 1102 vulgo
1037 1039 1158 1081 nomen

209 1113 365 1184 exaratur,
389 1104 472 1188 apud
494 1101 614 1166 nullum
637 1102 732 1167 alium
755 1105 939 1187 scriptorem
966 1101 1162 1166 commemo·'

209 1198 297 1250 retur
312 1200 438 1273 praeter
455 1187 653 1252 scholiastam
669 1189 790 1252 Lucani
801 1187 856 1274 (ad
870 1187 980 1252 Phars.
995 1186 1050 1268 IV,
1065 1187 1157 1272 585),

209 1274 262 1356 qui
285 1283 365 1337 teste
387 1272 612 1360 Oudendorpio
634 1281 826 1349 Anquillaria
856 1273 967 1354 babet,
1000 1295 1071 1337 cum
1098 1295 1157 1356 op·

209 1359 293 1422 timis
315 1357 404 1422 libris
426 1360 527 1422 Paris.
555 1381 628 1440 sec,
651 1359 745 1422 Vind.
775 1382 822 1444 pr.
848 1358 1026 1423 faciendum
1048 1358 1163 1420 existi·

208 1445 303 1525 mavi,
327 1445 380 1530 qui
401 1443 556 1530 praebent
579 1453 767 1523 Arrqailaria.
789 1444 878 1508 Idem
900 1447 934 1508 in
956 1443 1016 1506 cod
1037 1441 1157 1527 Scalig.

209 1539 323 1610 exstat,
339 1531 399 1593 nisi
414 1530 497 1616 quod
511 1531 624 1594 iterata
638 1540 686 1593 est
701 1528 827 1593 literula
848 1537 877 1604 l;
899 1551 959 1593 nec
980 1551 1044 1592 non
1058 1536 1157 1605 Aque·-

209 1623 290 1679 laria
312 1625 344 1678 et
359 1623 551 1691 Anaaillaria
573 1616 733 1693 lectiones,
750 1636 884 1701 quarum
900 1614 999 1678 altera
1013 1616 1047 1678 in
1061 1611 1169 1676 Laid·-

208 1723 265 1786 pr.,
289 1699 390 1764 altera
410 1702 443 1763 in
464 1700 593 1787 reliquis
616 1700 776 1765 codicibus
799 1710 830 1765 et
851 1700 935 1785 apud
951 1698 1157 1764 scholiastam

207 1785 297 1850 illurn
320 1797 429 1862 exstat,
454 1809 494 1849 ex
515 1787 666 1871 primaria
695 1794 877 1864 Anquilaria
897 1787 997 1850 forma
1022 1783 1158 1849 fluxisse

207 1872 364 1936 videntur.
400 1870 497 1934 Cuius
519 1873 654 1936 nominis
676 1871 794 1936 formae
817 1883 1035 1956 argumentum
1058 1870 1160 1934 etiam·

208 1957 282 2020 inde
299 1968 455 2040 repetere
485 1956 572 2037 licet,
602 1957 686 2041 quod
714 1979 809 2042 quum
830 1956 917 2021 locus
939 1955 993 2020 illc
1019 1953 1161 2037 ,duobus

209 2041 418 2106 eminentibus
447 2043 667 2126 promontoriis
697 2045 860 2107 contineri‘
888 2042 1023 2122 dicatur‚·
1043 2040 1159 2103 eadem·

207 2129 327 2190 nomini
355 2127 448 2190 radix
476 2127 607 2193 subesse
635 2127 772 2208 videtur,
803 2128 887 2192 unde
917 2129 1059 2192 derivata
1081 2147 1160 2190 esse·

208 2223 330 2276 constat
351 2215 478 2276 nomina
500 2214 692 2297 oppidorum,
716 2235 797 2298 quae
812 2212 853 2276 ad
867 2237 954 2276 mare
974 2213 1033 2274 sita
1053 2209 1160 2274 litoris

207 2304 351 2376 anfractu
388 2300 490 2362 sinum
520 2307 552 2361 et
580 2297 715 2362 navibus
752 2300 916 2362 stationem
948 2295 1156 2384 praebebant,

207 2382 314 2530 gualia
329 2393 400 2446 sunt
414 2377 534 2470 Ἀγκών,
543 2377 672 2470 Ἃγκαρα
688 2375 837 2470 Ἀγκΰριον
851 2384 962 2448 Italiae
976 2381 1093 2467 oppida
1107 2378 1156 2465 (v.

232 2469 316 2552 teph.
339 2469 415 2554 Byz.
440 2492 464 2532 s.
486 2476 551 2550 vv.)
581 2480 612 2534 et
634 2470 705 2533 alia.
735 2467 955 2547 Anquilariam
978 2491 997 2530 a
1020 2467 1159 2530 Graecis

207 2554 387 2639 etquidem
409 2555 523 2619 Siculis
550 2565 581 2620 et
602 2554 760 2619 conditam
783 2563 814 2618 et
836 2555 951 2617 dictam
976 2575 1056 2633 esse,
1078 2549 1158 2615 inde

207 2638 395 2704 concludere
417 2639 500 2720 licet,
514 2639 607 2725 ¹quod
630 2638 752 2723 Clupea
780 2637 832 2702 vel
854 2640 949 2724 Aspis
975 2636 1157 2702 Siculorum

208 2722 331 2788 colonia
345 2735 426 2789 teste
442 2729 578 2788 Caesare
593 2747 656 2788 non
672 2724 803 2788 multum
820 2724 859 2787 ab
876 2725 945 2789 loco
960 2722 1014 2787 illo
1030 2720 1160 2787 aberat·
1256 2791 1257 2794 Ἴ

271 2808 360 2886 Quae
388 2809 426 2871 N.
455 2833 482 2872 o.
505 2809 546 2872 29
572 2810 606 2872 in
634 2808 718 2873 hunc
746 2809 873 2874 modum
902 2809 1053 2873 lacunosa
1081 2829 1161 2871 esse

206 2894 408 2958 monstravit:
433 2901 523 2959 Ciuile
539 2901 662 2970 bellam
684 2917 780 2972 aenas
801 2902 960 2977 lominum,
984 2902 1036 2959 cai
1049 2900 1160 2959 licerer

207 2987 299 3044 libere
318 2986 425 3058 facere
447 2995 475 3045 et
495 2989 583 3059 sequi
606 2987 688 3059 qnod
708 2987 811 3054 aellel;
834 2987 967 3060 leqlones
989 3001 1051 3056 eac,
1075 2999 1161 3058 quac

201 3071 299 3146 paulo
322 3079 390 3130 anta
412 3074 497 3147 apua
516 3074 714 3131 adversarios
733 3072 859 3146 sacrant
877 3065 957 3152 (nani
974 3075 1061 3130 etiam
1078 3071 1159 3150 Cae-¹

206 3158 289 3214 saris
304 3157 478 3228 beneficiam
492 3163 658 3216 nataverat
672 3158 866 3234 consuetudo,
892 3173 952 3230 qua
968 3159 1157 3230 offerrentur

208 3281 339 3300 ......
362 3245 527 3318 municipia
551 3246 637 3302 eliam
660 3245 799 3300 aduersis
824 3245 968 3316 partibas
990 3243 1156 3300 contionata

208 3320 242 3406 (†
264 3343 360 3399 neque
382 3331 469 3386 enini
484 3345 523 3386 ex
553 3329 669 3386 Marsis
700 3327 893 3400 Peliynisqae
919 3328 1091 3394 veniebant
1119 3333 1158 3383 at

209 3412 261 3481 qai
289 3415 448 3486 superiore
473 3421 561 3472 nocta
583 3455 714 3472 ......
738 3415 769 3471 in
797 3415 1004 3472 contuberniis
1025 3413 1047 3484 †
1073 3425 1156 3470 com·

206 3495 371 3568 militesque
392 3499 530 3557 nonnulli
554 3501 702 3572 praviora
718 3537 848 3556 ......
864 3513 1016 3558 sermones
1031 3491 1158 3556 militam
