2532 3968
219 199 315 262 XXII
567 198 822 268 PRAEFATIO.

220 371 412 458 Gergoviam
435 372 638 437 defendentes
662 378 818 435 evocaret.
857 369 968 456 Neque
990 372 1023 436 id
1044 374 1178 460 plaeere

218 465 331 542 potest,
354 458 438 542 quod
459 458 567 542 iugum
587 458 654 521 fere
675 478 739 521 non
761 457 821 519 nisi
843 455 888 519 ibi
911 456 1055 522 silvestre
1073 459 1178 528 fuisse

219 543 340 626 dioitru,
364 542 419 606 ubi
437 542 491 605 ille
511 542 551 605 nd
569 542 718 628 oppidum
748 541 850 604 aditus
877 552 977 625 esset3
1010 549 1177 629 sequentis

219 630 303 692 enim
319 629 430 712 eapitis
445 627 568 691 verbis:
592 635 752 706 Lentonem
774 648 863 690 anam
882 635 983 692 eodem
998 639 1070 708 iano
1085 640 1177 696 mitat

218 726 247 778 et
256 721 382 794 paulam
392 734 591 793 propressam
607 718 752 792 inferiore
773 721 929 778 constituit
950 721 1015 778 loeo
1038 723 1178 780 sitvis-

217 821 290 877 nae
320 806 492 862 occultat
519 807 626 883 aperte
657 798 890 861 demonstratur
912 800 1007 862 etiam
1028 799 1176 868 infimum
1248 797 1249 802 ’

217 885 324 968 iugum
352 882 495 948 silvestre
524 885 630 947 fuisse.
669 882 779 950 Altera
807 883 921 948 deiude
947 884 1114 949 difficultas
1130 889 1174 952 'in

217 991 255 1033 eo
277 970 381 1053 posita
403 979 459 1050 est,
482 969 567 1054 quod
590 967 758 1032 Caesarem
788 976 900 1033 dorsus
921 969 1093 1036 masculino
1116 995 1174 1058 ge-

215 1075 293 1116 nere
315 1053 434 1117 dixisse
448 1054 640 1138 persuadere
661 1053 752 1119 nobis
774 1054 928 1118 iubemur.
965 1062 1087 1120 Derras
1108 1057 1175 1124 for-

182 1168 189 1182 ,
216 1161 268 1202 ma
289 1162 352 1202 non
374 1140 436 1201 nisi
457 1140 490 1200 in
512 1139 566 1202 illo
587 1139 750 1203 Plautinae
771 1139 881 1202 Militis
904 1139 974 1205 loeo
995 1141 1036 1221 II,
1059 1142 1089 1223 4,
1111 1143 1171 1206 44:

217 1231 259 1288 ita
289 1232 402 1288 dorsus
430 1237 509 1288 totas
530 1233 636 1305 prurit
670 1233 792 1305 exstat3
816 1224 872 1288 sed
916 1249 991 1290 uum
1020 1227 1072 1290 hio
1093 1250 1175 1312 pars

215 1308 273 1372 illa
294 1310 434 1394 eorporis
463 1308 592 1373 humani
613 1310 816 1394 significetur,
846 1249 933 1374 nulio
960 1321 1064 1375 autem
1094 1315 1174 1376 sori·

215 1395 314 1480 pteris
339 1394 409 1458 loeo
430 1393 483 1458 vel
504 1397 698 1480 grammatici
720 1397 897 1460 testimonio
925 1397 1096 1481 probatum*
1119 1400 1174 1482 sit,

216 1487 328 1544 dorsus
350 1480 484 1542 formam
505 1503 643 1566 unquam
660 1480 704 1543 ‚de
719 1483 871 1547 montium
892 1483 966 1566 iugo
985 1493 1172 1568 usurpatam

217 1587 296 1645 esse,
319 1565 425 1629 taedet
446 1565 512 1628 fere
535 1575 671 1632 statuere
688 1565 875 1646 Caesarem,
891 1569 944 1651 qui
965 1566 1082 1653 ubique
1105 1569 1173 1632 ser-

214 1673 307 1716 mone
336 1650 457 1714 urbano
486 1673 562 1714 usus
590 1661 654 1734 est,
686 1674 791 1737 neque
818 1651 939 1716 futilem
971 1653 1172 1719 indicendo

215 1746 358 1801 ornatum
381 1738 542 1821 appetivit,
566 1759 669 1822 neque
692 1739 825 1802 orationi
854 1739 1041 1822 gravitatem
1062 1741 1171 1824 prisea

215 1821 395 1906 dudumque
440 1821 582 1886 obsoleta
621 1822 777 1886 voeabula
820 1822 998 1889 adhibendo
1041 1825 1172 1890 efficere
1248 1873 1249 1886 ,

215 1906 349 1989 studuit,
372 1907 423 1970 hio
444 1909 531 1970 vocis
552 1907 684 1972 formam
714 1929 755 1971 ex
776 1907 929 1972 Plautinis
952 1910 1073 1974 horreis
1097 1933 1170 1975 esse

214 2001 398 2056 mutuatum.
442 1991 590 2076 Denique
627 1994 720 2056 etiarn
757 2016 935 2078 pronomen,
964 2003 1045 2061 hane
1072 2019 1170 2079 aegre

213 2077 288 2140 ferri
309 2099 440 2143 neeesse
463 2088 525 2160 est,
549 2101 645 2164 quum
660 2081 775 2142 rectius
797 2078 881 2141 haud
900 2080 994 2144 dubie
1010 2081 1172 2144 diceretur

214 2169 270 2226 sed
291 2185 365 2226 eam
388 2171 552 2227 silvestrem
573 2177 601 2227 et
615 2176 781 2242 raptatam.
806 2163 895 2242 Quae
911 2189 1007 2250 quum
1029 2167 1073 2229 ita
1095 2168 1166 2248 sint,

212 2270 276 2311 non
305 2247 447 2311 dubitavi
468 2249 640 2312 remedium
671 2249 837 2330 adhibere,
867 2251 951 2335 quod
977 2274 1167 2337 quamquam

214 2332 381 2397 violentius
410 2333 513 2396 videri
542 2343 661 2418 potest,
691 2344 797 2397 tamen
819 2357 916 2398 unum
939 2337 1081 2418 videtur,
1104 2360 1169 2422 quo

213 2419 319 2490 onmia
346 2419 567 2502 expediantur,
595 2441 698 2504 neque
728 2421 935 2482 excusatione,
962 2430 1056 2484 earet.
1099 2421 1153 2484 Mu

211 2511 276 2567 tato
300 2506 383 2568 enim
405 2503 573 2567 verboram
595 2505 703 2566 ordine
726 2503 925 2570 scribendum
941 2528 1011 2569 esse
1027 2508 1167 2570 eonieoi:

214 2594 378 2652 Constabat
399 2596 476 2651 inter
492 2609 601 2664 omnes,
622 2597 708 2667 ¹qaod
729 2597 787 2653 tam
808 2596 920 2653 Caesar
936 2613 996 2670 per
1019 2598 1163 2670 explora-

213 2686 296 2738 tores
324 2685 520 2751 coenaverat,
550 2680 672 2738 dorsum
701 2697 770 2738 esse.
795 2683 860 2740 etas
883 2683 949 2754 tant
976 2683 1167 2741 silvestre

213 2772 247 2823 et
281 2771 500 2836 nannetum,
536 2767 592 2824 sed
618 2767 710 2824 nine
741 2782 865 2840 prope
898 2783 1071 2840 aequam,
1106 2785 1167 2840 qna

212 2857 291 2910 esset
319 2851 420 2908 editas
449 2851 491 2907 ad
517 2852 641 2909 alteram
666 2859 788 2926 partem
824 2855 937 2926 oppidi.
965 2847 1065 2910 -.Inde
1102 2848 1167 2910 iam

211 2939 308 3015 patet,
332 2951 388 2992 eur
409 2930 558 3014 peringae
581 2930 773 2995 addiderint:
797 2939 981 2996 aenetnenter
1003 2940 1075 2996 lente
1097 2941 1167 2996 illes

212 3023 279 3091 loeo
304 3023 420 3096 timere,
444 3053 484 3062 -
507 3023 601 3080 etad
621 3024 701 3080 tane
722 3025 912 3082 muniendam
935 3039 1071 3092 omnesa
1093 3025 1166 3082 Ver·

212 3108 399 3179 cinaeeortae
433 3115 578 3167 enecatos.
632 3101 791 3166 Turbatae
828 3106 985 3188 genuinae
1018 3102 1166 3167 iectionis

212 3187 364 3270 originem
380 3209 421 3250 ex
440 3186 590 3252 adverbio
605 3194 677 3252 hine
694 3189 897 3273 repetendam
920 3213 990 3254 esse
1009 3190 1166 3253 existimo.

211 3269 246 3334 Si
275 3274 358 3335 enim
385 3272 531 3355 facimus,
559 3279 631 3338 Ieme
652 3283 705 3336 aut
726 3276 867 3358 magistri
893 3277 1053 3340 cuiusdam
1075 3277 1165 3339 indu-

211 3358 297 3437 stria,
322 3357 666 3441 quemdemonstrativi
688 3358 771 3422 illius
788 3359 931 3425 adverbii
953 3384 1028 3425 usus
1051 3364 1164 3425 mirum

211 3435 366 3513 habebat,
396 3451 547 3506 mutatum
575 3465 645 3508 esse
667 3445 701 3507 in
726 3452 820 3524 tnnc,
852 3456 906 3508 aut
928 3469 1002 3511 oasa
1028 3448 1060 3508 in
1083 3447 1166 3510 hane
