2534 3970
292 239 425 305 oomr
448 239 496 304 1n
519 241 611 306 cnr.
634 241 772 324 29-1v,
797 244 887 308 1-2.
1022 243 1063 308 ca

113 415 250 494 amari,
299 433 352 484 uo,
361 412 490 475 Rhenus
512 411 621 474 influit
667 410 772 476 Causa
792 414 975 478 transeundi
994 413 1062 496 fuit,

114 498 198 586 quod
220 498 262 562 ab
277 436 391 562 huobis
414 495 590 580 complures
611 503 710 560 annos
726 500 873 582 exagitati
887 497 971 565 bello
993 522 1062 584 pre.

114 581 282 648 mebantur
311 591 342 646 et
369 581 561 668 agricultura
588 581 842 667 prohibebantur.
887 583 1063 648 Sueborum

114 691 193 755 gens
208 677 258 733 est
272 667 366 751 longe
380 667 520 730 maxima
535 676 566 730 et
579 665 819 732 bellicosissima
833 667 1063 734 Germanorum

116 754 265 820 omnium.
295 752 339 820 Hi
360 762 486 816 centnm
508 775 549 836 pa
572 773 606 817 os
629 750 746 816 habere
762 753 916 836 dicuntur,
940 777 982 818 ex
997 755 1063 840 qui-

114 839 175 904 bus
187 838 354 924 quotannis
370 836 494 921 singula
507 837 548 900 m'
563 838 595 900 ia
609 847 798 902 armatorum
812 836 952 904 bellandi
967 861 1064 904 causa

115 947 158 990 ex
178 923 294 987 finibus
325 921 469 986 educunt
512 920 652 1007 Reliqui,
683 925 737 1008 qui
759 923 844 986 domi
872 933 1062 1007 manserunt,

116 1032 151 1074 ae
173 1018 266 1094 atque
287 1007 359 1073 illos
382 1007 478 1072 alunt.
514 1007 558 1070 Hi
579 1029 688 1070 rursus
710 1009 744 1070 in
765 1010 867 1074 vicem
888 1032 971 1075 anno
992 1017 1065 1096 post

116 1096 150 1158 in
171 1095 268 1158 armis
290 1101 370 1174 sunt,
393 1091 440 1156 illi
462 1091 547 1156 domi
568 1102 740 1157 remanent.
784 1089 838 1157 Sic
858 1117 961 1180 neque
983 1117 1002 1158 a
1023 1095 1064 1158 rie

116 1178 239 1243 cultura
258 1200 319 1242 nec
339 1178 419 1242 ratio
442 1186 536 1263 atque
558 1199 632 1241 usus
655 1176 732 1241 belli
752 1179 971 1248 intermittihrr.
1000 1119 1064 1243 ded

116 1265 232 1414 privati
260 1284 298 1328 ae
327 1265 463 1348 separati
492 1263 561 1346 agri
590 1262 675 1347 apud
702 1285 755 1327 eos
777 1262 855 1328 nihil
881 1273 937 1344 est,
960 1286 1064 1350 nequo

127 1350 242 1433 ongius
264 1370 345 1412 anno
368 1369 533 1413 remancre
563 1370 623 1411 uno
644 1351 677 1412 in
699 1343 769 1412 loco
790 1348 948 1414 incolendi
969 1371 1064 1414 causa

116 1434 199 1499 licea
243 1433 354 1518 Neque
375 1431 507 1496 multum
528 1432 697 1515 frumento,
721 1432 778 1497 sed
798 1437 968 1499 maximam
990 1456 1062 1520 par·

116 1528 181 1583 tem
209 1517 291 1582 lacte
313 1527 406 1602 atque
435 1539 550 1602 pecore
578 1519 690 1582 vivunt
717 1517 911 1605 multumque
939 1530 1010 1583 sunt
1030 1520 1064 1582 in

116 1603 351 1684 venationibus3
380 1625 460 1688 quae
481 1611 586 1666 res'et
608 1603 670 1666 cibi
691 1625 809 1689 genere
831 1612 862 1667 ct
884 1604 1065 1690 quotidiana

117 1689 342 1754 exercitatione
357 1696 388 1752 et
409 1686 552 1753 libertate
574 1689 667 1770 vitae,
691 1711 787 1773 quum
809 1712 828 1758 a
848 1690 955 1775 pueris
975 1687 1063 1754 nullo

117 1773 219 1839 officio
242 1781 297 1836 aut
318 1772 483 1857 disciplina
512 1773 680 1836 assuefacti
700 1772 779 1836 nihil
809 1777 934 1839 omnino
957 1782 1065 1838 eontra

117 1858 311 1924 voluntatem
332 1857 456 1939 faciant,
481 1867 512 1920 et
526 1859 610 1922 vires
632 1857 688 1922 alit
702 1867 733 1921 et
747 1860 875 1923 immani
897 1881 1063 1944 corporum

117 1943 334 2028 magnitudine
357 1943 498 2006 homines
521 1942 624 2007 efficit.
661 1943 766 2028 Atque
787 1944 913 2014 ineam
935 1967 969 2008 se
991 1967 1063 2009 con·

117 2027 316 2094 suetudinem
338 2027 551 2110 adduxerunt,
574 2038 608 2091 ut
629 2027 707 2092 locis
729 2029 939 2113 frigidissimis
960 2052 1065 2116 neque

117 2115 249 2179 vestitus
272 2122 398 2198 praeter
419 2111 519 2199 pelles
541 2112 696 2177 haberent
717 2115 898 2199 quicquam,
933 2137 1064 2201 quarum

116 2208 247 2286 propter
268 2199 472 2282 exiguitatem
493 2220 610 2282 magna
624 2208 672 2262 est
694 2201 833 2284 corporis
848 2222 922 2284 pars
945 2210 1063 2285 aperta,

117 2293 148 2348 et
168 2283 350 2348 lavarentur
370 2284 403 2346 in
424 2283 614 2348 fluminibus.

180 2369 210 2432 2.
233 2367 460 2433 Mercatoribus
490 2377 538 2432 est
561 2368 665 2432 aditus
695 2371 795 2452 magis
823 2391 875 2450 eo,
905 2379 955 2451 ut,
983 2392 1063 2456 quae

116 2453 201 2519 bello
225 2455 374 2538 ceperint,
398 2453 511 2539 quibus
533 2453 682 2535 vendant,
705 2454 856 2536 habeant,
887 2477 980 2540 quarn
1002 2477 1063 2540 quo

115 2539 214 2603 ullam
239 2561 307 2602 rem
329 2538 370 2602 ad
392 2561 426 2602 se
447 2539 610 2627 importari
632 2539 818 2614 desiderent.
863 2539 947 2619 Quin
971 2541 1064 2604 etiam

115 2625 274 2706 iumentis,
297 2623 410 2708 quibus
433 2626 569 2686 maxime
592 2623 678 2687 Galli
700 2623 895 2688 delectantur
921 2645 1064 2725 quaeque

116 2712 261 2794 impenso
299 2718 412 2794 parant
445 2711 561 2794 pretio,
598 2708 750 2786 Germani
784 2713 958 2796 importans
997 2732 1063 2775 non

116 2803 257 2874 nummi,
281 2793 338 2856 sed
360 2816 440 2880 quae
463 2803 536 2857 sunt
557 2794 642 2879 apud
664 2817 717 2859 eos
740 2805 828 2876 nata,
851 2817 949 2880 parva
971 2804 1064 2882 atque

117 2879 286 2960 deformia,
314 2878 393 2942 haec
419 2879 601 2964 quotidiana
634 2881 856 2944 exercitatione
884 2883 998 2944 summi
1030 2889 1065 2948 ut

118 2967 181 3028 sint
202 2962 321 3028 laboris
344 2963 490 3029 efficiunt
533 2964 742 3050 Equestribus
764 2964 892 3050 proeliis
915 2988 1009 3050 saepe
1025 2987 1065 3028 ex

117 3051 207 3136 equis
236 3049 384 3113 desiliunt
401 3115 403 3120 ,
419 3072 457 3113 ac
492 3047 625 3134 pedibus
658 3050 872 3134 proeliantur,
903 3072 1064 3136 equosque

118 3133 230 3199 codem
252 3155 417 3200 remanere
438 3135 570 3220 vestigio
594 3136 843 3217 assuefecernnt,
866 3135 907 3199 ad
930 3157 1007 3221 quos
1030 3156 1065 3198 so

117 3219 280 3300 celeriter,
315 3241 411 3305 quum
438 3242 513 3284 usus
536 3230 597 3302 est,
634 3221 803 3305 recipiunt;
827 3242 929 3306 neque
957 3243 1065 3284 eorum

117 3304 258 3370 moribus
272 3306 394 3390 turpius
410 3306 576 3390 quicquam
591 3315 645 3369 aut
659 3307 787 3370 inertius
810 3305 954 3386 habetur,
972 3328 1066 3390 quam

117 3389 275 3491 ephippiis
296 3393 351 3455 uti.
396 3388 506 3476 Itaque
529 3389 569 3452 ad
593 3392 734 3476 quemvis
763 3413 928 3454 numerum
958 3391 1065 3476 ephi·

116 3486 273 3560 pratorum
294 3479 435 3563 equitum
458 3477 599 3560 quamvis
621 3477 713 3561 pauci
736 3475 823 3538 adire
846 3474 971 3538 audent.
1011 3414 1065 3538 lll-
