2562 3966
184 203 244 270 108
438 205 499 268 DE
520 204 665 272 BELLO
688 205 880 272 GALLIOO

180 375 367 458 instituitur3
402 384 504 441 turres
534 376 788 460 contabulantur,
817 379 935 463 pinnae
960 377 1139 463 loricaeque

181 481 223 524 ex
237 459 375 525 cratibus
390 469 582 526 attexuntur.
605 463 679 548 Ipse
695 461 818 548 Cicero,
843 485 939 548 quum
954 464 1139 528 tenuissima

180 544 363 611 valetudine
386 556 479 628 esset,
506 569 547 611 ne
572 557 761 614 nocturnum
783 548 910 635 quidem
932 547 993 613 sibi
1014 557 1137 633 tempus

181 629 222 694 ad
252 633 389 717 quietem
416 631 629 718 relinquebat,
657 643 693 698 ut
718 633 802 698 ultro
827 632 963 698 militum
983 655 1138 698 concursu

181 738 219 780 ac
240 717 372 781 vocibus
395 716 456 782 sibi
477 739 610 802 parcere
633 729 807 804 cogeretur.

242 801 294 865 41.
317 802 408 867 Tunc
429 802 526 868 duces
548 804 770 890 princ1pesque
787 804 985 885 Nerviorum
1009 805 1062 888 qui
1084 803 1138 868 ali·
1247 840 1253 859 ι

202 909 274 952 uem
303 888 456 952 sermonis
492 887 612 952 aditum
649 911 839 974 causamque
875 891 1031 954 amicitiae
1067 911 1139 952 omn

180 910 334 1037 dicerene
357 971 526 1055 habebant,
549 973 687 1060 colloqui
709 995 779 1038 sese
794 974 878 1038 velle
900 975 1016 1039 dicunt.
1040 973 1140 1038 Facta

180 1065 333 1142 potestate
355 1058 476 1139 eadem,
500 1081 582 1145 qnae
604 1059 771 1124 Ambiorix
793 1083 865 1124 cum
877 1060 999 1125 Titurio
1022 1069 1138 1144 egerat,

180 1152 443 1208 commemorant:
466 1165 591 1210 omnem
613 1167 684 1208 esse
711 1145 745 1208 in
766 1147 862 1210 armis
885 1145 1037 1227 Galliam3
1061 1144 1139 1209 Ger·

179 1249 289 1292 manos
318 1227 462 1293 Rhenum
498 1231 664 1312 transisse;
701 1230 849 1294 Caesaris
884 1231 1138 1316 reliquorumque

179 1312 311 1377 hiberna
333 1315 517 1400 oppugnari.
550 1314 682 1380 Addunt
703 1318 797 1380 etiam
824 1315 865 1379 de
889 1315 1000 1379 Sabini
1021 1323 1137 1380 morte:

180 1398 399 1485 Ambiorigem
420 1408 580 1466 ostentant
600 1400 676 1465 fidei
696 1401 862 1466 faciundae
885 1422 990 1465 causa
1019 1399 1138 1464 Errare

180 1505 235 1548 eos
257 1483 373 1567 dicunt,
397 1487 424 1549 si
466 1486 613 1571 uiequam
634 1485 675 1550 ab
697 1485 746 1550 his
761 1485 910 1572 praesidii
925 1494 1061 1572 sperent,
1084 1485 1139 1570 qui

180 1571 245 1638 suis
267 1570 362 1635 rebus
385 1570 452 1635 diffi
494 1581 544 1654 nt;
568 1593 638 1635 sese
659 1581 767 1636 tamen
789 1571 849 1636 hoc
871 1593 941 1636 esse
962 1572 996 1634 in
1012 1569 1138 1636 Cicero·

179 1647 488 1743 nem'populumque
509 1657 688 1721 Romanum
717 1658 830 1738 animo,
854 1668 888 1722 ut
909 1656 989 1720 nihil
1009 1657 1071 1720 nisi
1092 1655 1137 1719 hi·

180 1739 280 1806 berna
300 1751 449 1807 recusent
470 1751 565 1828 etque
586 1742 672 1806 hanc
685 1744 917 1808 inveterascere
940 1740 1138 1806 consuetudi·

180 1847 254 1890 nem
275 1827 391 1893 nolint:
414 1827 512 1892 licere
526 1826 589 1892 illis
611 1825 821 1892 incolumibus
836 1850 893 1913 per
915 1849 949 1892 se
972 1849 1014 1891 ex
1035 1826 1138 1891 hiber-

179 1913 228 1975 nis
251 1911 415 1977 discedere
437 1922 477 1995 et,
522 1935 651 1977 uascum
674 1935 714 1976 ue
740 1914 783 1976 in·
802 1921 909 1998 partes
938 1912 1046 1994 velint,
1071 1913 1138 1976 sine

179 2005 266 2060 metu
286 1998 452 2083 proficisci.
491 1937 602 2063 (liceto
625 1935 673 2062 ad
687 1999 766 2062 heec
787 2021 885 2063 unum
900 1998 993 2063 modo
1009 2019 1137 2082 respon·

180 2081 240 2145 dit:
261 2105 327 2148 non
348 2105 420 2148 esse
441 2083 701 2150 consuetudinem
722 2083 832 2170 populi
846 2084 978 2148 Romani
995 2085 1138 2232 accipere
1184 2139 1187 2146 .
1274 2095 1275 2102 ’

1085 2188 1138 2231 ere

180 2165 221 2230 ab
243 2167 334 2232 hoste
356 2179 476 2234 armato
499 2168 726 2234 conditionem:
751 2171 778 2232 si
800 2169 841 2233 ab
863 2170 960 2234 armis
975 2169 1061 2234 disce

181 2250 289 2336 velint,
313 2276 347 2318 se
375 2255 518 2319 adiutore
545 2264 673 2319 utantur
695 2254 880 2340 legatosque
903 2255 944 2318 ad
966 2253 1137 2318 Caesarem

180 2337 320 2422 mittant3
342 2361 471 2426 sperare
492 2363 549 2426 pro
572 2341 639 2404 eius
660 2340 787 2422 iustitia,
811 2362 891 2426 quae
902 2341 1059 2426 petierint,
1081 2339 1137 2402 im·

202 2433 366 2490 stratores.

180 2444 200 2508 p
243 2511 295 2574 42.
318 2510 369 2575 Ab
391 2509 452 2574 hac
482 2533 537 2596 spe
558 2509 679 2596 repulsi
703 2509 813 2574 Nervii
841 2510 926 2576 vallo
954 2510 1071 2596 pedum
1100 2517 1145 2572 tx,

180 2606 213 2664 et
233 2596 319 2660 fossa
338 2595 456 2682 pedum
477 2603 529 2658 XV
551 2595 686 2660 hiberna
706 2596 757 2660 ein
823 2605 846 2660 t.
882 2596 972 2660 Haec
994 2603 1025 2658 et
1047 2617 1137 2680 supc-

180 2684 298 2746 riorum
320 2703 473 2746 annorum
495 2681 720 2747 consuetudine
747 2703 767 2744 a
810 2680 901 2746 nobis
924 2691 1139 2766 cognoverant

181 2777 213 2832 et
234 2767 386 2854 quosdam
408 2766 448 2830 dc
478 2768 619 2832 exercitu
647 2765 808 2830 habebant
836 2767 989 2852 captivos,
1020 2764 1060 2829 ab
1088 2765 1138 2829 his

181 2852 392 2935 docebantur5
423 2852 480 2916 sed
508 2851 596 2916 nulla
624 2851 884 2916 ferramentorum
913 2853 1020 2936 copia,
1058 2871 1138 2936 quae

181 2948 265 3004 esset
287 2937 433 3002 adhunc
454 2960 547 3002 usum
567 2936 692 3018 idonea,
714 2935 827 3022 gladiis
850 2937 985 3022 cespites
1008 2939 1138 3000 circum·

181 3024 297 3106 cidere,
320 3023 466 3088 manibus
479 3022 661 3108 sagulisque
675 3031 792 3086 terram
807 3022 976 3086 exhaurire
994 3020 1138 3088 niteban-

181 3117 240 3174 tur.
271 3106 344 3188 Qua
365 3108 493 3195 quidem
515 3130 556 3173 ex
577 3128 613 3171 re
632 3107 794 3172 hominum
808 3106 974 3172 multitudo
990 3109 1138 3192 cognosci

181 3195 297 3280 potuit:
319 3215 394 3258 nam
407 3195 512 3259 minus
524 3192 609 3259 horis
624 3191 724 3256 tribus
739 3192 858 3256 milium
870 3214 1021 3280 passuum
1036 3199 1088 3254 XV
1103 3192 1137 3256 in

181 3280 314 3344 circuitu
339 3280 546 3344 munitionem
573 3277 774 3364 perfecerunt
801 3277 861 3350 reli
884 3279 995 3364 uisque
1025 3277 1136 3342 diebus

180 3372 282 3429 turres
298 3363 338 3429 ad
353 3363 549 3429 altitudinem
567 3362 654 3446 valli,
676 3361 774 3428 falces
789 3300 1034 3449 testudinesque,
1058 3383 1136 3448 quas

180 3449 276 3516 iidem
299 3450 414 3536 captivi
437 3449 618 3531 docuerant,
640 3468 754 3535 parare
776 3469 814 3512 ac
834 3447 939 3512 facere
955 3457 1136 3535 coeperunt.
