2490 3974
215 187 279 252 202
525 186 656 252 BELLI
676 186 867 252 AFRIOAE

215 359 453 445 perterritisque
476 371 508 424 et
529 381 713 424 concessam
735 369 833 422 vitam
855 368 888 422 et
901 359 1009 444 ignota
1032 367 1205 446 peccata3

217 443 331 529 quibus
354 443 451 508 rebus
473 466 645 529 numquam
667 453 756 508 tauta
779 454 960 529 suppeteret
981 447 1203 530 exipsorum

216 530 331 592 inertia
353 529 607 615 conscientiaque
631 530 728 592 animi
749 530 902 593 victoriae
923 529 1051 613 fiducia,
1079 539 1121 594 ut
1149 551 1202 592 ca

218 625 284 678 stra
313 637 371 678 sua
397 614 515 679 adoriri
544 614 706 679 auderent.
729 614 900 678 Praeterea
929 617 1030 701 ipsius
1068 637 1201 680 nomen

217 700 449 784 auctoritasque
479 722 595 786 magna
624 722 664 764 ex
693 709 783 784 parte
813 721 921 763 eorum
944 701 1113 766 exercitus
1140 701 1201 763 mi·

217 782 336 849 nuebat
347 786 519 850 audaciam.
544 785 624 848 Tum
637 783 784 871 egregiae
798 785 988 850 munitiones
1004 795 1199 849 castrorum

219 879 314 956 atque
335 870 413 935 valli
434 870 653 957 fossarumque
676 868 807 934 altitudo
823 878 856 932 ct
870 881 960 934 extra
981 870 1112 934 vallum
1130 869 1199 933 stili

220 956 308 1018 caeci
329 955 506 1020 mirabilem
528 957 562 1018 in
583 954 712 1022 modum
734 955 846 1018 consiti
868 955 921 1019 vel
943 958 1011 1020 sinc
1035 954 1195 1019 defenso

218 1039 306 1104 ribus
337 1040 456 1106 aditum
485 1039 682 1106 adversariis
710 1039 936 1125 prohibebant:
964 1041 1197 1126 scorpionum,

219 1125 449 1211 catapultarum
461 1136 702 1212 ceterorumque
709 1124 852 1206 telorum,
865 1147 946 1211 quae
958 1126 999 1190 ad
1010 1125 1197 1190 defenden-

223 1211 298 1274 dum
313 1210 417 1276 solent
436 1213 550 1297 parari,
575 1231 728 1296 magnam
752 1211 875 1294 copiam
901 1211 1051 1276 habebat.
1078 1211 1196 1297 Atque

219 1296 298 1360 haec
313 1306 442 1382 propter
464 1299 621 1362 exercitus
637 1298 686 1360 sui
700 1297 874 1380 praesentis
889 1298 1088 1382 paucitatem
1105 1306 1142 1361 ct
1158 1298 1194 1358 ti-

218 1383 374 1446 rocinium
384 1389 639 1468 praeparaverat,
662 1380 873 1446 nonhostium
895 1383 928 1446 vi
950 1391 982 1448 et
997 1391 1089 1444 metu
1107 1403 1194 1446 com-

219 1476 323 1531 motus
360 1470 509 1533 otiantem
522 1490 556 1532 se
570 1465 777 1552 timidumque
788 1465 925 1530 hostium
939 1467 1086 1552 opinioni
1097 1489 1193 1552 prae

219 1551 325 1617 bebat.
371 1575 452 1640 eque
474 1552 593 1618 idcirco
615 1574 652 1617 co
675 1553 732 1634 ias,
750 1573 941 1640 quamquam
956 1561 1046 1616 erant
1059 1573 1193 1637 paucae

220 1639 431 1724 tironumque,
461 1661 525 1704 non
548 1575 704 1702 educebat
724 1638 758 1701 in
780 1637 891 1720 aciem,
925 1637 1009 1723 quod
1030 1639 1192 1702 victoriae

221 1746 349 1789 suorum
372 1723 543 1807 diffiderem
560 1723 617 1789 sed
631 1723 752 1788 referre
767 1721 989 1804 arbitrabatur,
1006 1723 1191 1787 cuiusmodi

222 1811 356 1878 victoria
383 1820 466 1876 esset
494 1811 614 1876 futura:
647 1819 739 1894 turpe
773 1810 857 1874 enim
886 1808 947 1872 sibi
979 1809 1191 1872 existimabat

220 1904 267 1960 tot
287 1896 383 1960 rebus
406 1899 503 1981 gestis
518 1896 612 1960 tantis
635 1917 676 1958 ue
692 1894 883 1959 exercitibus
898 1894 1042 1976 devictis,
1058 1903 1189 1958 tottam

222 1980 316 2046 claris
337 1983 478 2047 victoriis
494 1982 593 2067 partis
608 1919 648 2044 db
664 1979 796 2065 reliquis
812 1981 910 2066 copiis
925 1979 1188 2044 adversariorum

222 2088 350 2132 suorum
386 2089 427 2130 ax
469 2068 545 2152 fuga
581 2064 721 2130 collectis
758 2086 792 2128 se
829 2075 992 2130 cruentam
1034 2063 1188 2150 adeptum

224 2153 398 2218 existimari
433 2153 608 2220 victoriam.
652 2149 764 2236 Itaque
806 2154 1012 2216 constituerat
1049 2149 1188 2235 gloriam

223 2237 529 2324 exsultationcmque
542 2259 650 2302 eorum
664 2237 747 2321 pati,
762 2236 863 2301 donec
878 2237 939 2302 sibi
959 2244 1187 2300 veteranarum

222 2320 384 2406 legionum
418 2345 493 2408 pars
535 2322 641 2407 aliqua
675 2323 710 2386 in
745 2322 884 2386 secundo
920 2330 1101 2386 commeatu
1139 2343 1188 2386 oc

224 2409 383 2472 currisset

288 2494 339 2556 32.
363 2492 469 2578 Scipio
491 2493 618 2558 interim
639 2491 740 2578 paulis
764 2515 808 2574 er,
831 2501 867 2556 ut
888 2500 981 2556 antea
1003 2491 1082 2573 dixi,
1100 2493 1134 2555 in
1151 2513 1188 2555 eo

223 2575 293 2642 loco
317 2590 535 2661 commoratus,
558 2588 593 2643 ut
615 2579 706 2664 quasi
735 2514 920 2663 despexisse
943 2576 1118 2641 Gaesarem
1141 2578 1186 2640 vi-

224 2662 361 2746 deretur,
390 2665 542 2749 paulatim
567 2664 692 2728 reducit
718 2686 791 2728 suas
820 2665 927 2748 copias
956 2664 991 2726 in
1018 2671 1127 2726 castra
1159 2671 1188 2726 ct

225 2750 376 2814 concione
404 2750 559 2815 advocata
591 2749 631 2814 de
663 2758 784 2814 terrore
814 2771 870 2813 suo
900 2747 1187 2834 desperationeque

225 2837 385 2900 exercitus
419 2833 566 2900 Caesaris
598 2834 674 2899 facit
705 2835 805 2899 verba
837 2843 869 2898 et
900 2835 1082 2898 cohortatus
1113 2855 1186 2896 suos

225 2921 391 3006 victoriam
412 2923 574 3006 propriam
596 2943 631 2984 sc
653 2921 699 2984 eis
721 2920 814 2990 brevi
836 2919 983 2984 daturum
1004 2917 1185 3004 pollicetur.

226 3002 345 3070 Caesar
373 3005 462 3070 iubet
489 3006 604 3070 milites
633 3028 743 3070 rursus
772 3005 813 3070 ad
835 3027 914 3090 opus
941 3004 1046 3068 redire
1075 3013 1109 3066 et
1129 3026 1187 3088 per

225 3111 354 3154 causam
376 3093 583 3156 munitionum
605 3093 723 3156 tirones
744 3092 777 3154 in
799 3090 910 3156 labore
932 3089 1109 3172 defatigare
1123 3110 1187 3155 non

224 3176 409 3240 intermittit.
446 3176 576 3240 Interim
613 3176 768 3242 Numidae
805 3175 994 3262 Gaetulique
1031 3173 1185 3260 diffugere

225 3261 364 3347 quotidie
393 3285 435 3326 ex
464 3264 577 3345 castris
604 3261 761 3348 Scipionis
791 3271 824 3326 et
850 3264 964 3346 partim
991 3263 1026 3324 in
1052 3281 1186 3344 regnum

226 3369 261 3412 se
294 3347 448 3429 conferre,
482 3350 607 3432 partim,
639 3347 724 3433 quod
755 3349 816 3434 ipsi
847 3350 1044 3432 maioresque
1077 3368 1185 3413 eorum

226 3431 380 3498 beneficio
414 3433 450 3497 O.
483 3433 566 3496 Mari
599 3435 649 3496 usi
682 3433 815 3499 fuissent
847 3431 1081 3518 Caesaremque
1118 3437 1185 3500 cius
