2534 3970
377 231 512 297 COMM.
534 232 566 297 Π
590 232 683 299 OAP.
709 234 800 298 1ι--4,
1028 233 1069 298 3ῖ

113 412 243 484 aestate,
265 404 298 466 in
326 383 509 467 interiorem
533 403 670 468 Galliam
693 406 747 490 qui
768 404 949 488 deduceret,
973 403 1070 483 Quin·

114 498 178 551 tum
206 488 339 553 Pedium
371 487 510 573 legatum
543 491 637 552 misit.
682 491 772 575 Ipse,
806 512 904 575 quum
935 490 1071 574 primum

114 571 223 658 pabuli
245 575 335 658 copia
358 595 429 637 csse
450 574 612 659 inciperet,
636 575 678 638 ad
697 576 869 642 exercitum
883 576 979 639 venit.
1006 574 1071 637 Dat

115 681 154 723 ne
176 660 275 722 otium
298 657 476 722 Senonibus
498 659 692 746 reliquisque
722 659 839 742 Gallis,
874 661 927 746 qui
948 659 1072 724 finitimi

114 681 222 829 Belgis
245 754 353 826 erant,
386 744 511 826 utica,
539 767 620 830 quae
643 746 728 830 apud
751 767 804 809 eos
827 754 1000 829 gerantur,
1021 766 1071 808 co·

114 837 267 913 gnoscant
289 850 385 913 seque
409 828 448 894 de
470 828 519 892 his
548 829 644 894 rebus
668 831 832 894 certiorem
861 830 985 894 faciant.
1028 829 1073 892 Hi

116 922 295 978 constanter
310 936 419 980 omnes
435 915 658 978 nuntiaverunt
672 937 783 979 manus
799 917 879 1001 cogi,
898 915 1073 980 exercitum

117 1000 148 1060 in
167 1021 267 1062 unum
289 999 393 1065 locum
415 999 557 1064 conduci.
586 1000 669 1064 Tum
682 1023 759 1065 vero
782 999 988 1064 dubitandum
1008 1023 1072 1064 non

67 1093 70 1102 '
114 1085 316 1167 existimavit,
340 1085 416 1170 quin
438 1084 478 1147 ad
501 1106 554 1149 eos
577 1085 838 1170 proficisceretur.
868 1085 915 1149 Re
937 1085 1073 1149 human-

116 1170 195 1233 laria
215 1178 400 1254 comparata
415 1177 519 1233 castra
533 1180 640 1234 movet
654 1169 828 1257 diebusque
847 1171 970 1235 circiter
985 1171 1073 1257 quin·

114 1253 215 1319 decim
239 1254 282 1317 ad
302 1255 382 1318 fines
405 1253 577 1338 Belgarum
598 1258 753 1340 pervenit.
1001 1319 1009 1332 ,

177 1341 207 1404 3.
230 1339 281 1403 Eo
305 1361 402 1425 quum
424 1339 464 1402 de
485 1341 657 1425 improviso
680 1340 814 1405 celerius
836 1362 876 1404 ue
899 1341 984 1405 omni
1009 1341 1074 1426 opi·

116 1424 207 1489 nione
231 1425 385 1506 venisset,
408 1423 508 1507 Remi,
532 1428 586 1511 qui
607 1427 744 1512 proximi
760 1365 883 1490 Galliae
906 1448 947 1490 ex
965 1425 1074 1510 Belgis

118 1519 200 1593 sunt,
235 1509 279 1574 ad
308 1530 381 1573 eum
413 1507 534 1596 legatos
563 1509 683 1578 Iccium
712 1519 744 1576 et
772 1510 1073 1593 Andocumborium,

117 1597 230 1678 primos
261 1595 413 1677 civitatis,
443 1597 608 1679 miserunt,
640 1597 694 1682 qui
723 1597 864 1662 dicerent
893 1619 927 1661 se
955 1617 1075 1681 suaque

118 1681 220 1744 omnia
241 1681 276 1744 in
298 1679 394 1743 fidem
421 1688 515 1766 atque
538 1682 571 1743 in
592 1690 781 1829 potestatem
809 1681 920 1767 populi
940 1681 1075 1745 Romani

118 1766 307 1849 permittere,
329 1786 434 1850 neque
449 1787 484 1829 se
499 1788 570 1829 cum
622 1767 701 1852 elgis
724 1767 855 1853 reliquis
878 1767 1075 1831 consensisse

118 1871 217 1936 neque
244 1858 357 1915 contra
382 1849 534 1935 populum
555 1850 731 1916 Romanum
760 1853 954 1934 coniurasse,
978 1872 1074 1936 para-

119 1944 225 2020 tosque
255 1957 327 2000 essa
355 1944 386 2000 et
415 1935 540 2000 obsides
570 1937 646 2001 dare
677 1946 721 2000 et
736 1939 890 2022 imperata
910 1937 1017 2000 facere
1044 1945 1077 1999 et

118 2020 238 2105 oppidis
254 2021 400 2105 recipere
416 2029 447 2084 et
461 2021 615 2086 frumento
632 2023 808 2109 ceterisque
830 2021 925 2087 rebus
946 2022 1072 2104 iuvare3

121 2105 254 2190 reliquos
278 2127 388 2170 omnes
409 2105 527 2190 Belgas
549 2109 582 2170 lh
604 2108 699 2171 armis
722 2130 802 2188 esse,
826 2106 1074 2192 Germanosque,

120 2193 172 2274 qui
192 2193 237 2255 cis
260 2189 407 2254 Rhenum
427 2191 580 2274 incolant,
604 2213 675 2256 sese
697 2215 769 2257 cum
790 2192 839 2256 his
862 2193 1074 2274 coniunxisse,

120 2283 302 2363 tantumque
325 2297 395 2340 esse
413 2298 521 2340 eorum
544 2279 683 2342 omnium
705 2277 851 2360 furorem,
874 2287 963 2342 utne
979 2275 1074 2341 Sues·

122 2361 221 2425 aiones
245 2360 391 2448 quidem,
421 2361 535 2425 fratres
558 2365 872 2450 consanguineosque
901 2385 988 2446 suos,
1020 2362 1075 2447 qui

123 2445 230 2510 eodem
244 2448 315 2510 iure
332 2456 363 2510 et
381 2446 493 2510 iisdem
509 2445 632 2532 legibus
647 2457 781 2530 utantur,
797 2471 895 2513 unum
909 2449 1075 2533 imperium

123 2552 278 2632 unumque
303 2532 521 2618 magistratum
544 2555 615 2596 cum
636 2535 713 2619 ipsis
735 2533 890 2616 habeant,
916 2532 1075 2597 deterrere

122 2625 286 2700 potuermt,
311 2618 386 2703 quin
408 2639 481 2681 cum
502 2617 551 2681 his
575 2622 797 2684 consentirent.

181 2701 212 2766 4.
235 2702 343 2782 Quum
365 2701 405 2766 ab
427 2701 475 2766 his
498 2714 680 2790 quaereret,
710 2728 791 2792 quae
814 2706 956 2771 civitates
980 2727 1076 2792 quan·

123 2795 232 2874 lacque
253 2789 288 2852 in
311 2791 405 2854 armis
428 2799 533 2854 essent
556 2800 587 2854 et
608 2792 685 2876 quid
705 2792 738 2854 in
759 2790 844 2855 bello
889 2800 1004 2874 ossent,
1029 2792 1076 2855 sic

124 2873 315 2957 reperiebat:
337 2874 506 2959 plerosque
521 2875 638 2960 Belgas
659 2899 729 2941 esse
745 2885 828 2941 ortos
852 2815 892 2941 ab
909 2876 1076 2940 Germanis

124 2955 327 3045 Rhenumque
349 2961 520 3046 antiquitus
549 2962 709 3026 traductos
736 2973 864 3047 propter
885 2963 948 3025 loci
969 2961 1076 3026 fertili-

126 3049 217 3106 tatem
230 3044 276 3108 ibi
292 3045 471 3110 consedisse
487 3045 668 3132 Gallosque,
686 3049 739 3133 qui
755 3070 793 3110 ca
807 3046 878 3111 loca
891 3046 1076 3129 incolerent,

126 3127 281 3212 expulisse
304 3129 387 3195 solos
410 3153 450 3194 ue
472 3153 559 3213 essa,
590 3134 643 3216 qui
665 3143 790 3217 patrum
811 3141 992 3196 nostrorum
1013 3152 1076 3194 me·

127 3215 220 3276 moria
242 3217 327 3278 omni
349 3154 455 3279 Gallia
468 3225 584 3280 vexata
599 3217 757 3282 Teutonos
774 3216 981 3302 Cimbrosque
995 3216 1078 3278 intra

127 3294 200 3360 fines
223 3321 296 3366 suos
318 3301 444 3384 ingredi
465 3302 700 3386 prohibuerint3
724 3301 786 3388 q'ua
808 3324 848 3364 ex
870 3323 905 3364 re
927 3302 1010 3385 fieri,
1033 3301 1078 3364 uti

128 3400 229 3446 carum
261 3407 369 3449 rerum
401 3388 551 3452 memoria
586 3410 734 3472 magnam
768 3386 829 3450 sibi
862 3387 1076 3450 auctoritatem

128 3485 314 3550 magnosque
330 3471 458 3552 spiritus
472 3495 505 3534 m
519 3494 555 3536 re
570 3471 697 3536 militari
712 3479 882 3536 sumerent.
904 3471 956 3535 Dc
971 3491 1077 3534 nume-
