<?xml version="1.0" encoding="UTF-8"?>
<!DOCTYPE html PUBLIC "-//W3C//DTD XHTML 1.0 Transitional//EN"
    "http://www.w3.org/TR/xhtml1/DTD/xhtml1-transitional.dtd">
<html xmlns="http://www.w3.org/1999/xhtml" xml:lang="en" lang="en">
 <head>
  <title>
</title>
<meta http-equiv="Content-Type" content="text/html;charset=utf-8" />
  <meta name='ocr-system' content='tesseract 3.04.00' />
  <meta name='ocr-capabilities' content='ocr_page ocr_carea ocr_par ocr_line ocrx_word'/>
</head>
<body>
  <div class='ocr_page' id='page_1' title='image "./ciuliicaesarisc01hirtgoog_0162.png"; bbox 0 0 2562 3966; ppageno 0'>
   <div class='ocr_carea' id='block_1_1' title="bbox 376 177 1108 278">
    <p class='ocr_par' dir='ltr' id='par_1_1' title="bbox 376 177 1108 278">
     <span class='ocr_line' id='line_1_1' title="bbox 376 177 1108 278; baseline 0.008 -6"><span class='ocrx_word' id='word_1_1' title='bbox 376 177 538 273; x_wconf 80' lang='lat' dir='ltr'><strong>ccmo.</strong></span> <span class='ocrx_word' id='word_1_2' title='bbox 559 207 621 272; x_wconf 83' lang='lat' dir='ltr'><strong>vu</strong></span> <span class='ocrx_word' id='word_1_3' title='bbox 645 207 738 273; x_wconf 79' lang='lat' dir='ltr'><strong>one.</strong></span> <span class='ocrx_word' id='word_1_4' title='bbox 763 211 854 275; x_wconf 84' lang='lat'>1-4.</span> <span class='ocrx_word' id='word_1_5' title='bbox 1046 212 1108 278; x_wconf 84' lang='lat'><strong>143</strong></span> 
     </span>
    </p>
   </div>
   <div class='ocr_carea' id='block_1_2' title="bbox 47 377 1187 3530">
    <p class='ocr_par' dir='ltr' id='par_1_2' title="bbox 148 377 1106 630">
     <span class='ocr_line' id='line_1_2' title="bbox 148 377 1106 465; baseline 0.002 -20"><span class='ocrx_word' id='word_1_6' title='bbox 148 377 241 446; x_wconf 88' lang='lat' dir='ltr'><strong>initio</strong></span> <span class='ocrx_word' id='word_1_7' title='bbox 262 377 340 444; x_wconf 86' lang='lat' dir='ltr'><strong>belli</strong></span> <span class='ocrx_word' id='word_1_8' title='bbox 360 378 401 443; x_wconf 84' lang='lat' dir='ltr'><strong>ab</strong></span> <span class='ocrx_word' id='word_1_9' title='bbox 425 377 553 465; x_wconf 88' lang='lat' dir='ltr'><strong>reliquis</strong></span> <span class='ocrx_word' id='word_1_10' title='bbox 575 378 772 444; x_wconf 87' lang='lat' dir='ltr'><strong>deserentur.</strong></span> <span class='ocrx_word' id='word_1_11' title='bbox 816 381 899 446; x_wconf 81' lang='lat' dir='ltr'><strong>Tum</strong></span> <span class='ocrx_word' id='word_1_12' title='bbox 921 380 1106 448; x_wconf 86' lang='lat' dir='ltr'><strong>collaudatis</strong></span> 
     </span>
     <span class='ocr_line' id='line_1_3' title="bbox 149 461 1105 567; baseline 0.001 -37"><span class='ocrx_word' id='word_1_13' title='bbox 149 461 345 530; x_wconf 78' lang='lat' dir='ltr'><strong>Carnutibus</strong></span> <span class='ocrx_word' id='word_1_14' title='bbox 361 462 433 528; x_wconf 85' lang='lat' dir='ltr'><strong>dato</strong></span> <span class='ocrx_word' id='word_1_15' title='bbox 453 463 654 530; x_wconf 89' lang='lat' dir='ltr'><strong>iureiurando</strong></span> <span class='ocrx_word' id='word_1_16' title='bbox 670 465 710 529; x_wconf 80' lang='lat' dir='ltr'><strong>ab</strong></span> <span class='ocrx_word' id='word_1_17' title='bbox 726 466 880 550; x_wconf 89' lang='lat' dir='ltr'><strong>omnibus,</strong></span> <span class='ocrx_word' id='word_1_18' title='bbox 897 469 951 567; x_wconf 90' lang='lat' dir='ltr'><strong>qui</strong></span> <span class='ocrx_word' id='word_1_19' title='bbox 965 466 1105 551; x_wconf 81' lang='lat' dir='ltr'><strong>aderent,</strong></span> 
     </span>
     <span class='ocr_line' id='line_1_4' title="bbox 149 548 1064 630; baseline 0.001 -16"><span class='ocrx_word' id='word_1_20' title='bbox 149 557 216 616; x_wconf 90' lang='lat' dir='ltr'><strong>tem</strong></span> <span class='ocrx_word' id='word_1_21' title='bbox 238 571 293 614; x_wconf 90' lang='lat' dir='ltr'><strong>ore</strong></span> <span class='ocrx_word' id='word_1_22' title='bbox 315 549 382 614; x_wconf 87' lang='lat' dir='ltr'><strong>eius</strong></span> <span class='ocrx_word' id='word_1_23' title='bbox 403 548 451 612; x_wconf 90' lang='lat' dir='ltr'><strong>rei</strong></span> <span class='ocrx_word' id='word_1_24' title='bbox 472 550 640 614; x_wconf 89' lang='lat' dir='ltr'><strong>constituto</strong></span> <span class='ocrx_word' id='word_1_25' title='bbox 663 550 704 630; x_wconf 75' lang='lat' dir='ltr'><strong>eb</strong></span> <span class='ocrx_word' id='word_1_26' title='bbox 727 550 860 616; x_wconf 90' lang='lat' dir='ltr'><strong>concilio</strong></span> <span class='ocrx_word' id='word_1_27' title='bbox 883 551 1064 617; x_wconf 71' lang='lat' dir='ltr'><strong>disceditur.</strong></span> 
     </span>
    </p>

    <p class='ocr_par' dir='ltr' id='par_1_3' title="bbox 150 571 1111 1840">
     <span class='ocr_line' id='line_1_5' title="bbox 216 571 1107 717; baseline 0.003 -18"><span class='ocrx_word' id='word_1_28' title='bbox 216 571 247 699; x_wconf 69' lang='lat' dir='ltr'><strong>P.</strong></span> <span class='ocrx_word' id='word_1_29' title='bbox 269 633 334 698; x_wconf 88' lang='lat' dir='ltr'><strong>Ubi</strong></span> <span class='ocrx_word' id='word_1_30' title='bbox 366 655 405 698; x_wconf 86' lang='lat' dir='ltr'><strong>ea</strong></span> <span class='ocrx_word' id='word_1_31' title='bbox 438 632 505 697; x_wconf 89' lang='lat' dir='ltr'><strong>dies</strong></span> <span class='ocrx_word' id='word_1_32' title='bbox 526 635 628 717; x_wconf 84' lang='lat' dir='ltr'><strong>venit,</strong></span> <span class='ocrx_word' id='word_1_33' title='bbox 652 634 808 702; x_wconf 79' lang='lat' dir='ltr'>Carnutes</span> <span class='ocrx_word' id='word_1_34' title='bbox 832 635 965 701; x_wconf 79' lang='lat' dir='ltr'>Cotuato</span> <span class='ocrx_word' id='word_1_35' title='bbox 994 647 1025 700; x_wconf 92' lang='lat' dir='ltr'><strong>et</strong></span> <span class='ocrx_word' id='word_1_36' title='bbox 1047 636 1107 702; x_wconf 88' lang='lat' dir='ltr'><strong>Co·</strong></span> 
     </span>
     <span class='ocr_line' id='line_1_6' title="bbox 152 717 1107 805; baseline 0.002 -21"><span class='ocrx_word' id='word_1_37' title='bbox 152 719 334 785; x_wconf 86' lang='lat' dir='ltr'><strong>netodunno</strong></span> <span class='ocrx_word' id='word_1_38' title='bbox 357 717 499 800; x_wconf 87' lang='lat' dir='ltr'><strong>ducibus,</strong></span> <span class='ocrx_word' id='word_1_39' title='bbox 522 717 697 805; x_wconf 88' lang='lat' dir='ltr'><strong>desperatis</strong></span> <span class='ocrx_word' id='word_1_40' title='bbox 719 721 914 804; x_wconf 89' lang='lat' dir='ltr'><strong>hominibus,</strong></span> <span class='ocrx_word' id='word_1_41' title='bbox 938 721 1107 787; x_wconf 78' lang='lat' dir='ltr'><strong>Cenabum</strong></span> 
     </span>
     <span class='ocr_line' id='line_1_7' title="bbox 151 803 1107 893; baseline 0.002 -23"><span class='ocrx_word' id='word_1_42' title='bbox 151 806 244 890; x_wconf 85' lang='lat' dir='ltr'><strong>signo</strong></span> <span class='ocrx_word' id='word_1_43' title='bbox 266 803 339 869; x_wconf 87' lang='lat' dir='ltr'><strong>dato</strong></span> <span class='ocrx_word' id='word_1_44' title='bbox 363 813 553 869; x_wconf 85' lang='lat' dir='ltr'><strong>concurrunt</strong></span> <span class='ocrx_word' id='word_1_45' title='bbox 574 805 723 892; x_wconf 87' lang='lat' dir='ltr'><strong>civesque</strong></span> <span class='ocrx_word' id='word_1_46' title='bbox 744 805 912 887; x_wconf 83' lang='lat' dir='ltr'><strong>Romanos,</strong></span> <span class='ocrx_word' id='word_1_47' title='bbox 936 809 990 893; x_wconf 91' lang='lat' dir='ltr'><strong>qui</strong></span> <span class='ocrx_word' id='word_1_48' title='bbox 1011 828 1107 891; x_wconf 84' lang='lat' dir='ltr'><strong>nego·</strong></span> 
     </span>
     <span class='ocr_line' id='line_1_8' title="bbox 150 887 1107 973; baseline 0.002 -19"><span class='ocrx_word' id='word_1_49' title='bbox 150 888 253 954; x_wconf 86' lang='lat' dir='ltr'><strong>tiandi</strong></span> <span class='ocrx_word' id='word_1_50' title='bbox 282 910 379 954; x_wconf 83' lang='lat' dir='ltr'><strong>cause</strong></span> <span class='ocrx_word' id='word_1_51' title='bbox 404 887 449 952; x_wconf 90' lang='lat' dir='ltr'><strong>ibi</strong></span> <span class='ocrx_word' id='word_1_52' title='bbox 470 889 691 973; x_wconf 77' lang='lat' dir='ltr'><strong>constiterant,</strong></span> <span class='ocrx_word' id='word_1_53' title='bbox 718 893 752 955; x_wconf 91' lang='lat' dir='ltr'><strong>in</strong></span> <span class='ocrx_word' id='word_1_54' title='bbox 773 890 822 956; x_wconf 86' lang='lat' dir='ltr'><strong>his</strong></span> <span class='ocrx_word' id='word_1_55' title='bbox 846 890 960 956; x_wconf 81' lang='lat' dir='ltr'><strong>Gaium</strong></span> <span class='ocrx_word' id='word_1_56' title='bbox 981 891 1107 956; x_wconf 85' lang='lat' dir='ltr'><strong>Fufium</strong></span> 
     </span>
     <span class='ocr_line' id='line_1_9' title="bbox 152 973 1107 1073; baseline 0.001 -33"><span class='ocrx_word' id='word_1_57' title='bbox 152 973 267 1057; x_wconf 74' lang='lat' dir='ltr'><strong>Citam,</strong></span> <span class='ocrx_word' id='word_1_58' title='bbox 289 973 456 1039; x_wconf 88' lang='lat' dir='ltr'><strong>honestum</strong></span> <span class='ocrx_word' id='word_1_59' title='bbox 478 975 614 1073; x_wconf 80' lang='lat' dir='ltr'>equitem</span> <span class='ocrx_word' id='word_1_60' title='bbox 628 973 812 1054; x_wconf 85' lang='lat' dir='ltr'><strong>Romanum,</strong></span> <span class='ocrx_word' id='word_1_61' title='bbox 857 977 890 1040; x_wconf 93' lang='lat' dir='ltr'><strong>ui</strong></span> <span class='ocrx_word' id='word_1_62' title='bbox 907 978 955 1041; x_wconf 88' lang='lat' dir='ltr'><strong>rei</strong></span> <span class='ocrx_word' id='word_1_63' title='bbox 969 977 1107 1041; x_wconf 87' lang='lat' dir='ltr'><strong>frumen·</strong></span> 
     </span>
     <span class='ocr_line' id='line_1_10' title="bbox 151 1057 1109 1162; baseline 0.002 -37"><span class='ocrx_word' id='word_1_64' title='bbox 151 1059 254 1125; x_wconf 70' lang='lat' dir='ltr'><strong>toriae</strong></span> <span class='ocrx_word' id='word_1_65' title='bbox 275 1059 363 1124; x_wconf 87' lang='lat' dir='ltr'><strong>iussu</strong></span> <span class='ocrx_word' id='word_1_66' title='bbox 385 1057 532 1124; x_wconf 66' lang='lat' dir='ltr'><strong>Caesaris</strong></span> <span class='ocrx_word' id='word_1_67' title='bbox 554 1069 713 1145; x_wconf 79' lang='lat' dir='ltr'><strong>praeerat,</strong></span> <span class='ocrx_word' id='word_1_68' title='bbox 749 1062 815 1124; x_wconf 90' lang='lat' dir='ltr'><strong>inte</strong></span> <span class='ocrx_word' id='word_1_69' title='bbox 854 1063 940 1126; x_wconf 91' lang='lat' dir='ltr'><strong>ciunt</strong></span> <span class='ocrx_word' id='word_1_70' title='bbox 960 1061 1109 1162; x_wconf 82' lang='lat' dir='ltr'><strong>bonaque</strong></span> 
     </span>
     <span class='ocr_line' id='line_1_11' title="bbox 153 1142 1109 1231; baseline 0.002 -21"><span class='ocrx_word' id='word_1_71' title='bbox 153 1166 264 1225; x_wconf 81' lang='lat' dir='ltr'><strong>eorum</strong></span> <span class='ocrx_word' id='word_1_72' title='bbox 285 1144 444 1231; x_wconf 89' lang='lat' dir='ltr'><strong>diripiunt.</strong></span> <span class='ocrx_word' id='word_1_73' title='bbox 491 1142 647 1210; x_wconf 79' lang='lat' dir='ltr'><strong>Celeriter</strong></span> <span class='ocrx_word' id='word_1_74' title='bbox 672 1145 720 1208; x_wconf 63' lang='lat' dir='ltr'><strong>edx</strong></span> <span class='ocrx_word' id='word_1_75' title='bbox 745 1168 853 1210; x_wconf 90' lang='lat' dir='ltr'><strong>omnes</strong></span> <span class='ocrx_word' id='word_1_76' title='bbox 875 1145 999 1211; x_wconf 79' lang='lat' dir='ltr'><strong>Galliae</strong></span> <span class='ocrx_word' id='word_1_77' title='bbox 1034 1148 1109 1212; x_wconf 80' lang='lat' dir='ltr'><strong>clvi·</strong></span> 
     </span>
     <span class='ocr_line' id='line_1_12' title="bbox 152 1227 1108 1318; baseline 0.003 -24"><span class='ocrx_word' id='word_1_78' title='bbox 152 1238 235 1294; x_wconf 87' lang='lat' dir='ltr'><strong>tates</strong></span> <span class='ocrx_word' id='word_1_79' title='bbox 256 1229 340 1294; x_wconf 86' lang='lat' dir='ltr'><strong>fama</strong></span> <span class='ocrx_word' id='word_1_80' title='bbox 360 1227 525 1314; x_wconf 84' lang='lat' dir='ltr'><strong>perfertur.</strong></span> <span class='ocrx_word' id='word_1_81' title='bbox 569 1229 652 1293; x_wconf 84' lang='lat' dir='ltr'><strong>Nam</strong></span> <span class='ocrx_word' id='word_1_82' title='bbox 673 1230 862 1318; x_wconf 89' lang='lat' dir='ltr'><strong>ubicumque</strong></span> <span class='ocrx_word' id='word_1_83' title='bbox 891 1233 992 1296; x_wconf 86' lang='lat' dir='ltr'><strong>maior</strong></span> <span class='ocrx_word' id='word_1_84' title='bbox 1013 1241 1108 1318; x_wconf 87' lang='lat' dir='ltr'><strong>atque</strong></span> 
     </span>
     <span class='ocr_line' id='line_1_13' title="bbox 153 1313 1109 1403; baseline 0.001 -22"><span class='ocrx_word' id='word_1_85' title='bbox 153 1314 306 1382; x_wconf 78' lang='lat' dir='ltr'><strong>illustrior</strong></span> <span class='ocrx_word' id='word_1_86' title='bbox 327 1313 440 1379; x_wconf 89' lang='lat' dir='ltr'><strong>incidit</strong></span> <span class='ocrx_word' id='word_1_87' title='bbox 459 1337 522 1396; x_wconf 84' lang='lat' dir='ltr'><strong>res,</strong></span> <span class='ocrx_word' id='word_1_88' title='bbox 546 1313 684 1380; x_wconf 83' lang='lat' dir='ltr'><strong>clamore</strong></span> <span class='ocrx_word' id='word_1_89' title='bbox 705 1339 763 1401; x_wconf 91' lang='lat' dir='ltr'><strong>per</strong></span> <span class='ocrx_word' id='word_1_90' title='bbox 784 1338 878 1401; x_wconf 81' lang='lat' dir='ltr'><strong>egros</strong></span> <span class='ocrx_word' id='word_1_91' title='bbox 898 1318 1109 1403; x_wconf 84' lang='lat' dir='ltr'><strong>regionesque</strong></span> 
     </span>
     <span class='ocr_line' id='line_1_14' title="bbox 154 1397 1109 1502; baseline 0.001 -38"><span class='ocrx_word' id='word_1_92' title='bbox 154 1397 348 1486; x_wconf 77' lang='lat' dir='ltr'><strong>significant3</strong></span> <span class='ocrx_word' id='word_1_93' title='bbox 368 1398 453 1464; x_wconf 89' lang='lat' dir='ltr'><strong>hune</strong></span> <span class='ocrx_word' id='word_1_94' title='bbox 475 1398 529 1464; x_wconf 89' lang='lat' dir='ltr'><strong>alii</strong></span> <span class='ocrx_word' id='word_1_95' title='bbox 551 1399 699 1486; x_wconf 84' lang='lat' dir='ltr'><strong>deinceps</strong></span> <span class='ocrx_word' id='word_1_96' title='bbox 723 1403 883 1486; x_wconf 85' lang='lat' dir='ltr'><strong>excipiunt</strong></span> <span class='ocrx_word' id='word_1_97' title='bbox 905 1414 936 1466; x_wconf 91' lang='lat' dir='ltr'><strong>et</strong></span> <span class='ocrx_word' id='word_1_98' title='bbox 954 1403 1109 1502; x_wconf 83' lang='lat' dir='ltr'><strong>proximis</strong></span> 
     </span>
     <span class='ocr_line' id='line_1_15' title="bbox 153 1483 1108 1572; baseline 0 -22"><span class='ocrx_word' id='word_1_99' title='bbox 153 1483 292 1567; x_wconf 81' lang='lat' dir='ltr'><strong>tradunt,</strong></span> <span class='ocrx_word' id='word_1_100' title='bbox 315 1493 351 1549; x_wconf 92' lang='lat' dir='ltr'><strong>ut</strong></span> <span class='ocrx_word' id='word_1_101' title='bbox 372 1494 438 1548; x_wconf 93' lang='lat' dir='ltr'><strong>tum</strong></span> <span class='ocrx_word' id='word_1_102' title='bbox 460 1485 582 1549; x_wconf 86' lang='lat' dir='ltr'><strong>accidit.</strong></span> <span class='ocrx_word' id='word_1_103' title='bbox 626 1485 708 1550; x_wconf 82' lang='lat' dir='ltr'><strong>Nam</strong></span> <span class='ocrx_word' id='word_1_104' title='bbox 735 1509 815 1572; x_wconf 87' lang='lat' dir='ltr'><strong>quae</strong></span> <span class='ocrx_word' id='word_1_105' title='bbox 838 1486 964 1551; x_wconf 80' lang='lat' dir='ltr'><strong>Genabr</strong></span> <span class='ocrx_word' id='word_1_106' title='bbox 986 1491 1108 1552; x_wconf 89' lang='lat' dir='ltr'><strong>oriente</strong></span> 
     </span>
     <span class='ocr_line' id='line_1_16' title="bbox 154 1570 1109 1658; baseline 0.001 -23"><span class='ocrx_word' id='word_1_107' title='bbox 154 1570 223 1635; x_wconf 88' lang='lat' dir='ltr'><strong>sole</strong></span> <span class='ocrx_word' id='word_1_108' title='bbox 244 1579 335 1656; x_wconf 71' lang='lat' dir='ltr'><strong>geste</strong></span> <span class='ocrx_word' id='word_1_109' title='bbox 356 1578 475 1650; x_wconf 89' lang='lat' dir='ltr'><strong>essent,</strong></span> <span class='ocrx_word' id='word_1_110' title='bbox 510 1579 584 1634; x_wconf 86' lang='lat' dir='ltr'><strong>ante</strong></span> <span class='ocrx_word' id='word_1_111' title='bbox 610 1572 745 1656; x_wconf 89' lang='lat' dir='ltr'><strong>primam</strong></span> <span class='ocrx_word' id='word_1_112' title='bbox 771 1571 945 1636; x_wconf 86' lang='lat' dir='ltr'><strong>confectam</strong></span> <span class='ocrx_word' id='word_1_113' title='bbox 967 1571 1109 1658; x_wconf 81' lang='lat' dir='ltr'><strong>vigiliam</strong></span> 
     </span>
     <span class='ocr_line' id='line_1_17' title="bbox 154 1653 1111 1742; baseline -0.001 -22"><span class='ocrx_word' id='word_1_114' title='bbox 154 1657 189 1720; x_wconf 86' lang='lat' dir='ltr'><strong>in</strong></span> <span class='ocrx_word' id='word_1_115' title='bbox 210 1654 325 1720; x_wconf 87' lang='lat' dir='ltr'><strong>finibus</strong></span> <span class='ocrx_word' id='word_1_116' title='bbox 340 1653 558 1722; x_wconf 89' lang='lat' dir='ltr'><strong>Arvernorum</strong></span> <span class='ocrx_word' id='word_1_117' title='bbox 574 1655 680 1719; x_wconf 87' lang='lat' dir='ltr'><strong>audita</strong></span> <span class='ocrx_word' id='word_1_118' title='bbox 696 1665 780 1738; x_wconf 85' lang='lat' dir='ltr'><strong>sunt,</strong></span> <span class='ocrx_word' id='word_1_119' title='bbox 805 1657 888 1742; x_wconf 89' lang='lat' dir='ltr'><strong>quod</strong></span> <span class='ocrx_word' id='word_1_120' title='bbox 910 1657 1047 1742; x_wconf 74' lang='lat' dir='ltr'><strong>spatium</strong></span> <span class='ocrx_word' id='word_1_121' title='bbox 1062 1666 1111 1721; x_wconf 84' lang='lat' dir='ltr'><strong>est</strong></span> 
     </span>
     <span class='ocr_line' id='line_1_18' title="bbox 154 1739 817 1840; baseline -0.005 -33"><span class='ocrx_word' id='word_1_122' title='bbox 154 1739 277 1808; x_wconf 85' lang='lat' dir='ltr'><strong>milium</strong></span> <span class='ocrx_word' id='word_1_123' title='bbox 297 1762 448 1840; x_wconf 87' lang='lat' dir='ltr'><strong>passuum</strong></span> <span class='ocrx_word' id='word_1_124' title='bbox 470 1741 594 1804; x_wconf 80' lang='lat' dir='ltr'><strong>circiter</strong></span> <span class='ocrx_word' id='word_1_125' title='bbox 615 1753 741 1806; x_wconf 87' lang='lat' dir='ltr'><strong>centum</strong></span> <span class='ocrx_word' id='word_1_126' title='bbox 761 1749 817 1804; x_wconf 87' lang='lat' dir='ltr'><strong>LX.</strong></span> 
     </span>
    </p>

    <p class='ocr_par' dir='ltr' id='par_1_4' title="bbox 47 1824 1187 3530">
     <span class='ocr_line' id='line_1_19' title="bbox 219 1824 1110 1908; baseline 0 -18"><span class='ocrx_word' id='word_1_127' title='bbox 219 1825 249 1890; x_wconf 83' lang='lat'><strong>4.</strong></span> <span class='ocrx_word' id='word_1_128' title='bbox 273 1824 375 1890; x_wconf 84' lang='lat' dir='ltr'><strong>Sunili</strong></span> <span class='ocrx_word' id='word_1_129' title='bbox 395 1825 517 1889; x_wconf 89' lang='lat' dir='ltr'><strong>ratione</strong></span> <span class='ocrx_word' id='word_1_130' title='bbox 539 1824 585 1888; x_wconf 88' lang='lat' dir='ltr'><strong>ibi</strong></span> <span class='ocrx_word' id='word_1_131' title='bbox 606 1825 722 1890; x_wconf 90' lang='lat' dir='ltr'><strong>Vercin</strong></span> <span class='ocrx_word' id='word_1_132' title='bbox 746 1827 855 1908; x_wconf 88' lang='lat' dir='ltr'><strong>etorix,</strong></span> <span class='ocrx_word' id='word_1_133' title='bbox 879 1824 997 1891; x_wconf 76' lang='lat' dir='ltr'><strong>Celtilli</strong></span> <span class='ocrx_word' id='word_1_134' title='bbox 1016 1825 1110 1906; x_wconf 84' lang='lat' dir='ltr'><strong>filius,</strong></span> 
     </span>
     <span class='ocr_line' id='line_1_20' title="bbox 47 1849 1111 1998; baseline -0.003 -21"><span class='ocrx_word' id='word_1_135' title='bbox 47 1915 58 1934; x_wconf 75' lang='grc'><em>”</em></span> <span class='ocrx_word' id='word_1_136' title='bbox 154 1911 329 1992; x_wconf 67' lang='lat' dir='ltr'><strong>Aruernus,</strong></span> <span class='ocrx_word' id='word_1_137' title='bbox 352 1932 493 1974; x_wconf 87' lang='lat' dir='ltr'><strong>summae</strong></span> <span class='ocrx_word' id='word_1_138' title='bbox 513 1912 673 1996; x_wconf 88' lang='lat' dir='ltr'><strong>potentiae</strong></span> <span class='ocrx_word' id='word_1_139' title='bbox 695 1849 893 1995; x_wconf 64' lang='lat' dir='ltr'><strong>adolescens,</strong></span> <span class='ocrx_word' id='word_1_140' title='bbox 917 1915 1005 1976; x_wconf 87' lang='lat' dir='ltr'><strong>cuius</strong></span> <span class='ocrx_word' id='word_1_141' title='bbox 1020 1921 1111 1998; x_wconf 82' lang='lat' dir='ltr'><strong>pater</strong></span> 
     </span>
     <span class='ocr_line' id='line_1_21' title="bbox 155 1993 1111 2083; baseline -0.003 -21"><span class='ocrx_word' id='word_1_142' title='bbox 155 1997 368 2083; x_wconf 77' lang='lat' dir='ltr'><strong>principatum</strong></span> <span class='ocrx_word' id='word_1_143' title='bbox 384 1993 507 2060; x_wconf 80' lang='lat' dir='ltr'><strong>Galliae</strong></span> <span class='ocrx_word' id='word_1_144' title='bbox 529 1996 625 2060; x_wconf 86' lang='lat' dir='ltr'><strong>totius</strong></span> <span class='ocrx_word' id='word_1_145' title='bbox 637 1995 817 2063; x_wconf 85' lang='lat' dir='ltr'><strong>obtinuerat</strong></span> <span class='ocrx_word' id='word_1_146' title='bbox 838 2006 870 2062; x_wconf 92' lang='lat' dir='ltr'><strong>et</strong></span> <span class='ocrx_word' id='word_1_147' title='bbox 892 1997 932 2063; x_wconf 92' lang='lat' dir='ltr'><strong>ob</strong></span> <span class='ocrx_word' id='word_1_148' title='bbox 954 2019 1023 2062; x_wconf 84' lang='lat' dir='ltr'><strong>eam</strong></span> <span class='ocrx_word' id='word_1_149' title='bbox 1039 2018 1111 2060; x_wconf 86' lang='lat' dir='ltr'><strong>cau·</strong></span> 
     </span>
     <span class='ocr_line' id='line_1_22' title="bbox 156 2080 1111 2168; baseline 0 -22"><span class='ocrx_word' id='word_1_150' title='bbox 156 2104 235 2165; x_wconf 81' lang='lat' dir='ltr'><strong>sem,</strong></span> <span class='ocrx_word' id='word_1_151' title='bbox 258 2080 343 2167; x_wconf 88' lang='lat' dir='ltr'><strong>quod</strong></span> <span class='ocrx_word' id='word_1_152' title='bbox 363 2103 497 2168; x_wconf 79' lang='lat' dir='ltr'><strong>regnum</strong></span> <span class='ocrx_word' id='word_1_153' title='bbox 519 2080 695 2167; x_wconf 84' lang='lat' dir='ltr'><strong>appetebat,</strong></span> <span class='ocrx_word' id='word_1_154' title='bbox 719 2080 759 2146; x_wconf 91' lang='lat' dir='ltr'><strong>ab</strong></span> <span class='ocrx_word' id='word_1_155' title='bbox 782 2084 908 2166; x_wconf 84' lang='lat' dir='ltr'><strong>civitate</strong></span> <span class='ocrx_word' id='word_1_156' title='bbox 931 2093 997 2146; x_wconf 86' lang='lat' dir='ltr'><strong>erat</strong></span> <span class='ocrx_word' id='word_1_157' title='bbox 1015 2083 1111 2146; x_wconf 90' lang='lat' dir='ltr'><strong>inter·</strong></span> 
     </span>
     <span class='ocr_line' id='line_1_23' title="bbox 154 2165 1111 2250; baseline 0.001 -18"><span class='ocrx_word' id='word_1_158' title='bbox 154 2167 266 2250; x_wconf 84' lang='lat' dir='ltr'><strong>fectus,</strong></span> <span class='ocrx_word' id='word_1_159' title='bbox 289 2167 470 2231; x_wconf 84' lang='lat' dir='ltr'><strong>convocatis</strong></span> <span class='ocrx_word' id='word_1_160' title='bbox 493 2167 558 2230; x_wconf 88' lang='lat' dir='ltr'><strong>suis</strong></span> <span class='ocrx_word' id='word_1_161' title='bbox 579 2165 743 2232; x_wconf 85' lang='lat' dir='ltr'><strong>clientibus</strong></span> <span class='ocrx_word' id='word_1_162' title='bbox 765 2167 856 2232; x_wconf 83' lang='lat' dir='ltr'><strong>facile</strong></span> <span class='ocrx_word' id='word_1_163' title='bbox 878 2167 1027 2232; x_wconf 85' lang='lat' dir='ltr'><strong>incendit.</strong></span> <span class='ocrx_word' id='word_1_164' title='bbox 1051 2165 1111 2233; x_wconf 90' lang='lat' dir='ltr'><strong>Co·</strong></span> 
     </span>
     <span class='ocr_line' id='line_1_24' title="bbox 156 2251 1111 2338; baseline -0.001 -21"><span class='ocrx_word' id='word_1_165' title='bbox 156 2253 245 2338; x_wconf 82' lang='lat' dir='ltr'><strong>gnito</strong></span> <span class='ocrx_word' id='word_1_166' title='bbox 267 2253 334 2316; x_wconf 87' lang='lat' dir='ltr'><strong>eius</strong></span> <span class='ocrx_word' id='word_1_167' title='bbox 357 2251 487 2316; x_wconf 88' lang='lat' dir='ltr'><strong>consilio</strong></span> <span class='ocrx_word' id='word_1_168' title='bbox 509 2251 552 2316; x_wconf 84' lang='lat' dir='ltr'><strong>ad</strong></span> <span class='ocrx_word' id='word_1_169' title='bbox 573 2274 660 2316; x_wconf 89' lang='lat' dir='ltr'><strong>arma</strong></span> <span class='ocrx_word' id='word_1_170' title='bbox 675 2254 885 2317; x_wconf 86' lang='lat' dir='ltr'><strong>concurritur.</strong></span> <span class='ocrx_word' id='word_1_171' title='bbox 922 2252 1111 2318; x_wconf 89' lang='lat' dir='ltr'><strong>Prohibetur</strong></span> 
     </span>
     <span class='ocr_line' id='line_1_25' title="bbox 157 2336 1109 2424; baseline -0.002 -22"><span class='ocrx_word' id='word_1_172' title='bbox 157 2337 198 2402; x_wconf 88' lang='lat' dir='ltr'><strong>ab</strong></span> <span class='ocrx_word' id='word_1_173' title='bbox 221 2336 462 2420; x_wconf 84' lang='lat' dir='ltr'><strong>Gobannitione,</strong></span> <span class='ocrx_word' id='word_1_174' title='bbox 484 2347 596 2424; x_wconf 84' lang='lat' dir='ltr'><strong>patruo</strong></span> <span class='ocrx_word' id='word_1_175' title='bbox 612 2359 677 2420; x_wconf 90' lang='lat' dir='ltr'><strong>suo,</strong></span> <span class='ocrx_word' id='word_1_176' title='bbox 698 2337 890 2424; x_wconf 86' lang='lat' dir='ltr'><strong>reliquisque</strong></span> <span class='ocrx_word' id='word_1_177' title='bbox 905 2336 1109 2424; x_wconf 89' lang='lat' dir='ltr'><strong>principibus,</strong></span> 
     </span>
     <span class='ocr_line' id='line_1_26' title="bbox 159 2421 1111 2509; baseline -0.002 -22"><span class='ocrx_word' id='word_1_178' title='bbox 159 2423 214 2509; x_wconf 90' lang='lat' dir='ltr'><strong>qui</strong></span> <span class='ocrx_word' id='word_1_179' title='bbox 234 2423 317 2488; x_wconf 86' lang='lat' dir='ltr'><strong>bane</strong></span> <span class='ocrx_word' id='word_1_180' title='bbox 338 2421 521 2486; x_wconf 83' lang='lat' dir='ltr'><strong>tentandam</strong></span> <span class='ocrx_word' id='word_1_181' title='bbox 543 2422 700 2486; x_wconf 86' lang='lat' dir='ltr'><strong>fortunam</strong></span> <span class='ocrx_word' id='word_1_182' title='bbox 722 2445 786 2487; x_wconf 90' lang='lat' dir='ltr'><strong>non</strong></span> <span class='ocrx_word' id='word_1_183' title='bbox 801 2422 1033 2504; x_wconf 81' lang='lat' dir='ltr'><strong>existimabant,</strong></span> <span class='ocrx_word' id='word_1_184' title='bbox 1057 2444 1111 2486; x_wconf 90' lang='lat' dir='ltr'><strong>ex·</strong></span> 
     </span>
     <span class='ocr_line' id='line_1_27' title="bbox 157 2505 1111 2594; baseline -0.001 -23"><span class='ocrx_word' id='word_1_185' title='bbox 157 2506 287 2593; x_wconf 91' lang='lat' dir='ltr'><strong>pellitur</strong></span> <span class='ocrx_word' id='word_1_186' title='bbox 309 2530 349 2572; x_wconf 85' lang='lat' dir='ltr'><strong>ex</strong></span> <span class='ocrx_word' id='word_1_187' title='bbox 371 2508 486 2594; x_wconf 90' lang='lat' dir='ltr'><strong>oppido</strong></span> <span class='ocrx_word' id='word_1_188' title='bbox 509 2505 685 2592; x_wconf 79' lang='lat' dir='ltr'><strong>Gergovie3</strong></span> <span class='ocrx_word' id='word_1_189' title='bbox 712 2529 776 2572; x_wconf 88' lang='lat' dir='ltr'><strong>non</strong></span> <span class='ocrx_word' id='word_1_190' title='bbox 799 2507 918 2572; x_wconf 88' lang='lat' dir='ltr'><strong>destitit</strong></span> <span class='ocrx_word' id='word_1_191' title='bbox 939 2518 1044 2572; x_wconf 88' lang='lat' dir='ltr'><strong>tamen</strong></span> <span class='ocrx_word' id='word_1_192' title='bbox 1066 2516 1111 2570; x_wconf 81' lang='lat' dir='ltr'><strong>et·</strong></span> 
     </span>
     <span class='ocr_line' id='line_1_28' title="bbox 158 2590 1112 2680; baseline 0 -22"><span class='ocrx_word' id='word_1_193' title='bbox 158 2615 221 2680; x_wconf 93' lang='lat' dir='ltr'><strong>que</strong></span> <span class='ocrx_word' id='word_1_194' title='bbox 254 2594 288 2656; x_wconf 91' lang='lat' dir='ltr'><strong>in</strong></span> <span class='ocrx_word' id='word_1_195' title='bbox 317 2594 401 2678; x_wconf 82' lang='lat' dir='ltr'><strong>egris</strong></span> <span class='ocrx_word' id='word_1_196' title='bbox 429 2590 526 2658; x_wconf 86' lang='lat' dir='ltr'><strong>habet</strong></span> <span class='ocrx_word' id='word_1_197' title='bbox 555 2590 712 2656; x_wconf 90' lang='lat' dir='ltr'><strong>delectum</strong></span> <span class='ocrx_word' id='word_1_198' title='bbox 735 2596 894 2677; x_wconf 85' lang='lat' dir='ltr'><strong>egentium</strong></span> <span class='ocrx_word' id='word_1_199' title='bbox 916 2616 954 2658; x_wconf 86' lang='lat' dir='ltr'><strong>ae</strong></span> <span class='ocrx_word' id='word_1_200' title='bbox 975 2593 1112 2679; x_wconf 84' lang='lat' dir='ltr'><strong>perdito·</strong></span> 
     </span>
     <span class='ocr_line' id='line_1_29' title="bbox 157 2677 1111 2762; baseline 0 -20"><span class='ocrx_word' id='word_1_201' title='bbox 157 2700 238 2742; x_wconf 88' lang='lat' dir='ltr'><strong>rum.</strong></span> <span class='ocrx_word' id='word_1_202' title='bbox 280 2677 352 2742; x_wconf 83' lang='lat' dir='ltr'><strong>Hac</strong></span> <span class='ocrx_word' id='word_1_203' title='bbox 374 2687 485 2742; x_wconf 83' lang='lat' dir='ltr'><strong>coacte</strong></span> <span class='ocrx_word' id='word_1_204' title='bbox 504 2699 610 2760; x_wconf 85' lang='lat' dir='ltr'><strong>manu,</strong></span> <span class='ocrx_word' id='word_1_205' title='bbox 634 2681 848 2762; x_wconf 82' lang='lat' dir='ltr'><strong>quoscumque</strong></span> <span class='ocrx_word' id='word_1_206' title='bbox 876 2679 941 2742; x_wconf 86' lang='lat' dir='ltr'><strong>adit</strong></span> <span class='ocrx_word' id='word_1_207' title='bbox 968 2700 1008 2742; x_wconf 90' lang='lat' dir='ltr'><strong>ex</strong></span> <span class='ocrx_word' id='word_1_208' title='bbox 1037 2678 1111 2742; x_wconf 85' lang='lat' dir='ltr'><strong>civi-</strong></span> 
     </span>
     <span class='ocr_line' id='line_1_30' title="bbox 157 2761 1111 2848; baseline 0.002 -22"><span class='ocrx_word' id='word_1_209' title='bbox 157 2772 233 2846; x_wconf 88' lang='lat' dir='ltr'><strong>tate,</strong></span> <span class='ocrx_word' id='word_1_210' title='bbox 255 2762 296 2828; x_wconf 85' lang='lat' dir='ltr'><strong>ed</strong></span> <span class='ocrx_word' id='word_1_211' title='bbox 318 2785 408 2828; x_wconf 89' lang='lat' dir='ltr'><strong>suam</strong></span> <span class='ocrx_word' id='word_1_212' title='bbox 430 2764 617 2828; x_wconf 85' lang='lat' dir='ltr'><strong>sententiam</strong></span> <span class='ocrx_word' id='word_1_213' title='bbox 630 2761 790 2848; x_wconf 81' lang='lat' dir='ltr'><strong>perducit3</strong></span> <span class='ocrx_word' id='word_1_214' title='bbox 813 2763 965 2845; x_wconf 87' lang='lat' dir='ltr'><strong>hortatur,</strong></span> <span class='ocrx_word' id='word_1_215' title='bbox 980 2771 1015 2827; x_wconf 92' lang='lat' dir='ltr'><strong>ut</strong></span> <span class='ocrx_word' id='word_1_216' title='bbox 1029 2785 1111 2828; x_wconf 92' lang='lat' dir='ltr'><strong>com·</strong></span> 
     </span>
     <span class='ocr_line' id='line_1_31' title="bbox 158 2846 1111 2934; baseline -0.001 -22"><span class='ocrx_word' id='word_1_217' title='bbox 158 2849 262 2912; x_wconf 89' lang='lat' dir='ltr'><strong>munis</strong></span> <span class='ocrx_word' id='word_1_218' title='bbox 284 2846 439 2912; x_wconf 76' lang='lat' dir='ltr'><strong>libertatis</strong></span> <span class='ocrx_word' id='word_1_219' title='bbox 461 2871 557 2912; x_wconf 83' lang='lat' dir='ltr'><strong>causa</strong></span> <span class='ocrx_word' id='word_1_220' title='bbox 578 2869 665 2912; x_wconf 83' lang='lat' dir='ltr'><strong>arma</strong></span> <span class='ocrx_word' id='word_1_221' title='bbox 687 2849 821 2933; x_wconf 85' lang='lat' dir='ltr'><strong>capiant,</strong></span> <span class='ocrx_word' id='word_1_222' title='bbox 851 2871 904 2912; x_wconf 85' lang='lat' dir='ltr'><strong>ma</strong></span> <span class='ocrx_word' id='word_1_223' title='bbox 950 2849 1038 2934; x_wconf 81' lang='lat' dir='ltr'><strong>‘sque</strong></span> <span class='ocrx_word' id='word_1_224' title='bbox 1060 2869 1111 2912; x_wconf 92' lang='lat' dir='ltr'><strong>oo-</strong></span> 
     </span>
     <span class='ocr_line' id='line_1_32' title="bbox 158 2933 1112 3020; baseline -0.003 -22"><span class='ocrx_word' id='word_1_225' title='bbox 158 2934 237 2998; x_wconf 81' lang='lat' dir='ltr'><strong>actis</strong></span> <span class='ocrx_word' id='word_1_226' title='bbox 249 2935 348 3020; x_wconf 89' lang='lat' dir='ltr'><strong>copiis</strong></span> <span class='ocrx_word' id='word_1_227' title='bbox 368 2933 566 2999; x_wconf 78' lang='lat' dir='ltr'><strong>adversarios</strong></span> <span class='ocrx_word' id='word_1_228' title='bbox 584 2955 667 3015; x_wconf 88' lang='lat' dir='ltr'><strong>suos,</strong></span> <span class='ocrx_word' id='word_1_229' title='bbox 686 2954 706 2996; x_wconf 87' lang='lat' dir='ltr'><strong>a</strong></span> <span class='ocrx_word' id='word_1_230' title='bbox 728 2933 840 3019; x_wconf 84' lang='lat' dir='ltr'><strong>quibus</strong></span> <span class='ocrx_word' id='word_1_231' title='bbox 852 2955 915 3019; x_wconf 84' lang='lat' dir='ltr'><strong>pau</strong></span> <span class='ocrx_word' id='word_1_232' title='bbox 929 2955 946 2998; x_wconf 91' lang='lat' dir='ltr'><strong>o</strong></span> <span class='ocrx_word' id='word_1_233' title='bbox 959 2943 1031 2997; x_wconf 87' lang='lat' dir='ltr'><strong>ante</strong></span> <span class='ocrx_word' id='word_1_234' title='bbox 1044 2941 1112 2996; x_wconf 79' lang='lat' dir='ltr'><strong>erat</strong></span> 
     </span>
     <span class='ocr_line' id='line_1_33' title="bbox 159 3015 1111 3104; baseline 0.001 -23"><span class='ocrx_word' id='word_1_235' title='bbox 159 3019 288 3099; x_wconf 87' lang='lat' dir='ltr'><strong>eiectus,</strong></span> <span class='ocrx_word' id='word_1_236' title='bbox 312 3017 442 3104; x_wconf 89' lang='lat' dir='ltr'><strong>expellit</strong></span> <span class='ocrx_word' id='word_1_237' title='bbox 465 3041 506 3082; x_wconf 89' lang='lat' dir='ltr'><strong>ex</strong></span> <span class='ocrx_word' id='word_1_238' title='bbox 528 3019 666 3082; x_wconf 83' lang='lat' dir='ltr'><strong>civitate.</strong></span> <span class='ocrx_word' id='word_1_239' title='bbox 708 3016 780 3081; x_wconf 88' lang='lat' dir='ltr'><strong>Rex</strong></span> <span class='ocrx_word' id='word_1_240' title='bbox 808 3018 848 3082; x_wconf 88' lang='lat' dir='ltr'><strong>ab</strong></span> <span class='ocrx_word' id='word_1_241' title='bbox 878 3020 942 3084; x_wconf 84' lang='lat' dir='ltr'><strong>suis</strong></span> <span class='ocrx_word' id='word_1_242' title='bbox 972 3015 1111 3104; x_wconf 85' lang='lat' dir='ltr'><strong>appella·</strong></span> 
     </span>
     <span class='ocr_line' id='line_1_34' title="bbox 158 3100 1110 3190; baseline -0.003 -22"><span class='ocrx_word' id='word_1_243' title='bbox 158 3111 220 3168; x_wconf 90' lang='lat' dir='ltr'><strong>tur.</strong></span> <span class='ocrx_word' id='word_1_244' title='bbox 263 3103 408 3174; x_wconf 84' lang='lat' dir='ltr'><strong>Dimittit¹</strong></span> <span class='ocrx_word' id='word_1_245' title='bbox 424 3125 548 3190; x_wconf 91' lang='lat' dir='ltr'><strong>quoquo</strong></span> <span class='ocrx_word' id='word_1_246' title='bbox 570 3124 682 3167; x_wconf 87' lang='lat' dir='ltr'><strong>versus</strong></span> <span class='ocrx_word' id='word_1_247' title='bbox 709 3100 904 3188; x_wconf 81' lang='lat' dir='ltr'><strong>legationes3</strong></span> <span class='ocrx_word' id='word_1_248' title='bbox 927 3101 1110 3183; x_wconf 86' lang='lat' dir='ltr'><strong>obtestatur,</strong></span> 
     </span>
     <span class='ocr_line' id='line_1_35' title="bbox 158 3185 1110 3269; baseline -0.002 -17"><span class='ocrx_word' id='word_1_249' title='bbox 158 3197 194 3252; x_wconf 90' lang='lat' dir='ltr'><strong>ut</strong></span> <span class='ocrx_word' id='word_1_250' title='bbox 213 3189 248 3252; x_wconf 91' lang='lat' dir='ltr'><strong>in</strong></span> <span class='ocrx_word' id='word_1_251' title='bbox 268 3188 331 3253; x_wconf 90' lang='lat' dir='ltr'><strong>fide</strong></span> <span class='ocrx_word' id='word_1_252' title='bbox 352 3199 508 3254; x_wconf 83' lang='lat' dir='ltr'><strong>maneant.</strong></span> <span class='ocrx_word' id='word_1_253' title='bbox 532 3185 685 3253; x_wconf 87' lang='lat' dir='ltr'><strong>Celeriter</strong></span> <span class='ocrx_word' id='word_1_254' title='bbox 707 3188 768 3251; x_wconf 91' lang='lat' dir='ltr'><strong>sibi</strong></span> <span class='ocrx_word' id='word_1_255' title='bbox 789 3187 940 3269; x_wconf 81' lang='lat' dir='ltr'><strong>Senones,</strong></span> <span class='ocrx_word' id='word_1_256' title='bbox 962 3187 1110 3269; x_wconf 81' lang='lat' dir='ltr'><strong>Parisios,</strong></span> 
     </span>
     <span class='ocr_line' id='line_1_36' title="bbox 157 3271 1111 3358; baseline 0 -22"><span class='ocrx_word' id='word_1_257' title='bbox 157 3272 316 3357; x_wconf 89' lang='lat' dir='ltr'><strong>Pictones,</strong></span> <span class='ocrx_word' id='word_1_258' title='bbox 340 3273 515 3358; x_wconf 85' lang='lat' dir='ltr'><strong>Cadurcos,</strong></span> <span class='ocrx_word' id='word_1_259' title='bbox 538 3273 699 3355; x_wconf 86' lang='lat' dir='ltr'><strong>Turonos,</strong></span> <span class='ocrx_word' id='word_1_260' title='bbox 721 3271 892 3355; x_wconf 82' lang='lat' dir='ltr'><strong>Aulercos,</strong></span> <span class='ocrx_word' id='word_1_261' title='bbox 914 3272 1111 3354; x_wconf 88' lang='lat' dir='ltr'><strong>Lemovices,</strong></span> 
     </span>
     <span class='ocr_line' id='line_1_37' title="bbox 158 3356 1110 3446; baseline -0.002 -24"><span class='ocrx_word' id='word_1_262' title='bbox 158 3359 269 3425; x_wconf 88' lang='lat' dir='ltr'><strong>Andos</strong></span> <span class='ocrx_word' id='word_1_263' title='bbox 289 3359 491 3446; x_wconf 84' lang='lat' dir='ltr'><strong>reliquosque</strong></span> <span class='ocrx_word' id='word_1_264' title='bbox 519 3380 643 3441; x_wconf 89' lang='lat' dir='ltr'><strong>omnes,</strong></span> <span class='ocrx_word' id='word_1_265' title='bbox 678 3358 732 3446; x_wconf 89' lang='lat' dir='ltr'><strong>qui</strong></span> <span class='ocrx_word' id='word_1_266' title='bbox 754 3356 917 3422; x_wconf 86' lang='lat' dir='ltr'><strong>Oceanum</strong></span> <span class='ocrx_word' id='word_1_267' title='bbox 944 3358 1110 3442; x_wconf 82' lang='lat' dir='ltr'><strong>attingunt,</strong></span> 
     </span>
     <span class='ocr_line' id='line_1_38' title="bbox 158 3441 1187 3530; baseline -0.002 -20"><span class='ocrx_word' id='word_1_268' title='bbox 158 3444 319 3530; x_wconf 84' lang='lat' dir='ltr'><strong>adiungit:</strong></span> <span class='ocrx_word' id='word_1_269' title='bbox 343 3447 482 3510; x_wconf 91' lang='lat' dir='ltr'><strong>omnium</strong></span> <span class='ocrx_word' id='word_1_270' title='bbox 504 3466 662 3510; x_wconf 86' lang='lat' dir='ltr'><strong>consensu</strong></span> <span class='ocrx_word' id='word_1_271' title='bbox 690 3442 825 3507; x_wconf 86' lang='lat' dir='ltr'><strong>adeum</strong></span> <span class='ocrx_word' id='word_1_272' title='bbox 848 3441 988 3509; x_wconf 86' lang='lat' dir='ltr'><strong>defertur</strong></span> <span class='ocrx_word' id='word_1_273' title='bbox 1014 3444 1112 3528; x_wconf 89' lang='lat' dir='ltr'><strong>impe·</strong></span> <span class='ocrx_word' id='word_1_274' title='bbox 1180 3514 1187 3525; x_wconf 23' lang='lat' dir='ltr'>x</span> 
     </span>
    </p>
   </div>
   <div class='ocr_carea' id='block_1_3' title="bbox 0 0 1296 3966">
    <p class='ocr_par' dir='ltr' id='par_1_5' title="bbox 0 0 1296 3966">
     <span class='ocr_line' id='line_1_39' title="bbox 0 0 1296 3966; baseline 0 0"><span class='ocrx_word' id='word_1_275' title='bbox 0 0 1296 3966; x_wconf 95' lang='lat' dir='ltr'><strong> </strong></span> 
     </span>
    </p>
   </div>
  </div>
 </body>
</html>
