2562 3970
399 194 538 260 OOMM
558 195 574 258 1
597 193 690 262 GAP.
715 195 850 259 ott-70.
1062 193 1123 271 δῖ]

141 371 262 450 patant,
284 401 285 404 =
323 397 325 402 ·
346 365 474 448 ipsese.
497 363 589 437 Haec
604 365 722 428 evincit
736 363 770 426 in
785 361 918 426 consilio
938 361 1106 446 sententia,

142 459 175 514 et
196 449 314 534 prima
338 451 397 516 uce
423 447 575 533 postridie
598 450 791 512 constituunt
811 447 979 532 proficisci.

168 593 170 602 Α
208 533 259 598 68.
283 532 403 598 ansar
437 532 607 617 exploratis
639 531 823 617 regionibus
856 529 983 594 albente
1001 575 1005 612 Ξ
1017 527 1124 602 caelov

143 640 253 685 omnes
276 619 385 702 copias
408 619 518 682 castris
541 616 647 682 educit
668 637 848 702 magnoque
871 615 1002 690 circuitu
1017 613 1105 678 nullo

144 711 231 769 certo
253 703 367 768 itinere
390 703 564 766 exercitum
587 701 683 766 ducit.
716 701 799 766 Nam
822 722 904 784 quae
925 701 1042 763 itinera
1063 697 1105 762 ad

143 786 299 852 Hiberum
323 795 417 870 atque
452 784 644 872 Octogesam
676 784 876 870 pertinebant
909 785 1021 848 castris
1050 783 1105 848 ho·

144 873 239 937 stium
260 872 413 956 oppositis
428 870 627 949 tenebantur.
650 869 716 956 Ipsi
729 879 819 934 erant
829 867 1105 942 transcendendae

142 955 244 1020 valles
266 957 425 1018 maximae
453 978 492 1019 ac
525 955 740 1036 difficillimae,
776 976 853 1018 saxa
885 952 992 1017 multis
1011 953 1104 1028 ,locis

142 1048 317 1126 praerupta
338 1043 398 1104 iter
420 1040 647 1124 impediebant,
668 1049 704 1102 ut
725 1061 815 1104 arma
835 1060 893 1124 per
914 1059 1028 1102 manus
1050 1059 1104 1102 ne·

142 1127 282 1191 cessario
304 1125 514 1206 traderentur,
548 1124 726 1210 militesque
748 1125 863 1188 inermi
885 1121 1123 1207 sublevatique

143 1208 197 1274 alii
218 1209 259 1274 ab
293 1205 363 1274 aliis
399 1231 548 1295 magnam
584 1219 707 1294 partem
742 1209 865 1272 itineris
903 1207 1122 1280 conficerent,

143 1294 207 1362 Sed
243 1293 348 1358 hunc=
371 1293 514 1358 laborem
549 1294 719 1358 recusabat
754 1315 862 1373 nemo,
906 1293 991 1377 quod
1027 1315 1105 1364 ,eum

31 1425 37 1435 x
143 1380 283 1444 omnium
305 1378 450 1442 laborum
472 1379 658 1444 finem‘fore
674 1377 906 1460 existimabant,
931 1379 958 1441 si
980 1378 1103 1442 hostem

142 1463 263 1528 Hibero
285 1463 498 1527 intercludere
521 1473 553 1527 et
563 1465 721 1530 frumento
731 1462 899 1548 prohibere
916 1465 1103 1546 potuissent.

206 1548 257 1612 69.
280 1547 336 1611 Ac
361 1549 462 1632 primo
501 1549 668 1614 Afraniani
700 1549 817 1613 milites
833 1547 975 1611 uisendi
1008 1569 1105 1614 causa
1186 1553 1189 1558 ’

143 1631 218 1722 laeti
240 1655 283 1696 ex
305 1633 416 1698 castris
438 1632 670 1718 procurrebant
692 1631 991 1716 contumeliosisque
1018 1632 1103 1696 voci-

145 1716 204 1780 bus
225 1717 518 1802 prosequebantur:
540 1720 716 1782 necessarii
737 1718 840 1782 victus
855 1719 963 1800 inopia
978 1726 1103 1798 coactos

143 1800 255 1885 fugere
277 1811 373 1886 atque
394 1801 435 1864 ad
456 1802 595 1867 Ilerdam
616 1805 743 1868 reverti.
780 1802 860 1864 Erat
892 1802 976 1864 enim
1002 1803 1062 1865 iter
1084 1823 1106 1868 a

143 1887 304 2034 proposito
327 1887 496 1969 diversum,
520 1891 772 1973 contrariamque
788 1889 828 1952 in
850 1895 973 1970 partem
994 1887 1035 1948 iri
1056 1888 1103 1952 vi·

166 1970 287 2036 ebatur.
309 1969 419 2036 Duces
433 1993 510 2044 vero
526 1995 633 2038 corum
654 1973 820 2044 consilium
842 1993 934 2034 suum
955 1969 1103 2034 laudibus

143 2054 296 2138 ferebant,
320 2056 405 2140 quod
427 2078 461 2120 se
484 2059 594 2120 castris
617 2059 809 2138 tenuissent;
839 2054 1036 2140 multumque
1053 2074 1103 2120 eo·

143 2163 213 2204 rum
235 2141 430 2225 opinionem
443 2141 623 2224 adiuvabat,
657 2142 742 2226 quod
772 2143 840 2204 sine
871 2141 1018 2203 iumentis
1046 2141 1103 2204 im-

142 2225 395 2311 pedimentisque
424 2225 472 2288 ad·
497 2227 558 2289 iter
590 2227 748 2311 profectos
784 2225 946 2306 videbant,
983 2233 1103 2288 utnon

142 2309 235 2394 posse
257 2311 394 2394 inopiam
418 2311 533 2374 diutius
550 2313 707 2376 sustinere
723 2311 926 2375 confiderent.
951 2307 1023 2392 Sed,
1047 2308 1104 2373 ubi

142 2394 293 2478 paulatim
314 2396 493 2479 retorqueri
515 2413 629 2480 agmen
652 2395 693 2458 ad
708 2396 852 2459 dextram
869 2405 1105 2478 conspexerunt¹

142 2482 268 2564 iamque
289 2481 409 2564 primos
426 2502 576 2563 superare
591 2481 756 2564 regionem
772 2489 947 2542 castrorum
962 2480 1103 2556 animum
1176 2483 1186 2488 ’

143 2564 357 2646 adverterunt,
387 2587 480 2628 nemo
510 2576 578 2629 erat
600 2566 680 2629 adeo
702 2565 812 2628 tardus
836 2572 890 2627 aut
911 2563 1036 2646 fugiens
1059 2563 1103 2628 la-

142 2647 237 2730 boris,
261 2651 338 2733 quin
360 2651 467 2714 statim
490 2651 603 2712 castris
627 2649 808 2716 exeundum
824 2657 918 2732 atque
935 2669 1104 2724 occurren-

144 2733 218 2797 dum
250 2742 385 2818 putaret.
421 2733 646 2799 Conclamatur
668 2734 709 2798 ad
731 2755 830 2814 arma,
865 2742 959 2817 atque
993 2754 1103 2796 omnes

144 2818 254 2902 copiae
286 2819 397 2902 paucis
427 2819 586 2903 praesidio
619 2819 738 2882 relictis
772 2817 952 2884 cohortibus
987 2826 1104 2881 exesum

144 2911 295 2988 rectoque
318 2903 359 2966 ad
380 2902 536 2968 Hiberum
558 2905 671 2967 itinere
694 2903 897 2968 contendunt.

209 2985 260 3050 70.
282 2987 361 3051 Erat
383 2987 416 3050 in
446 2988 608 3066 celeritate
641 3010 734 3052 omne
766 2989 904 3072 positum
933 2995 1103 3067 certamen,

143 3072 206 3134 utri
227 3073 315 3156 prius
331 3073 493 3156 angustias
508 3082 693 3158 montesque
709 3079 916 3156 occuparent:
941 3070 998 3134 sed
1013 3090 1103 3133 exer·

144 3156 239 3218 citum
255 3155 401 3220 Caesaris
416 3158 540 3221 viarum
555 3156 755 3222 difficultates
778 3153 957 3236 tardabant,
980 3153 1118 3230 Afranii·

144 3241 251 3324 copias
274 3243 432 3327 equitatus
456 3239 604 3304 Caesaris
625 3243 797 3325 insequens
820 3239 1011 3303 morabatur.
1039 3237 1104 3312 Res

145 3335 251 3388 tamen
273 3325 314 3389 ab
335 3325 517 3390 Afranianis
550 3324 613 3388 huo
646 3335 714 3388 erat
746 3325 929 3407 necessario
958 3322 1104 3402 deducta,
