2538 3978
202 275 264 340 164
460 239 594 340 snum
611 273 913 340 mnxnrnmm

200 445 416 512 Romanorum
444 447 710 533 Ponticorumque
739 445 879 532 diripuit,
907 445 1064 532 supplicia
1094 468 1175 512 con-

201 533 301 598 stituit
321 533 355 596 in
378 555 441 615 cos,
465 534 520 619 qui
535 531 674 618 aliquam
695 531 814 596 formae
830 539 924 617 atque
946 533 1058 596 aetatis
1082 555 1174 597 com·

199 618 435 684 mandationem
455 617 625 700 habebant,
649 638 697 690 ea,
721 639 804 702 quae
819 626 921 681 morte
943 629 1050 683 essent
1071 619 1173 682 mise·

198 704 293 787 riora,
315 703 514 789 Pontumque
536 702 623 768 nullo
640 702 828 766 defendente
843 712 1011 788 paternum
1025 725 1172 790 regnum

200 788 342 874 glorians
365 811 399 852 se
421 789 581 875 recepisse
604 788 775 854 obtinebat.

262 874 315 938 42.
338 873 405 939 Sub
427 874 513 939 idem
527 884 652 960 tempus
673 874 708 936 in
722 872 851 959 Illyrico
867 883 916 938 est
930 873 1172 940 incommodum

199 969 379 1044 acceptum3
424 982 506 1046 quae
548 959 714 1046 provincia
754 959 970 1044 superioribus
1002 957 1173 1024 mensibus

198 1053 323 1110 retenta
343 1067 407 1110 non
436 1055 558 1110 tantum
585 1046 654 1110 sine
682 1044 867 1128 ignominia,
891 1045 949 1110 sed
978 1046 1071 1109 etiam
1094 1067 1172 1110 cum

199 1129 294 1194 laude
317 1139 395 1195 erat.
424 1130 570 1216 Namque
592 1153 630 1195 eo
658 1131 775 1194 missus
798 1138 919 1194 aestate
947 1151 1019 1212 cum
1042 1130 1172 1195 duabus

198 1215 378 1301 legionibus
416 1215 455 1294 Q.
493 1214 691 1299 Cornificius,
730 1214 878 1280 Caesaris
916 1226 1071 1317 quaestor,
1100 1238 1171 1316 ,pro
1241 1251 1242 1260 κ

198 1309 354 1387 praetore,
379 1323 570 1388 quamquam
600 1311 668 1366 erat
694 1301 861 1388 provincia
885 1302 1015 1366 mimmc
1037 1323 1172 1387 copiosa

199 1387 241 1452 ad
263 1388 422 1452 exercitus
452 1387 583 1453 alendos
614 1397 646 1452 et
666 1386 800 1450 finitimo
827 1386 912 1451 bello
936 1409 974 1454 ac
996 1387 1171 1452 dissensio-

198 1471 293 1536 nibus
323 1473 467 1539 conlecta
493 1482 524 1538 et
544 1482 680 1556 vastata,
711 1482 818 1536 tamen
846 1473 1016 1558 prudentia
1037 1495 1074 1538 ac
1097 1471 1171 1538 dili·

198 1558 307 1643 gentia
329 1581 394 1641 sua,
418 1559 502 1645 quod
524 1581 672 1644 magnam
688 1580 797 1622 curam
819 1558 1021 1645 suscipiebat,
1044 1581 1170 1646 nequo

198 1652 318 1708 temere
354 1645 585 1730 rogrederetur,
607 1653 639 1708 et
659 1645 779 1730 recepit
795 1653 826 1708 et
848 1643 998 1710 defendit.
1021 1644 1170 1731 Namque

199 1737 231 1793 ct
252 1667 385 1794 castella
406 1729 570 1816 complura
591 1729 669 1794 locis
700 1729 793 1794 editis
819 1730 932 1814 posita,
955 1751 1090 1815 quorum
1112 1753 1171 1816 op-

198 1816 375 1900 portunitas
398 1814 588 1880 castellanos
617 1813 805 1900 impellebat
832 1815 874 1878 ad
896 1815 1100 1880 decursiones
1122 1814 1170 1879 ia·

199 1901 328 1964 ciendas
365 1910 396 1964 et
431 1900 551 1966 bellum
588 1900 797 1982 inferendum,
835 1897 1044 1986 expugnavit
1066 1924 1171 1987 eaque

197 1986 318 2086 praeda
339 1985 454 2051 milites
477 1986 617 2068 donavit,
641 2009 723 2071 quae
746 1987 807 2050 etsi
829 1994 899 2050 erat
920 1988 1035 2069 tenuis,
1058 1996 1170 2052 tamen

197 2081 341 2136 intanta
362 2073 546 2158 provinciae
575 2072 798 2158 desperatione
822 2080 891 2136 erat
911 2082 1003 2158 grata
1023 2095 1170 2159 praeser-

197 2157 256 2222 tim
277 2159 395 2222 virtute
416 2167 518 2242 parta,
549 2168 582 2223 et
624 2180 700 2223 uum
731 2157 884 2222 Octavius
907 2180 950 2224 ex
970 2159 1046 2243 fuga
1067 2158 1170 2222 Plrar·

199 2241 290 2306 salici
311 2242 427 2328 proelii
453 2265 570 2328 magna
597 2181 699 2308 dlasse
729 2245 763 2307 in
791 2242 883 2308 illum
911 2266 946 2308 so
969 2246 1073 2308 sinum
1094 2265 1171 2310 oon-

197 2327 331 2410 tulisset,
354 2329 463 2414 paucis
477 2328 613 2394 navibus
632 2328 875 2412 Iadertinorum,
892 2351 1026 2415 quorum
1042 2351 1172 2416 semper

197 2412 233 2476 in
253 2413 483 2500 rempublicam
499 2414 662 2500 singulare
683 2417 867 2480 constiterat
882 2417 1029 2496 officium,
1045 2416 1171 2502 disper·-

200 2498 244 2562 sis
274 2499 460 2564 Octauianis
489 2500 626 2564 navibus
656 2511 724 2566 crat
752 2503 879 2587 potitus,
913 2511 948 2566 ut
979 2502 1033 2567 vel
1063 2502 1171 2568 classe

199 2583 353 2648 dimicare
374 2595 482 2671 posset
504 2586 661 2650 adiunctis
681 2589 816 2672 captivis
838 2587 974 2651 navibus
995 2588 1169 2653 sociorum.

200 2667 306 2749 Quum
335 2671 552 2736 diversissima
579 2679 669 2757 parte
699 2673 784 2738 orbis
807 2683 964 2738 terrarum
991 2673 1052 2738 On.
1073 2675 1169 2738 Pom·-

199 2757 307 2841 peium
330 2754 449 2820 Caesar
463 2759 567 2823 victor
586 2767 773 2844 sequeretur
789 2758 1032 2860 compluresque
1054 2759 1171 2824 adver-

200 2843 299 2906 sarios
311 2843 344 2906 in
358 2842 521 2928 Illyricum
535 2853 665 2929 propter
678 2843 886 2910 Macedoniae
899 2849 1169 2932 proprnquitatem

200 2949 235 2992 se
245 2928 307 2992 reli
329 2930 390 2992 niis
403 2949 443 2992 ex
457 2929 533 3014 fuga
549 2928 691 2995 collectis
707 2930 879 2996 contulisse
895 2931 1028 3012 audiret,
1044 2931 1171 2996 litteras

200 3013 242 3078 ad
275 2952 448 3079 Gdbinium
480 3017 585 3098 mittit,
619 3016 665 3080 uti
699 3038 770 3080 cum
804 3017 984 3102 legionibus
1016 3018 1167 3100 tironum,

200 3121 282 3184 quae
303 3123 407 3186 nuper
429 3110 519 3164 erant
542 3103 750 3188 conscriptae,
766 3103 1021 3188 proficisceretur
1035 3104 1069 3166 in
1089 3102 1169 3188 Illy·

199 3187 302 3250 ricum
334 3187 575 3272 coniunctisque
608 3189 707 3274 copiis
742 3210 814 3252 cum
848 3188 886 3268 Q.
922 3188 1104 3271 Cornificio,
1139 3190 1170 3252 si

200 3270 286 3359 quod
307 3272 483 3358 periculum
504 3274 688 3358 provinciae
708 3275 887 3356 inferretur,
910 3272 1100 3360 depelleret·;
1116 3277 1169 3342 sin

201 3381 239 3423 ea
261 3379 326 3422 non
341 3360 464 3444 magnis
481 3360 580 3444 copiis
596 3369 663 3424 tuta
679 3383 749 3425 esse
764 3367 881 3446 posset,
898 3361 931 3423 in
944 3360 1169 3446 Macedoniam

201 3444 343 3528 legiones
366 3445 553 3510 adduceret:
576 3469 700 3511 omnem
724 3449 809 3512 enirn
830 3446 918 3512 illam
939 3458 1060 3532 partem
1082 3448 1152 3532 regi
