2562 3970
493 204 747 272 PRAEFATIO.
932 203 1106 271 LXXXIX

159 383 213 438 aut
234 375 262 437 si
283 396 318 438 re
340 375 455 440 infecta
478 375 530 442 ille
551 375 702 455 redierat,
725 376 807 439 hane
828 398 894 439 rem
916 375 955 439 ab
978 384 1105 441 auctore

160 462 373 528 commentarii
386 459 509 526 silentio
521 483 590 525 esse
601 463 862 544 praetermissam.
875 460 984 545 ltaque
996 459 1104 541 verba,

160 543 266 629 qualia
293 545 383 608 libris
410 546 615 630 praebentur,
644 546 810 608 sanissima
837 556 917 621 sunt,
946 566 1048 630 neque
1068 553 1105 612 at

160 628 251 691 aliter
272 639 404 694 statuam
429 631 597 716 quidquam
626 629 809 715 Nipperdeii
836 629 934 694 verba
966 637 1104 711 movent,

162 736 255 797 quum
276 715 414 799 ineptum
438 739 508 782 esse
534 717 609 780 dicit
637 716 773 795 ,navium
802 737 966 779 numerum
988 713 1029 777 ad
1050 734 1103 799 po-

162 799 322 862 steriorem
349 823 416 864 rem
445 801 552 864 datum
580 799 734 864 declarari
765 803 797 863 in
825 801 928 883 priore
957 822 991 862 re
1016 797 1104 863 nullo

161 884 269 967 posito,
294 887 383 969 quasi
406 885 447 948 ad
469 897 676 950 commeatum
691 883 914 950 arcessendum
936 894 990 947 aut
1000 883 1105 954 nudas

159 989 255 1030 naves
277 965 437 1034 habuisiet
452 982 505 1034 aut
527 969 623 1034 alium
638 975 822 1034 numerum!
855 967 961 1031 Alium
977 969 1105 1035 navium

159 1074 323 1116 munerum
346 1055 386 1118 ad
404 1066 610 1120 commeatum
631 1055 854 1120 arcessendum
872 1054 1035 1118 Rabirium
1049 1053 1104 1117 ha·

158 1137 282 1214 baisse,
309 1162 371 1202 non
400 1151 464 1204 tam
493 1143 634 1225 ineptum
684 1163 755 1202 uam
782 1141 830 1202 rei
859 1150 1105 1205 consentaneum

157 1220 297 1294 videtum
320 1227 380 1288 nisi
404 1227 488 1288 enim
516 1226 623 1290 decem
652 1164 723 1288 iiius
753 1247 850 1290 naves
879 1224 998 1307 longas,
1022 1247 1105 1310 quac

156 1307 208 1389 ,ad
230 1329 315 1373 mare
331 1310 480 1373 tuendum
495 1311 536 1374 ab
551 1311 703 1375 hostibua‘
719 1310 811 1374 datae
827 1320 928 1392 erant,
951 1330 1104 1373 vacuas

156 1391 308 1456 militibus
317 1395 414 1458 fuisse
423 1396 560 1469 facimus,
574 1398 680 1460 nescio
698 1397 748 1460 cui
765 1398 834 1458 usui
851 1395 982 1457 fuissent
997 1393 1103 1458 militi·

157 1501 214 1542 uus
240 1478 413 1563 completae
435 1503 516 1544 novo
532 1483 718 1544 commeatui
741 1479 934 1560 devehendo,
957 1480 1018 1542 nisi
1038 1502 1104 1544 una

154 1565 268 1628 missus
291 1575 374 1628 esset
395 1587 566 1630 vacuarum
588 1567 716 1629 navium
737 1586 895 1628 numerus.

142 1667 151 1678 ·
217 1649 303 1711 Infra
325 1651 358 1712 in
380 1650 490 1713 eodem
519 1672 587 1736 cap.
619 1650 658 1714 N.
688 1651 727 1714 de
757 1651 936 1712 coniectura
959 1649 1101 1734 scripsit:

141 1739 238 1798 ‘Haec
266 1743 308 1797 tta
341 1742 507 1815 imperabat
532 1745 709 1820 uuicuique,
744 1744 798 1799 ita,
808 1740 1034 1814 praecepiebat,
1058 1740 1104 1798 uti

151 1827 223 1894 tert
243 1841 317 1884 nou
335 1841 454 1899 posse
475 1843 596 1899 aeque
619 1828 714 1884 torum
736 1829 891 1886 excusatio
915 1825 1024 1882 ultum
1046 1825 1100 1882 tta·

154 1910 236 1968 beret
250 1926 433 1970 neumarum
448 1914 668 1980 remanere-uuo.
685 1905 776 1970 Haec
788 1904 999 1989 displicerent,
1024 1905 1051 1968 si
1065 1903 1102 1968 li-

153 1987 281 2053 brorum
294 1992 477 2054 auctoritate
490 1992 671 2071 niterentur,
686 2013 814 2075 prorsus
828 1988 1005 2052 abiicienda
1020 1998 1100 2064 cunt,

154 2095 249 2156 quum
258 2074 350 2136 etiam
362 2073 662 2158 longiusalibrorum
671 2078 826 2189 scriptura
833 2074 990 2137 recedant.
1001 2073 1100 2138 Codd.

154 2160 238 2223 enim
260 2156 360 2221 Paris.
385 2182 446 2223 sec.
463 2160 551 2224 Leid.
568 2184 613 2245 pr.
630 2160 713 2224 Suel.
730 2161 837 2222 buiac.
853 2161 989 2243 itemque
1005 2159 1099 2224 Vind.

152 2265 199 2328 pr.
230 2245 430 2308 consentiunt
462 2247 493 2308 in
521 2245 629 2308 verbis
659 2255 704 2309 uti
732 2253 802 2320 fieri
829 2256 936 2324 posset
967 2266 1023 2308 uec
1051 2266 1099 2312 ae.

154 2351 235 2413 quae
257 2329 349 2394 facile
373 2329 587 2413 emendantur,
610 2354 705 2416 quum
727 2329 848 2393 voculis
873 2351 929 2392 uec
950 2351 987 2392 ue
1007 2330 1042 2392 in
1063 2352 1101 2395 aa

152 2435 208 2476 nee
230 2415 429 2498 transpositis
459 2413 588 2478 scribis:
616 2423 697 2480 Haeo
720 2422 761 2478 tta
789 2420 953 2493 imperabat
981 2423 1100 2478 uuicui-

153 2519 224 2576 que,
256 2507 298 2562 tta
327 2507 555 2579 praecipiebat,
592 2509 637 2565 uti
661 2508 732 2578 fieri
750 2511 925 2579 possent,
963 2521 1007 2563 ae
1029 2522 1100 2565 nee

151 2589 247 2646 torum
278 2593 436 2648 excusatio
473 2593 594 2650 uttam
623 2592 744 2649 haberet
774 2606 830 2649 nee
862 2605 974 2648 moram
1007 2593 1100 2663 terat-

152 2676 293 2731 rersutt'o.
1089 2689 1090 2692 ’

216 2751 252 2816 Ο.
277 2752 316 2816 18
340 2774 435 2839 quum
458 2753 627 2819 dictionem
655 2763 764 2838 ,hostes
793 2768 864 2835 post
893 2760 996 2818 rottera
1026 2761 1099 2819 deii·

151 2844 229 2912 cere*
259 2839 313 2901 vix
343 2847 428 2900 recte
458 2839 575 2902 habere
606 2842 790 2916 existimem,
822 2839 921 2920 edidi,
951 2839 1099 2922 quemad-

149 2922 277 2985 modum
299 2924 332 2985 in
354 2922 435 2986 libro
464 2923 557 2987 Vind.
588 2927 738 3010 scriptum
768 2935 833 2988 est:
864 2939 953 3002 atque
980 2936 1097 3004 puncto

150 3015 293 3086 temporis
320 3015 458 3072 hostibus
485 3016 566 3072 nullo
600 3017 719 3087 reporto
748 3031 853 3089 campo
878 3016 995 3089 patris,
1025 3021 1100 3088 post

149 3099 250 3156 culte
273 3098 398 3156 detectis
420 3101 505 3156 nactr'
526 3101 621 3158 torum
644 3109 733 3172 utque
763 3101 805 3158 ibt
828 3101 989 3174 paulisper
1018 3115 1098 3158 com·

147 3185 257 3240 moratt'
278 3199 303 3240 e.
328 3199 355 3256 p.
379 3201 404 3240 s.
428 3176 467 3240 cf.
489 3178 572 3241 infra
593 3200 620 3242 c.
643 3177 702 3243 40.-
732 3185 875 3259 Scipione
901 3188 1023 3258 er'usque
1046 3199 1098 3243 co·

144 3268 210 3338 piis
233 3282 337 3340 campo
361 3268 546 3340 collibusque
568 3272 751 3342 exturbatis,
776 3286 803 3326 c.
826 3264 884 3326 69:
908 3271 982 3328 teris
997 3285 1097 3328 arma·

147 3356 217 3493 iiim
243 3352 372 3493 {postium
398 3353 480 3412 uultu
510 3357 629 3427 reporto
653 3357 718 3415 toro
742 3356 887 3428 patena
916 3357 1031 3414 detecta
1053 3358 1099 3413 eet

171 3477 183 3492 a
207 3451 242 3495 co
266 3452 290 3493 e.
