2534 3970
363 211 497 276 doum·
520 212 538 274 l·
558 211 651 276 OAP.
674 211 818 286 31³32„
1020 211 1060 274 21

105 381 235 448 Galliae
268 381 384 448 finibus
413 380 626 466 pellerentur,
657 391 758 467 atque
780 404 888 448 omnes
911 379 1062 446 Germani

103 465 254 531 Rhenum
286 465 471 545 transireutg
497 489 602 554 neque
631 468 713 531 enim
746 465 968 531 conferendum
992 487 1062 528 esse

104 549 267 617 Gallicum
291 561 362 616 cnm
385 549 726 636 Germanorum-agro,
756 569 859 637 neque
886 551 967 615 hanc
989 565 1063 614 con-v

105 638 310 701 suetudinem
348 638 450 701 victus
479 656 551 702 cum
579 636 636 700 illa
664 636 916 722 comparandam.
971 635 1062 700 Ario·

105 723 228 786 vietum
255 731 374 804 autem,
410 732 446 785 ut
481 721 581 786 semel
612 721 776 786 Gallorum
809 743 846 786 co
869 723 915 784 ias
965 719 1062 784 raalio

106 809 236 889 vicerit,
265 806 349 894 quod
374 806 528 892 proelium
554 807 671 872 factum
700 808 740 871 sit
761 805 802 870 ad
857 744 1061 892 agetolrriam,

110 891 248 978 superbe
271 901 304 956 et
323 891 495 956 crudeliter
515 892 688 976 imperare,
719 891 845 956 obsides
873 891 1062 956 nobilissimi

109 979 264 1063 cuiusque
286 976 402 1041 liberos
424 998 555 1062 poscere
585 985 617 1040 et
645 978 678 1040 in'
705 997 759 1040 eos
787 978 891 1040 omnia
916 975 1064 1061 exempla

33 1095 35 1100 ·
108 1063 330 1147 cruciatusque
353 1061 467 1144 edere,
496 1063 523 1125 si
559 1081 622 1146 qua
649 1083 786 1126 resnou
815 1060 987 1126 adnutum
1009 1069 1063 1124 aut

108 1145 150 1210 ad
171 1146 372 1220 voltmta'te'rn
392 1149 459 1211 eius
481 1147 563 1210 faeta
585 1147 633 1209 sit.
663 1146 831 1212 Hominem
854 1168 924 1209 esse
947 1145 1062 1210 barba-

108 1253 189 1312 rum,
211 1231 407 1313 iracundum,
422 1232 640 1296 temerarium:
663 1254 726 1297 non
740 1253 834 1317 posse
850 1233 916 1294 eius
931 1232 1063 1316 imperia

108 1315 227 1380 diutius
257 1318 421 1382 sustinere.
464 1316 534 1380 Nisi
556 1315 681 1401 siquid
711 1318 745 1380 in
768 1315 904 1381 Caesare
932 1314 1062 1402 populo-

129 1423 172 1464 ue
193 1401 336 1476 Romano
365 1402 405 1465 sit
437 1400 563 1482 auxilii,
597 1400 740 1466 omnibus
763 1400 864 1466 Gallis
886 1400 971 1464 idem
993 1422 1063 1464 esse

108 1423 299 1567 iaciendum,
323 1485 408 1586 quod
421 1485 561 1550 Helvetii
578 1485 719 1570 fecerint,
742 1496 777 1550 ut
791 1486 882 1552 domo
898 1488 1062 1570 emigrent,

110 1570 199 1635 aliud
221 1570 422 1652 domicilium,
446 1571 524 1635 alias
546 1571 655 1654 sedes,
678 1581 814 1636 remotas
844 1593 864 1634 a
885 1570 1062 1652 Germanis,

131 1663 219 1720 etant
232 1656 461 1741 feminamque,
478 1670 694 1742 quaecumque
709 1656 839 1738 accidat,
852 1657 1062 1740 experiantur.

108 1677 200 1805 llaec
222 1743 249 1803 si
272 1742 433 1804 enuntiata
454 1739 613 1806 Ariovisto
636 1743 707 1823 sint,
730 1762 795 1805 nou
808 1739 970 1822 dubitare,
987 1741 1063 1826 quin

109 1823 150 1889 de
173 1825 320 1889 omnibus
343 1825 515 1908 obsidibus,
539 1827 593 1911 qui
613 1826 699 1912 apud
721 1846 793 1890 eum
821 1827 891 1907 sint,
914 1826 1063 1910 gravissi·

110 1932 196 1974 mum
231 1911 419 1997 suppliciunt
440 1920 557 1976 sumat.
597 1909 767 1976 Caesarem
798 1909 851 1974 'vel
878 1911 1063 1974 auctoritate

111 2016 170 2059 sua
192 2004 224 2058 at
247 2018 287 2060 ue
310 1995 467 2060 exercitus
489 1996 541 2060 vel
562 1997 682 2061 recenti
708 1997 841 2062 victoria
862 1994 915 2061 vel
936 1997 1063 2060 nomine

132 2079 219 2166 cpuli
289 2083 375 2146 mani
396 2081 555 2146 deterrere
599 2103 685 2164 csse,
715 2103 756 2146 ne
777 2083 877 2145 maior
898 2079 1064 2145 multitudo

109 2102 343 2230 liermanorum
357 2165 502 2231 Rhenum
516 2176 546 2230 tr
588 2176 715 2247 ucatur,¹
724 2164 923 2251 Galliamque
939 2187 1063 2230 omnem

111 2249 150 2315 ab
172 2250 325 2315 Ariovisti
345 2252 460 2316 inimia
480 2271 574 2337 posse
596 2251 775 2316 defendere.

174 2336 227 2400 32.
249 2335 320 2400 Hac
341 2338 483 2402 oratione
505 2337 545 2401 ab
560 2337 720 2402 Divitiaco
742 2336 850 2400 habita
872 2356 989 2418 omnes,
1010 2338 1063 2422 qui

111 2420 256 2504 aderant,
279 2439 394 2521 magno
416 2421 659 2487 fletu'auxilium
681 2420 853 2486 aansare
874 2431 982 2507 petere
994 2442 1063 2486 coe·

110 2515 233 2592 parunt
285 2506 517 2572 Ammadvertit
544 2505 663 2572 Caesar
683 2528 762 2573 unos
785 2528 827 2570 ex
849 2505 992 2571 omnibus
1008 2505 1063 2571 Se-

112 2612 233 2676 quanos
255 2591 333 2656 nihil
356 2613 463 2656 aarum
484 2613 591 2656 rerum
612 2593 733 2676 facere,
764 2613 841 2678 quas
865 2593 959 2656 ceteri
981 2591 1063 2655 face·

112 2685 190 2758 rent,
215 2676 272 2740 sed
293 2678 399 2740 tristes
423 2679 527 2763 eapite
549 2677 686 2742 demisso
708 2687 823 2742 terram
839 2676 962 2740 intueri.
985 2676 1062 2740 Eius

111 2761 157 2825 rei
194 2783 274 2847 quae
311 2783 406 2825 eausa
438 2771 537 2845 esset,
570 2764 699 2828 miratus
729 2785 775 2835 ex
806 2762 884 2847 ipsis
921 2762 1062 2847 quaesiit.

111 2845 196 2910 Nihil
229 2845 369 2932 Sequani
395 2868 446 2911 res
470 2847 603 2931 endere,
642 2847 702 2912 sed
728 2843 767 2912 *iu
797 2847 907 2912 eadem
938 2847 1064 2911 tristitia

111 2932 198 2995 taciti
242 2953 416 2996 ermenere.
439 2869 544 3011 duum
561 2933 666 2998 abhis
682 2934 807 3018 saepius
830 2939 996 3018 quaereret
1010 2952 1063 2994 ne·

113 3037 173 3166 &e
212 3015 300 3079 lam
328 3019 453 3081 omnino
489 3039 601 3082 vocem
634 3019 814 3104 exprimere
835 3024 955 3102 posset,
978 3015 1064 3102 idem

145 3102 288 3166 'vitiacus
310 3101 463 3166 Haeduus
485 3103 667 3187 respondit:
689 3104 761 3167 Hoc
782 3123 853 3167 esse
867 3101 1064 3164 miseriorem

112 3196 143 3250 et
162 3189 344 3272 graviorem
369 3187 526 3252 fortunam
553 3187 771 3274 Sequanorum
805 3208 899 3273 quam
928 3183 1064 3269 reliquo-

114 3293 207 3374 ”mlh
225 3271 311 3360 quod
339 3271 399 3337 soli
426 3275 468 3336 n'e
494 3273 527 3336 in
554 3273 676 3340 occulto
699 3272 825 3423 quidem
848 3271 939 3358 queri
959 3291 1063 3370 neque

115 3357 264 3421 auxrlrum
295 3357 465 3443 implorare
494 3358 648 3422 auderent
682 3357 885 3442 asentisque
911 3354 1065 3420 Ariovrstr
1172 3423 1175 3430 ,

116 3442 345 3525 crudelitatem,
381 3441 470 3508 velut
506 3444 534 3507 si
567 3465 673 3508 coram
706 3442 845 3523 adesset,
889 3439 1066 3506 horrerent.
