2490 3974
427 239 572 310 OAPU'I'
593 239 730 307 stt-71.
993 239 1055 306 223

79 426 258 484 uterentur
280 436 398 501 eosque
426 413 537 478 iaculis
560 410 790 478 convulnerare
811 413 887 476 satis
910 434 980 476 esse
1002 433 1056 476 ex·

11 527 15 582 r
82 505 284 584 istimarent,
308 499 429 564 Caesar
450 498 607 564 intellexit
634 494 712 560 nihil
739 496 827 562 aliud
856 519 910 562 eos
940 499 1057 580 conari,

11 613 14 670 1
82 589 155 653 nisi
178 597 213 652 ut
234 609 269 650 se
291 594 442 671 cogerent
456 595 560 648 castra
575 605 612 648 eo
632 580 702 647 loco
716 603 844 667 ponere,
860 583 915 648 ubi
930 583 1057 648 omnino

11 715 15 756 g
82 695 198 760 aquae
225 670 304 735 nihil
333 680 426 749 esset,
454 679 489 733 ut
518 669 677 733 exercitus
707 669 774 732 eius
801 668 934 751 ieiunus,
962 671 1059 754 quia

11 803 14 824 ι
85 767 210 846 quarta
230 755 342 842 vigilia
362 777 463 856 usque
491 754 533 820 ad
562 753 672 818 boram
698 759 725 814 X
751 753 814 816 diei
836 754 913 820 nibil
935 764 1057 840 gustas·

11 825 13 864 ³
85 855 152 926 set,
177 865 216 906 ac
235 844 377 908 iumenta
398 851 449 904 srtr
471 842 620 925 perirent.

160 929 211 992 70.
235 926 342 1006 Quum
369 929 433 990 iam
461 926 502 990 ad
529 924 604 989 solis
635 946 782 988 occasum
811 938 904 1006 esset,
935 936 966 989 et
994 947 1059 992 non

86 1025 176 1080 totos
201 1019 221 1076 C
247 1034 362 1097 passus
389 1012 422 1074 in
445 1011 555 1076 horam
583 1021 667 1074 esset
693 1031 890 1096 progressus,
920 1012 1059 1097 equitatu

10 1149 11 1174 p
89 1123 152 1165 suo
176 1110 305 1186 propter
327 1119 481 1183 equorum
509 1097 671 1162 interitum
700 1105 840 1160 extremo
863 1098 989 1181 agmine
1010 1119 1059 1162 re-

9 2211 10 2254 7
97 2211 287 2296 legionarios
310 2208 529 2275 coniiciebant.
545 2209 595 2272 lta

9 2355 10 2366 ,
97 2297 191 2362 modo
213 2297 388 2362 resistendo
411 2294 531 2360 tardius
552 2295 667 2358 itinere
694 2294 838 2360 confecto
861 2295 962 2360 noctis
984 2294 1062 2359 bora

9 2379 10 2390 ¹
97 2384 199 2469 prima
231 2406 339 2449 omnes
373 2403 446 2446 suos
479 2380 519 2444 ad
552 2402 651 2444 unum
683 2383 716 2444 in
753 2390 855 2444 eastra
887 2380 1061 2446 incolumes

89 1196 181 1252 moto
198 1183 339 1270 legiones
354 1183 388 1246 in
401 1183 505 1246 vicem
520 1181 561 1246 ad
573 1190 750 1246 extremum
767 1203 881 1265 agmen
894 1183 1058 1248 evocabat.

88 1271 144 1336 Ita
174 1269 239 1336 vim
267 1269 403 1333 hostium
432 1267 557 1352 placide
587 1265 763 1352 leniterque
795 1268 969 1352 procedens
1001 1291 1059 1355 per

91 1356 304 1442 legionarium
331 1353 462 1418 militem
492 1352 687 1417 commodius
717 1353 902 1418 sustinebat.
928 1353 1059 1418 Interim

92 1444 238 1528 equitum
266 1439 476 1502 Numidarum
504 1439 614 1522 copiae
644 1437 755 1500 dextra
784 1440 973 1526 sinistraque
1002 1462 1060 1526 per

93 1526 195 1594 colles
231 1546 439 1610 praecurrere
471 1545 672 1609 coronaeque
705 1524 739 1586 in
770 1523 898 1589 modum
931 1526 1060 1610 cingere

93 1611 296 1678 multitudine
318 1632 377 1675 sua
399 1608 546 1674 Caesaris
575 1612 693 1693 copias,
715 1631 790 1692 pars
813 1632 927 1695 agmen
956 1621 1060 1675 extre·

93 1721 183 1763 mum
204 1697 337 1782 insequi.
362 1694 508 1760 Caesaris
530 1704 636 1758 autem
650 1717 714 1756 non
737 1694 872 1780 amplius
895 1703 928 1759 ΙΙΙ
945 1706 999 1760 aut
1013 1703 1060 1758 1111

94 1783 212 1848 milites
241 1782 385 1846 veterani
412 1781 440 1844 si
469 1801 504 1844 se
535 1781 765 1846 convertissent
792 1790 824 1845 et
852 1780 918 1866 pila
940 1780 1060 1845 viribus

9 1925 10 1936 ,
95 1879 240 1934 contorta
266 1869 300 1930 in
328 1866 482 1930 Numidas
511 1866 642 1930 infestos
672 1867 891 1947 coniecissent,
925 1866 1061 1952 amplius

9 1937 10 1962 ³
96 1955 194 2020 duum
216 1954 338 2019 milium
364 1973 496 2018 numero
526 1951 567 2017 ad
588 1973 686 2016 unum
714 1960 804 2036 terga
831 1952 1001 2017 vertebant
1023 1973 1061 2016 ac

9 2099 10 2106 ,
96 2063 205 2105 rursus
229 2040 269 2104 ad
292 2039 393 2103 aciem
422 2039 542 2123 passim
571 2039 734 2101 conversis
758 2038 846 2124 equis
877 2059 911 2102 se
934 2037 1060 2124 collige·

9 2185 10 2206 p
96 2125 175 2190 bant
196 2138 291 2212 atque
319 2126 353 2188 in
381 2125 484 2210 spatio
517 2121 793 2272 conseguebantur
828 2133 859 2187 et
891 2123 997 2188 iacula
1028 2123 1061 2188 in

639 2231 731 2272 aesar
753 2208 845 2274 modo
859 2208 1061 2295 procedendo

100 2469 214 2532 sauciis
229 2473 256 2532 X
270 2469 361 2536 factis
376 2467 513 2530 reduxit.
528 2464 691 2532 Labienus
707 2466 831 2529 circiter
848 2472 911 2530 CCC
927 2467 1060 2548 amissis,

9 2553 10 2560 '
100 2552 205 2617 multis
232 2553 407 2619 vulneratis
438 2574 475 2616 ac
506 2551 638 2617 defessis
669 2550 815 2616 instando
845 2551 990 2616 omnibus
1020 2549 1062 2616 ad

9 2641 10 2644 ’
101 2661 173 2704 suos
200 2663 234 2704 se
255 2640 385 2725 recepit.
415 2636 522 2722 Scipio
556 2639 683 2702 interim
716 2635 858 2736 legiones
890 2637 1060 2723 productas

102 2745 172 2789 cum
205 2724 391 2810 elephantis,
429 2745 507 2808 quas
535 2732 609 2787 ante
639 2734 742 2786 castra
772 2745 805 2785 1n
834 2724 902 2786 acie
931 2723 1061 2786 terroris

102 2812 200 2896 gratia
228 2811 262 2874 in
295 2819 467 2896 conspectu
501 2807 647 2874 Caesaris
681 2807 905 2888 collocaverat,
939 2807 1062 2872 reducit

102 2897 134 2960 in
154 2906 267 2960 castra.
734 2953 736 2958 .

163 2982 213 3059 Ἵ.
238 2980 359 3046 Caesar
373 2991 483 3046 contra
499 2979 654 3045 eiusmodi
668 2978 806 3042 hostium
817 3001 938 3061 genera
954 2979 1063 3064 copias

103 3091 173 3134 suas
201 3090 265 3132 non
293 3077 328 3133 ut
348 3068 518 3152 imperator
547 3067 720 3131 exercitum
751 3073 937 3129 veteranum
964 3066 1062 3128 victo·

103 3177 229 3255 remque
252 3154 400 3217 maximis
422 3151 518 3216 rebus
540 3153 648 3237 gestis,
673 3151 729 3215 sed
751 3159 786 3212 ut
807 3148 922 3214 lanista
943 3151 1062 3215 tirones

103 3239 289 3326 gladiatores
323 3239 585 3320 condocefacer03
616 3260 678 3324 quo
707 3235 790 3320 pede
818 3259 852 3300 se
885 3238 1064 3321 reciperent

105 3325 142 3390 ab
162 3326 252 3390 hoste
275 3333 307 3388 et
328 3322 594 3411 quemadmodum
617 3323 745 3387 obversi
768 3320 956 3386 adversariis
979 3329 1011 3386 et
1029 3321 1063 3383 in

107 3409 250 3496 quantulo
273 3411 374 3497 spatio
396 3411 589 3488 resisterent,
613 3407 706 3473 modo
727 3416 953 3492 procurrerent
968 3405 1062 3472 modo

106 3495 284 3562 recederent
306 3497 634 3580 comminarenturque
650 3495 803 3577 impetum
825 3513 864 3556 ac
885 3514 1062 3578 propeque
1080 3499 1082 3508 ’
