2490 3974
208 195 270 260 aso
471 196 600 261 annm
621 195 916 261 msranmusrs
1025 289 1027 291 Ι

178 359 299 436 'cuius
324 366 468 433 dominus
496 368 530 430 in
559 367 718 444 Caesaris¹¹
733 368 845 432 ansuis
873 365 982 435 fuisset
1015 367 1186 452 (uxorem

207 462 238 517 et
259 451 342 517 filios
363 454 396 516 in
419 453 534 603 oppido
555 453 747 554 reliquerat),
771 453 930 518 dominum
952 451 1125 537 iugulavit
1151 463 1185 517 et

205 538 250 600 ita
282 537 362 601 clam
395 561 415 604 a
477 539 595 604 aesaris
626 539 792 624 praesidiis
823 538 871 612 in
888 537 1019 622 Pompei
1060 547 1184 602 castra

206 621 351 686 discessit
372 633 404 688 et
417 624 566 708 indicium
589 623 704 709 glande
724 625 872 708 scriptum
887 622 981 703 misit,
1001 644 1066 707 per
1109 623 1182 686 uod

205 709 320 772 certior
341 708 431 772 fieret
454 707 581 787 Caesar,
598 711 724 795 quaein
740 708 854 794 oppido
870 707 1091 772 addefenden
1118 729 1179 772 um

205 803 472 878 compararentur.
495 794 544 858 Ita
558 793 671 858 litteris
687 794 834 878 acceptis,
851 815 946 880 quum
960 793 993 856 in
1009 793 1177 878 oppidum

203 879 395 961 revertisset,
419 879 473 964 qui
500 878 625 944 mittere
654 879 802 965 glandem
831 879 1015 962 inscriptam
1038 875 1177 940 solebat

204 1008 369 1026 ......
399 962 584 1048 Insequenti
612 972 754 1049 tempore
784 963 845 1028 duo
877 963 1020 1026 Lusitani
1047 963 1176 1026 fratres

202 1049 383 1133 transfugae
414 1050 606 1130 nuntiarunt,
664 1072 752 1114 uram¹
772 1049 941 1134 Pompeius
975 1047 1174 1111 concionem

201 1131 379 1197 habuisset:
402 1134 550 1220 qnoniam
573 1073 687 1219 oppido
717 1134 856 1198 subsidio
884 1154 948 1196 non
975 1142 1088 1216 posset
1110 1155 1172 1196 ve·

201 1218 279 1298 nire,
302 1227 397 1282 noctu
419 1240 460 1282 ex
489 1217 739 1284 adversariorum
769 1227 939 1304 conspeetu
961 1239 995 1280 se
1022 1215 1171 1280 deduce·

199 1311 272 1366 rent
293 1301 334 1366 ad
355 1325 441 1368 mare
463 1325 607 1387 versum3
629 1327 726 1368 unum
754 1303 965 1389 respondisse,
995 1311 1030 1365 ut
1051 1303 1168 1386 potius

200 1385 243 1450 ad
270 1385 483 1452 dimicandum
515 1388 752 1471 descenderent,
783 1411 876 1475 quam
910 1390 1033 1472 signum
1062 1385 1167 1472 fugae

199 1472 401 1537 ostenderent
409 1496 419 1554 ς,
447 1495 528 1556 eum,
557 1475 611 1560 qui
638 1475 683 1538 ita
705 1473 825 1540 locutus
848 1482 941 1553 esset,
969 1469 1165 1558 iugulatum.

198 1555 321 1621 Eodem
349 1567 490 1642 tempore
519 1557 678 1627 tabellarii
705 1561 772 1626 eius
802 1559 1000 1644 deprehensi,
1031 1556 1088 1642 qui
1120 1557 1163 1620 ad

198 1641 347 1789 oppidum
362 1642 548 1726 veniebant3
587 1666 699 1710 uorum
713 1645 834 1710 litteras
856 1643 975 1708 Caesar
991 1642 1162 1789 oppidanis

198 1747 217 1788 a
238 1729 313 1792 1ecit
326 1738 358 1794 et
369 1730 423 1812 qui
437 1729 533 1792 vitam
550 1731 576 1791 si
599 1731 611 1794 i
625 1740 748 1813 peteret
762 1731 855 1794 iussit
875 1738 995 1796 turrem
1028 1728 1160 1811 igneam

197 1811 425 1896 oppidanorum
439 1814 625 1896 incendere,
649 1815 684 1886 id
701 1817 728 1879 si
749 1815 891 1896 fecisset,
915 1815 944 1876 ei
959 1835 994 1876 se
1008 1814 1159 1898 promisit

197 1898 302 1960 omnia
324 1919 556 1962 concessurum.
584 1899 677 1978 Quod
693 1899 820 1966 difficile
835 1910 903 1964 erat
915 1898 1010 1979 factu,
1033 1907 1068 1960 ut
1085 1920 1157 1961 eam

196 1989 313 2048 turrem
347 1984 416 2046 sine
448 1982 587 2068 periculo
621 1987 690 2073 quis
722 1986 915 2064 incenderet.
954 1983 1003 2046 Ita
1031 1983 1049 2052 ⁷?
1079 1983 1155 2046 fune

196 2087 287 2130 crure
303 2067 342 2132 de
357 2067 442 2154 ligno
459 2087 554 2153 quum
569 2072 705 2155 propius·
718 2073 913 2151 accessisset,
929 2067 970 2141 ab
986 2067 1153 2152 oppidanis

195 2159 243 2214 est
265 2153 396 2216 occisus.
426 2151 547 2218 Eadem
577 2165 670 2219 nocte
698 2155 862 2240 transfuga
883 2154 1038 2218 nuntiavit
1059 2152 1152 2216 Pom·

193 2235 299 2404 Hpgssum
322 2246 353 2302 et
373 2237 550 2304 Labienum
572 2239 612 2305 de
637 2240 832 2327 iugulatione
854 2239 1084 2326 oppidanorum
1107 2239 1150 2301 in-

270 2330 337 2386 atos
359 2343 438 2388 esse.

258 2405 307 2470 19.
329 2407 447 2492 Vigilia
469 2409 609 2474 secunda
628 2419 755 2497 propter
769 2408 1001 2474 multitudinem
1016 2408 1147 2472 telorum

152 2544 154 2548 ,
192 2491 286 2552 aunis
318 2489 433 2576 lignea,
467 2515 547 2578 quae
579 2504 689 2560 nostra
718 2495 844 2576 fuisset,
870 2494 911 2558 ab
943 2496 1006 2558 imo
1038 2495 1148 2556 vitium

192 2573 266 2637 fecit
280 2597 380 2662 usque
395 2577 436 2640 ad
450 2577 623 2643 tabulatum
636 2580 809 2644 secundum
824 2590 856 2645 et
869 2581 1004 2644 tertium.
1026 2578 1145 2642 Eodem

191 2667 332 2744 tempore
367 2683 424 2746 pro
456 2685 547 2727 muro
579 2677 760 2750 pugnarunt
792 2667 944 2730 acen-ime
974 2674 1005 2728 et
1036 2665 1144 2728 turrim

191 2755 333 2810 nostram
367 2755 402 2812 ut
434 2749 628 2834 superiorem
661 2751 878 2831 incenderunt,
911 2750 1030 2813 idcirco
1063 2748 1146 2834 quod

191 2839 320 2894 ventum
354 2832 502 2916 oppidani
538 2835 711 2900 secundum
744 2835 931 2899 habuerunt.
964 2835 1144 2919 Insequenti

190 2911 260 2978 luce
281 2917 516 2982 materfamilias
538 2918 578 2982 de
605 2931 696 2984 muro
719 2943 754 2984 se
776 2920 899 3001 deiecit,
922 2920 963 2984 ad
984 2942 1041 2985 nos
1063 2929 1142 2984 tran·

190 2997 264 3062 siliit
279 2999 421 3086 dixitque
436 3023 471 3068 se
486 3025 557 3067 cum
572 3003 691 3068 familia
706 3007 909 3070 constitutum
931 3004 1089 3085 babuisse,
1111 3015 1144 3070 ut

189 3105 252 3146 una
274 3089 396 3150 translit
419 3097 510 3152 erent
531 3089 572 3152 ad
593 3087 786 3164 Gaesarem:
802 3089 890 3154 illam
913 3114 931 3156 o
953 3111 1094 3176 pressam
1113 3100 1143 3152 et

188 3168 371 3254 iugulatam.
427 3193 466 3237 oc
487 3175 657 3257 praeterito
679 3185 820 3260 tempore
842 3115 979 3239 tabellis
1001 3174 1041 3239 de
1056 3195 1141 3240 muro

188 3263 261 3316 sunt
283 3254 434 3338 deiectae,
463 3258 497 3322 in
520 3257 633 3344 quibus
655 3261 806 3345 scriptum
829 3270 877 3326 est
897 3261 1076 3326 inventum:
1104 3259 1139 3322 L.

186 3337 345 3404 Munatius
377 3339 518 3406 Caesari.
547 3342 583 3407 Si
611 3343 688 3408 mibi
715 3346 814 3410 vitam
842 3345 973 3426 tribues,
997 3346 1139 3495 quoniam

186 3420 227 3486 ab
251 3424 309 3490 On.
331 3425 482 3513 Pompeio
504 3449 575 3499 sum
596 3428 750 3512 desertus,
767 3429 893 3516 qualem
914 3453 965 3494 me
987 3432 998 3494 i
1023 3431 1036 3493 i
1055 3453 1139 3517 prae·
