2562 3970
214 227 252 290 12
496 225 558 290 DE
579 225 723 290 BELLO
747 225 817 290 CIV
821 225 881 290 lLI

209 397 360 483 oppidum
394 419 414 462 a
448 397 590 463 Oorfiuio
623 405 673 460 Vll
704 397 825 462 milium
858 397 1027 463 intervallo
1065 396 1174 480 abest,

210 504 327 568 cupere
354 505 393 548 ea
419 483 534 565 facere,
569 506 650 570 quae
678 481 785 564 vellet,
814 483 872 548 sed
899 505 919 547 a
948 483 988 563 Q.
1017 483 1175 548 Lucretio

210 578 356 633 senatore
379 578 412 632 et
432 570 520 633 Attio
541 569 675 654 Peligno
696 567 866 719 prohiberi,
889 570 994 655 quiid
1016 569 1175 654 oppidum

210 659 258 714 Vll
270 655 444 718 coho1tium
455 654 612 740 praesidio
628 665 700 719 tenc
724 665 764 720 et
779 654 876 718 Mittit
890 677 928 718 eo
938 655 981 720 hl.
994 655 1176 719 Antonium

208 761 281 803 oum
302 738 436 840 legionis
458 748 520 802 Xlll
535 739 715 805 cohortibus
738 751 770 803 V.
794 739 1030 822 Sulmonenses,
1061 739 1173 804 simul-

207 833 301 910 atque
324 842 415 912 signa
435 835 545 890 nostra
558 825 715 905 viderunt,
746 835 853 911 portas
875 836 1077 910 aperuerunt,
1100 827 1173 889 uni-

207 912 365 996 versique,
388 920 420 977 et
442 911 591 998 oppidani
613 921 644 976 et
665 911 789 991 milites,
821 911 947 976 obviam
972 911 1174 996 gratulantes

207 996 345 1078 Antonio
373 999 526 1062 exierunt.
555 996 722 1062 Lucretius
751 1007 782 1060 et
807 997 913 1060 Attius
945 997 987 1063 de
1015 1018 1106 1062 muro
1136 1018 1174 1060 se

208 1081 400 1147 deiecerunt.
428 1083 535 1147 Attius
564 1082 606 1146 ad
631 1075 804 1147 'Antonium
832 1081 985 1147 deductus
1011 1083 1101 1167 petit,
1136 1095 1175 1145 ut

207 1166 248 1230 ad
271 1167 441 1234 Caesarem
463 1170 648 1234 mitteretur.
660 1169 816 1232 Antonius
838 1189 911 1232 eum
933 1167 1115 1233 cohortibus
1139 1179 1174 1233 et

206 1253 293 1317 Attio
309 1253 421 1319 eodem
435 1255 496 1335 die,
510 1275 571 1342 quo
585 1254 745 1340 profectus
760 1267 837 1335 erat,
853 1254 1031 1318 revertitur.
1048 1252 1174 1318 Cacsar

208 1360 263 1402 aas
285 1339 431 1404 cohortes
455 1362 526 1404 cum
556 1342 697 1404 exercitu
718 1361 775 1403 suo
797 1340 961 1403 coniunxit
981 1339 1172 1425 Attiumque

205 1423 397 1490 incolumem
408 1426 534 1490 dimisit.
551 1424 670 1489 Caesar
680 1425 789 1510 primis
801 1425 912 1490 diebus
929 1435 1033 1488 castra
1043 1425 1172 1508 magnis

206 1509 355 1595 operibus
377 1513 499 1590 munire
522 1520 554 1574 et
569 1532 609 1574 ex
623 1511 762 1575 finitimis
782 1511 961 1596 municipiis
976 1510 1172 1572 humentum

205 1605 409 1682 comportare
436 1597 635 1682 reliquasque
665 1597 771 1681 copias
804 1605 990 1680 exspectare
1023 1596 1170 1659 instituit.

204 1680 253 1746 Εο
280 1681 386 1746 triduo
413 1681 496 1768 legio
522 1689 581 1744 v111
611 1681 651 1744 ad
674 1703 746 1745 eum
771 1683 859 1745 venit
887 1681 1098 1766 cohortesque
1129 1703 1171 1746 ex

204 1769 297 1832 novis
328 1766 452 1833 Galbae
486 1765 661 1833 delectibus
697 1775 770 1829 XXll
805 1767 991 1853 equitesque
1019 1766 1060 1830 ab
1090 1788 1170 1852 rege

204 1853 320 1919 Norico
343 1854 468 1918 circiter
500 1859 574 1916 CCC.
614 1851 756 1930 Quorum
778 1852 917 1917 adventu
938 1851 1040 1916 altera
1062 1862 1172 1915 castra

204 1938 246 2003 ad
268 1938 433 2004 alteramo
457 1939 522 2024 pidi
536 1947 659 2023 partem
674 1939 778 2023 ponit:
794 1938 843 2001 his
865 1939 978 2002 castris
995 1935 1169 2001 Curionem

204 2026 364 2110 praefecit.
387 1962 528 2111 Reliquis
551 2022 663 2088 diebus
686 2023 836 2108 oppidum
857 2022 942 2086 vallo
965 2021 1171 2107 castellisque

204 2111 434 2176 circumvenire
463 2109 605 2174 instituit.
643 2107 741 2172 Cuius
768 2109 871 2192 operis
905 2109 1047 2171 maxims
1079 2117 1171 2193 parte

204 2197 317 2260 effecta
339 2195 450 2261 eodem
471 2195 537 2260 fere
564 2203 706 2280 tempore
734 2194 823 2256 missi
845 2215 864 2256 a
886 2193 1037 2278 Pompeio
1060 2215 1170 2258 rever-

204 2291 319 2431 tuntlll.
354 2366 485 2431 Litteris
518 2364 664 2450 perlectis
701 2363 858 2428 Domitius
895 2363 1101 2427 dissimulans
1135 2365 1170 2426 in

204 2453 334 2518 consilio
357 2453 540 2539 pronuntiat
561 2450 745 2535 Pompeium
767 2447 911 2512 celeriter
933 2448 1077 2513 subsidio
1092 2469 1170 2513 ven-

203 2546 309 2603 turum
331 2539 534 2622 hortaturque
565 2557 629 2616 eos,
652 2555 693 2598 ne
723 2537 826 2598 animo
848 2534 999 2598 deficiant
1042 2556 1170 2620 uaeque

202 2625 273 2688 usui
295 2624 336 2688 ad
358 2620 592 2688 defendendum
614 2620 763 2705 oppidum
785 2621 848 2682 sint
869 2630 992 2704 parent.
1021 2557 1097 2704 lpse
1119 2641 1170 2683 ar·

201 2707 281 2774 cano
304 2733 376 2774 cum
398 2709 507 2794 paucis
536 2704 742 2771 familiaribus
764 2706 829 2768 suis
852 2703 1044 2790 colloquitur
1065 2705 1171 2770 consi·

201 2795 341 2882 liumque
355 2795 450 2880 fugae
465 2812 580 2879 capere
600 2791 768 2854 constituit.
791 2789 898 2868 Quum
913 2789 1020 2854 vultus
1034 2789 1173 2856 Domitii

201 2903 274 2946 cum
296 2882 439 2946 oratione
460 2900 525 2942 non
548 2877 739 2940 consentiret
761 2885 856 2960 atque
878 2878 986 2939 omnia
1006 2875 1171 3024 trepidan-

199 2969 262 3032 tius
290 2965 493 3050 timidiusque
523 2970 640 3048 ageret,
675 2982 769 3047 quam
802 2961 1018 3044 superioribus
1077 2961 1171 3026 'ebus

200 3060 395 3132 consuesset,
424 3048 620 3134 multumque
650 3067 722 3110 curn
752 3048 815 3109 suis
849 3046 1038 3111 consiliandi
1070 3068 1173 3111 causa

199 3148 322 3203 secreto
345 3144 472 3222 praeter
486 3131 744 3198 consuetudinem
765 3129 1007 3216 colloqueretur,
1031 3131 1172 3197 concilia

199 3232 438 3308 conventusque
460 3220 622 3284 hominurn
638 3216 769 3302 fugeret,
793 3238 845 3279 res
861 3215 979 3280 diutius
992 3219 1060 3304 tegi
1075 3217 1171 3282 dissi-

197 3309 376 3395 mularique
398 3327 462 3370 non
491 3303 600 3389 potuit.
630 3301 799 3387 Pompeius
829 3303 913 3366 enim
940 3305 1171 3389 rescripserat:

199 3415 270 3460 sese
297 3416 366 3458 rem
395 3392 428 3455 in
463 3410 618 3453 summum
651 3386 828 3471 perieulum
860 3386 1071 3452 deducturum
1104 3412 1175 3456 non

199 3500 279 3560 esse,
302 3499 406 3563 neque
430 3496 486 3539 suo
510 3472 642 3538 consilio
672 3480 727 3535 sut
747 3471 909 3537 voluntate
931 3473 1113 3540 Domitium
1137 3499 1173 3542 se
