2562 3966
184 217 242 282 112
435 215 497 278 DE
518 213 662 280 BELLO
685 213 877 280 GALLlCO

180 409 223 452 ex
244 386 402 474 equitibus
431 385 533 450 Gallis
559 387 683 470 magnis
708 386 857 471 praemiis
883 387 1061 471 persuadet,
1090 387 1134 448 uti

180 473 222 538 ad
244 471 431 537 Ciceronem
453 470 617 556 epistolam
640 469 769 534 deferat
805 470 898 534 Hanc
917 469 1049 535 Graecis
1064 492 1134 534 con·

181 559 244 622 scri
267 569 331 621 tam
353 556 466 621 litteris
488 557 591 637 mittit,
613 579 655 620 ne
676 558 852 640 intercepta
873 556 1006 662 epistola
1026 565 1135 620 nostra

181 642 222 707 ab
244 581 396 708 bentibus
429 639 562 705 consilia
595 652 836 726 cognoscantur.
887 642 922 704 ei
954 641 1041 705 adire
1072 661 1133 704 non

203 729 291 808 ossit,
313 736 428 809 monet,
450 737 486 789 ut
507 725 660 826 tragulam
684 748 756 790 cum
777 725 909 811 epistola
922 725 963 810 ad
977 735 1134 789 amentum

180 751 320 899 deligata
348 813 432 875 intra
459 812 664 875 munitionem
700 819 874 875 castrorum
910 811 1045 875 obiiciat
1100 808 1136 872 ln

181 898 292 962 litteris
315 896 424 962 scribit
445 918 480 960 se
502 917 574 960 cum
596 895 773 980 legionibus
795 897 968 982 profectum
991 895 1137 961 celeriter

181 983 294 1065 affore5
316 981 469 1064 hortatur,
492 991 527 1045 ut
547 983 710 1066 pristinam
726 983 874 1045 virtutem
895 984 1039 1045 retineat.
1063 979 1136 1044 Gal·

182 1068 232 1132 lus
253 1066 428 1168 periculum
448 1067 577 1148 veritus,
599 1076 635 1129 ut
656 1078 727 1131 erat
746 1078 958 1152 praeceptum,
981 1065 1138 1151 tragulam

182 1155 284 1216 mittit.
317 1152 408 1216 Haec
421 1173 498 1216 casu
513 1149 555 1216 ad
567 1152 680 1215 turrim
694 1151 838 1216 adhaesit
851 1173 954 1237 neque
969 1151 1010 1214 ab
1024 1151 1139 1215 nostris

182 1238 279 1302 biduo
308 1237 529 1302 animaduersa
554 1238 647 1301 tertio
669 1235 721 1300 die
742 1259 762 1300 a
789 1236 924 1322 quodam
945 1237 1045 1300 milite
1067 1257 1139 1300 oon·

184 1325 331 1409 spicitur,
364 1321 469 1386 demta
490 1321 532 1384 ad
554 1321 740 1386 Ciceronem
766 1321 913 1386 defertur.
957 1321 1016 1386 llle
1038 1319 1139 1406 perle-

183 1418 266 1472 ctam
287 1408 321 1472 in
340 1418 498 1472 conventu
519 1405 652 1470 militum
674 1409 786 1470 recitat
807 1408 1007 1492 maximaque
1030 1427 1138 1469 omnes

183 1493 302 1558 laetitia
323 1491 430 1556 afficit.
474 1492 556 1556 lum
584 1491 662 1555 fumi
682 1491 899 1556 incendiorum
920 1490 1029 1576 procul
1051 1490 1139 1554 vide·

182 1579 312 1660 bantur;
335 1599 417 1663 quae
438 1599 490 1640 res
517 1599 642 1642 omnem
670 1577 895 1641 dubitationem
918 1576 1073 1641 adventus
1095 1573 1139 1640 le·

183 1666 312 1750 gionum
334 1685 375 1726 ex
398 1662 462 1726 ulit

246 1749 298 1812 49.
321 1747 352 1813 G
384 1747 407 1811 li
428 1770 464 1812 re
485 1749 612 1834 cognita
633 1771 691 1834 per
712 1747 928 1833 exploratores
944 1745 1140 1812 obsidionem

183 1834 373 1921 relinquunt,
396 1832 437 1896 ad
459 1831 629 1897 Caesarem
652 1832 795 1898 omnibus
818 1834 917 1918 copiis
939 1831 1140 1898 contendunt

184 1920 274 1984 Haec
307 1927 397 1982 erant
425 1927 547 1983 armata
567 1918 692 1983 circiter
717 1917 804 1982 milia
825 1925 880 1984 LX.
925 1917 1038 1983 Cicero
1067 1918 1142 1982 data

184 2003 333 2070 facultate
355 2001 483 2067 Gallum
506 2002 546 2068 ab
576 2003 688 2068 eodem
713 2003 893 2085 Verticone,
922 2025 1018 2151 puem
1047 2025 1141 2088 supra

185 2089 483 2169 demonstravimus,
510 2091 637 2176 repetit,
671 2091 725 2176 qui
754 2088 874 2153 litteras
902 2111 921 2152 a
971 2087 1141 2152 Caesarem

185 2174 322 2254 delerat;
339 2173 423 2238 hunc
434 2173 591 2256 admonet,
606 2175 666 2237 iter
680 2185 771 2237 caute
787 2174 1015 2259 diligenterque
1029 2174 1140 2238 saciat:

185 2257 352 2346 perscribit
372 2259 406 2322 in
427 2258 538 2323 litteris
560 2260 666 2324 hostes
689 2258 728 2322 ab
752 2282 787 2323 se
799 2259 981 2323 discessisse
1004 2281 1141 2322 omnem-

186 2367 247 2432 que
269 2344 403 2408 adeum
424 2342 655 2408 multitudinem
677 2345 879 2408 convertisse.
917 2341 1039 2421 Quibus
1061 2342 1141 2406 litte-

186 2431 230 2494 ris
252 2429 378 2492 circiter
399 2429 504 2492 media
524 2439 617 2494 uoctc
639 2427 759 2494 Caesar
781 2429 882 2492 allatis
898 2451 971 2491 suos
986 2427 1061 2492 lacit
1076 2449 1141 2492 oer-

187 2517 281 2579 tiores
304 2535 358 2578 eos
381 2535 421 2577 ue
449 2513 490 2577 ad
511 2514 723 2580 dimicandum
744 2516 848 2578 animo
871 2513 1043 2578 confirmat
1079 2512 1140 2577 Po·

187 2612 270 2664 stero
292 2598 344 2662 die
360 2537 437 2662 (luce
465 2599 567 2683 prima
588 2612 694 2664 movet
723 2607 826 2662 castra
848 2608 880 2662 et
908 2598 1034 2661 circiter
1054 2598 1142 2663 milia

187 2707 336 2770 passuum
358 2694 503 2770 quattuor
523 2706 711 2770 progressus
738 2694 824 2748 tram
845 2682 962 2748 vallem
984 2694 1015 2746 et
1039 2685 1142 2749 rivum

69 2807 73 2814 ·
187 2768 418 2834 multitudinem
439 2769 577 2834 hostium
598 2771 806 2856 conspicatur.
846 2769 925 2834 Erat
939 2770 1047 2854 magni
1061 2771 1141 2854 peri-

189 2854 252 2919 culi
266 2877 317 2919 res
349 2854 477 2917 tantulis
507 2857 606 2920 coiis
631 2858 739 2941 iniquo
766 2854 837 2919 loco
867 2854 1036 2937 dimicare5
1065 2866 1140 2938 turm,

190 2939 336 3026 quoniam
347 2937 510 3004 obsidione
522 2878 687 3004 liberatum
701 2939 886 3005 Ciceronem
898 2939 1025 3022 sciebat,
1041 2961 1142 3024 aequo

189 3026 292 3088 animo
313 3023 534 3090 remittendum
555 3025 595 3089 de
613 3025 774 3090 celeritate
796 3024 1012 3088 existimabat:
1035 3046 1142 3089 conse·

190 3111 236 3174 dit
258 3120 297 3191 et,
321 3131 415 3194 quam
437 3111 626 3194 aequissimo
655 3109 858 3196 loco-potest,
882 3121 985 3174 castra
1006 3132 1143 3174 commu·

190 3197 236 3259 nit
258 3206 351 3280 atque
372 3193 460 3276 haec,
484 3196 543 3258 etsi
571 3205 661 3260 erant
687 3198 803 3280 exigua
823 3217 881 3280 per
902 3217 946 3278 se,
968 3196 1025 3259 vix
1046 3194 1142 3260 homi·

192 3303 265 3345 uum
287 3279 407 3342 milium
437 3290 557 3364 septem
583 3281 769 3366 praesertim
795 3279 890 3344 nullis
917 3301 994 3354 curu¹
1015 3279 1142 3365 impedi·

191 3366 313 3446 mentis,
335 3375 441 3428 tamen
455 3367 607 3450 angustiis
621 3369 754 3448 viarum,
771 3388 864 3451 quam
879 3367 1016 3430 maxirno
1031 3377 1141 3450 potest,

191 3449 355 3530 contrahit,
379 3473 416 3514 eo
439 3451 579 3533 consilio,
603 3454 691 3515 utin
712 3474 865 3519 summam
881 3452 1143 3536 contemptionem
