2534 3970
393 205 529 274 count.
549 206 580 271 V
602 206 696 272 OAP.
718 209 832 274 8⁸11.
1047 207 1091 279 98

138 379 303 446 arboribus
333 380 464 445 succisis
492 401 601 444 omnes
629 380 775 444 introitus
804 389 895 445 erant
922 379 1089 465 praeclusi.
1179 449 1181 454 ,

137 464 204 551 Ipsi
233 487 275 528 ex
304 464 393 530 silvis
421 466 485 529 rari
513 486 615 550 propu
660 464 756 530 abant
787 475 974 551 nostrosque
1006 467 1092 534 intra

137 551 325 616 munitiones
347 550 472 636 ingredi
492 550 628 635 prohibe
648 561 712 615 ant.
753 549 797 613 At
817 549 933 616 milites
955 549 1091 636 legionis

139 658 173 700 se
195 637 292 700 timae
324 635 483 701 testudine
515 635 600 700 iacta
627 645 659 699 et
687 657 803 722 aggere
831 635 873 700 ad
898 637 1090 704 munitiones

139 659 390 787 adsenseum
416 730 567 806 ceperunt
589 743 643 787 eos
665 743 705 785 ue
728 741 769 784 ex
791 719 879 785 silvis
903 721 1091 808 expulerunt

137 807 248 958 paucis
262 805 447 871 vulneribus
462 807 610 891 acceptis.
638 745 703 870 bled
717 828 770 870 eos
785 805 943 891 fitgientes
965 807 1091 908 longius

169 913 259 956 aesar
280 913 374 977 prose
395 892 429 955 ui
453 893 570 975 vetnit,
593 901 625 956 et
646 891 730 977 quod
752 891 813 955 loci
834 902 980 956 naturam
1002 915 1090 979 lgne-

139 977 239 1060 rabat,
262 987 293 1040 et
308 999 328 1062 q
406 997 525 1062 magna
537 986 625 1062 parte
641 977 704 1043 diei
725 987 912 1063 consumpta
926 979 1092 1048 munitioni

141 1073 316 1127 castrorum
338 1071 462 1147 tempus
483 1060 620 1148 relinqui
640 1061 777 1128 volebat.

204 1149 253 1213 10.
297 1146 455 1218 Postridie
485 1149 554 1212 eins
580 1147 645 1212 diei
670 1169 765 1212 mane
791 1149 945 1234 tripertito
974 1149 1091 1218 milites

140 1235 323 1320 equitesque
338 1235 372 1296 in
387 1232 620 1318 expeditionem
630 1234 724 1317 misit,
739 1243 774 1298 ut
785 1254 849 1317 eos,
866 1235 920 1320 qui
935 1234 1090 1320 ingerant,

138 1328 414 1405 persequerentur.
458 1317 518 1381 His
541 1317 735 1404 abquantum
761 1318 882 1383 itineris
903 1322 1091 1406 progressis,

160 1427 237 1468 uum
265 1404 329 1466 iam
357 1405 492 1468 extremi
520 1413 625 1468 essent
652 1404 686 1467 in
711 1413 898 1490 prospectu,
929 1407 1050 1492 equites
1073 1423 1093 1474 a

139 1429 259 1570 brinta
273 1489 365 1554 Atrio
388 1489 429 1553 ad
452 1487 624 1553 Gaesarem
637 1500 810 1573 venerunt,
832 1492 888 1576 qui
908 1493 1093 1559 nuntiarent

139 1576 302 1661 superiore
333 1585 427 1640 nocto
458 1575 598 1639 maxima
634 1585 742 1640 coorta
772 1584 960 1661 tempestate
991 1598 1092 1664 prope

140 1681 249 1726 omnes
276 1675 376 1724 naves
404 1658 536 1724 afflictas
566 1677 660 1746 atque
682 1662 716 1724 in
743 1659 835 1724 litore
865 1661 981 1726 eiectas
995 1701 997 1705 ·
1011 1681 1091 1746 esse,

140 1745 225 1833 quod
253 1767 294 1810 ne
316 1767 357 1809 ue
386 1765 521 1810 ancorae
549 1745 705 1832 funesque
733 1746 959 1828 subsisterent,
988 1767 1092 1833 neque

138 1841 254 1896 nautae
265 1851 308 1916 gu
332 1839 558 1916 mnamresque
572 1831 636 1894 vim
652 1833 848 1918 tempestatis
859 1833 926 1918 peti
946 1841 1091 1917 possent=

139 1919 245 2000 itaque
267 1938 308 1998 ex
323 1937 362 1981 eo
377 1936 532 1980 concursu
556 1918 685 1981 navium
702 1937 853 2004 maguum
877 1919 1092 1984 esseincom-

139 2001 267 2066 modum
288 2011 460 2086 acceptum.

206 2089 255 2150 11.
299 2086 359 2151 His
388 2086 485 2151 rebus
508 2085 641 2171 cognitis
664 2085 783 2152 Caesar
810 2087 950 2174 legiones
972 2089 1093 2175 equita·

139 2183 268 2258 tumque
283 2174 427 2236 revocari
442 2182 537 2257 atque
550 2173 584 2236 in
599 2173 711 2236 itinere
732 2174 881 2238 resistere
903 2174 1000 2255 iubet,
1022 2176 1094 2261 ipse

139 2258 182 2322 ad
202 2279 302 2323 neves
319 2259 517 2341 -revertiturq
548 2257 658 2322 eadem
683 2258 766 2342 iere,
800 2279 882 2346 quae
910 2281 953 2324 ex
973 2261 1092 2326 nuntiis

139 2342 314 2429 litterisque
336 2349 543 2429 cognoverat,
566 2364 672 2408 coram
693 2345 852 2430 perspicit,
876 2347 922 2410 sic
942 2355 978 2410 ut
999 2347 1093 2410 amis·

141 2429 184 2492 sis
213 2429 337 2503 circiter
357 2435 402 2490 XL
424 2427 559 2492 navibus
587 2429 728 2514 reliquae
754 2440 861 2494 tamen
887 2431 976 2496 refici
996 2451 1093 2518 posse

139 2535 255 2599 magno
291 2515 417 2598 negotio
453 2513 645 2592 viderentur.
689 2511 739 2578 Ita
760 2536 802 2580 ue
824 2537 879 2579 ex
914 2515 1093 2616 legionibus

141 2597 249 2665 fabros
280 2598 390 2684 deligit
418 2608 450 2664 et
471 2620 513 2662 ex
534 2601 707 2665 continenti
768 2601 813 2666 ‘os
841 2621 960 2665 arcessi
987 2601 1092 2686 iubet3

140 2683 284 2748 Labieno
306 2683 425 2766 scribit,
447 2693 491 2767 ut,
516 2707 609 2770 quarn
629 2685 780 2770 plurimas
794 2695 911 2771 posset,
933 2688 972 2750 iis
988 2685 1092 2773 legio*

142 2769 252 2853 nibus,
284 2790 366 2856 quae
388 2778 461 2833 sunt
482 2769 567 2854 apud
589 2791 670 2852 eum,
692 2791 791 2834 naves
813 2771 965 2836 instituat
1008 2771 1093 2858 Ipse,

141 2855 201 2919 etsi
221 2877 274 2918 res
296 2865 364 2919 erat
384 2853 501 2919 multae
524 2877 639 2940 operae
662 2877 700 2920 ac
721 2855 853 2939 laboris,
881 2865 988 2920 tamen
1010 2879 1094 2922 com·

140 2938 359 3004 modissimum
388 2961 458 3004 esse
488 2943 596 3004 statuit
627 2963 737 3006 omnes
768 2961 867 3006 naves
901 2941 1034 3006 subduci
1063 2950 1095 3009 et

142 3046 214 3088 cum
235 3026 348 3090 castris
374 3047 439 3088 una
466 3026 639 3092 munitione
666 3026 822 3112 coniungi.
866 3025 905 3090 ln
926 3027 975 3090 his
996 3026 1094 3091 rebus

141 3111 266 3174 circiter
294 3110 362 3174 dies
385 3117 411 3172 X
433 3112 589 3174 consumit
616 3133 657 3175 ne
678 3112 839 3176 nocturnis
868 3111 995 3196 quidem
1016 3121 1095 3174 tem·

141 3193 272 3280 poribus
295 3194 337 3259 ad
358 3194 498 3262 laborem
524 3195 659 3260 militum
684 3198 879 3262 intermissis.
925 3195 1094 3262 Subductis

141 3280 276 3345 navibus
306 3281 481 3367 castrisque
511 3283 639 3367 egregie
667 3283 796 3346 munitis
826 3280 955 3345 easdem
977 3281 1094 3428 copias,

144 3386 221 3450 quas
243 3376 331 3446 ante,
361 3365 521 3451 praesidio
551 3366 686 3431 navibus
707 3365 851 3452 reliquit,
880 3367 950 3450 ipse
973 3387 1010 3428 eo
1035 3387 1095 3448 em,

143 3450 225 3514 unde
260 3452 400 3516 redierat
411 3499 422 3532 ,
457 3451 675 3536 proficiscitur.
726 3451 774 3516 Eo
812 3472 908 3536 quum
944 3451 1094 3532 venisset,
