2562 3970
204 213 311 282 XCIV
555 211 810 280 PRAEFATIO.

205 393 295 465 lonae
317 394 355 450 ob
370 395 471 452 ultimo
487 395 562 452 colle
577 393 715 465 turrique
735 393 796 464 fuit
823 398 890 451 cett.
913 386 957 450 At
972 387 1039 449 sire
1054 396 1162 449 torres

205 472 452 560 castellaque
462 475 496 536 in
505 473 644 558 singulos
657 472 839 554 eolles,sive
851 470 980 537 castella
991 471 1023 532 in
1036 490 1163 533 unum-

205 556 1162 707 puemqueeollemturremqueansarfeoit,inquem

228 666 311 726 nem,
320 665 446 728 quaeso,
453 643 543 706 feeit?
549 644 713 726 Nimirum,
721 654 755 706 ut
767 654 797 707 et
809 643 905 706 eolles
917 653 948 706 et
959 652 1082 706 veteres
1088 638 1162 703 illas

204 737 308 793 turres
331 728 468 793 castellis
491 731 642 814 oppositis
664 728 838 793 obsideret!
863 738 895 791 at
915 727 1082 812 praesidiis
1108 748 1163 790 ea—

204 813 318 877 rebant
340 823 372 877 et
394 813 491 878 eolles
514 825 545 877 et
566 823 687 895 turres,
743 837 817 877 uum
847 815 972 878 nonnisi
993 813 1025 875 in
1049 810 1162 874 ultimo

205 897 288 962 oolle
309 900 451 984 turrique
467 899 603 963 hostium
619 838 811 984 praesidium
828 909 859 965 et
881 901 1045 962 stationem
1061 896 1161 959 fuisse

205 985 324 1069 apertis
354 985 469 1048 deinde
498 984 607 1049 verbis
634 985 795 1048 doceatur.
835 985 878 1048 Et
905 985 931 1048 si
960 982 1078 1046 Caesar
1108 1003 1161 1044 oa·

204 1068 298 1132 stella
318 1069 402 1151 feeit,
426 1092 491 1152 our,
515 1092 642 1156 quaeso,
666 1093 728 1133 non
751 1070 911 1155 praesidia
932 1070 1080 1131 immisit?
1103 1087 1162 1129 our

205 1152 341 1240 denique
362 1177 518 1241 nusquam
532 1155 666 1240 amplius
682 1161 986 1220 commemorantur?
1007 1153 1162 1216 Narratur

205 1238 297 1320 infra,
322 1238 494 1305 Caesarem
516 1240 557 1303 ad
579 1240 721 1304 ultimum
738 1240 851 1306 collem
871 1261 1072 1325 progressum
1087 1258 1160 1383 per·

204 1334 313 1473 specta
338 1323 399 1389 looi
425 1335 539 1390 natura
565 1349 643 1410 opus
673 1325 849 1411 legionibus
878 1325 1059 1389 attribuisse
1109 1343 1161 1385 ra·

203 1409 371 1495 eiumque
404 1411 508 1476 medio
539 1414 613 1497 iugo
644 1411 685 1476 ab
715 1433 751 1474 eo
779 1411 865 1492 loeo,
888 1410 929 1474 ad
964 1431 1056 1496 quem
1089 1429 1160 1491 per-

203 1494 352 1576 venisset,
368 1518 468 1582 usque
484 1497 621 1580 adeum,
638 1497 722 1561 unde
734 1519 882 1580 egressus
905 1507 998 1577 esset,
1015 1495 1110 1580 dirigi
1121 1513 1160 1557 aa

204 1581 321 1643 muniri
342 1581 482 1663 iussisse,
506 1604 562 1645 our
583 1604 646 1645 non
677 1584 827 1667 seriptum
855 1593 902 1646 est
931 1602 1040 1666 ,usque
1063 1579 1157 1644 adid

203 1663 383 1748 castellum,
433 1667 497 1731 uod
525 1669 558 1731 in
585 1669 719 1752 primurn
754 1667 865 1731 collem
894 1677 1077 1751 turremque
1105 1687 1152 1729 ‹ex›

203 1752 399 1815 struxerat‘?
435 1752 463 1814 't
506 1775 565 1816 uae
588 1753 714 1818 tandem
732 1764 779 1816 est
800 1753 856 1816 illa
870 1751 1024 1816 mirabilis
1047 1749 1157 1814 castel·

203 1832 308 1898 lorum
330 1775 595 1902 exstruendorum
619 1837 774 1920 celeritas,
798 1861 860 1924 qua
885 1859 961 1902 usus
984 1835 1104 1900 Caesar
1124 1836 1157 1898 iu

202 1941 458 2008 unumquemque
481 1923 594 1990 oollem
617 1935 799 2009 turremque
826 1922 957 1988 castella
985 1924 1088 1987 minus
1111 1943 1159 1984 se·

202 2004 325 2070 mihera
346 2009 435 2072 feeit!
460 2009 577 2073 Credat
598 2009 740 2073 Judaeus
770 2009 898 2094 Apella!
920 2009 965 2072 Ut
998 2009 1157 2072 mittamus

201 2111 314 2175 nugas,
328 2113 423 2178 quum
445 2105 600 2177 narretur,
618 2095 788 2160 Caesarem
805 2095 962 2159 semihora
976 2103 1048 2178 post
1063 2115 1157 2177 quam

201 2174 236 2237 in
257 2177 364 2262 iugum
388 2181 591 2256 ascendisset,
615 2204 678 2245 non
693 2182 738 2244 ita
760 2179 852 2266 longe
882 2180 923 2243 ab
944 2180 1053 2242 ultium
1075 2177 1157 2241 oolle

201 2262 281 2325 turri
303 2284 343 2326 ue
376 2264 489 2348 fuisse,
524 2289 618 2352 quam
647 2266 852 2330 Numidarum
881 2288 991 2329 manus
1019 2265 1155 2347 tenebat,

201 2353 267 2409 tam
282 2285 387 2414 breve
409 2354 560 2437 temporis
583 2354 717 2446 spatium
739 2353 880 2415 nonnisi
900 2351 988 2414 adid
1011 2349 1157 2413 sufficere

201 2441 335 2578 poterat,
359 2447 394 2500 ut
415 2459 473 2521 per
494 2440 601 2523 iugum
625 2441 685 2502 iter
710 2439 830 2502 faceret
859 2438 1062 2523 singulosque
1092 2435 1154 2498 ool-

214 2538 249 2580 es
281 2528 468 2608 veteresque
501 2523 572 2587 illas
606 2525 769 2609 impositas
802 2534 904 2588 turres
939 2521 1155 2608 perlustraret,
1257 2527 1258 2530 ’

200 2611 236 2664 ut
257 2601 395 2670 looorum
418 2619 561 2673 naturam
583 2611 785 2695 perspiceret.
819 2609 928 2696 Itaque
945 2631 985 2673 ex
1001 2609 1157 2671 sententia

201 2697 289 2751 oerte
310 2713 375 2755 non
398 2696 459 2755 nisi
480 2694 568 2773 haee,
593 2716 674 2781 quae
697 2696 795 2777 edidi,
819 2705 905 2760 reete
920 2695 1038 2759 habere
1060 2702 1155 2776 puto:

201 2777 280 2838 Post
301 2782 416 2841 Caesar
438 2787 481 2843 ad
501 2789 611 2859 ispum,
636 2789 673 2847 de
696 2803 754 2861 qao
778 2789 877 2858 docui,
909 2787 1156 2857 ascenduntque

201 2865 233 2921 io
256 2882 494 2942 unamquemque
516 2875 620 2931 collem
643 2875 897 2947 inspecturus
925 2881 1026 2931 torres
1049 2873 1144 2928 castel

200 2950 291 3022 loque
308 2955 386 3012 iter
398 2956 505 3028 farere
520 2961 628 3034 coepit,
646 2960 758 3034 idque
781 2960 873 3018 odeo
889 2961 987 3017 minus
1003 2957 1155 3015 semihora

201 3034 302 3107 efficit.
342 3039 504 3112 Postquam
534 3061 559 3103 e.
588 3062 615 3118 q.
638 3061 680 3102 a:
712 3039 751 3101 de
781 3039 896 3120 verbis,
945 3059 1005 3101 uae
1026 3058 1084 3121 pro
1106 3036 1154 3099 ius

200 3114 242 3177 ad
265 3115 419 3183 librorum
435 3125 625 3208 scripturam
641 3124 803 3206 accedant,
820 3125 874 3188 alii
888 3061 1028 3187 videant.
1061 3058 1154 3186 lillis

198 3198 334 3268 fortasse
356 3205 466 3288 verba,
490 3232 571 3294 quae
588 3209 743 3295 supplevi,
768 3233 802 3274 se
818 3211 1018 3295 excepissent
1039 3206 1155 3292 (turres

199 3295 384 3368 castellaque
406 3299 668 3374 inspecturos
691 3304 768 3360 iter
787 3303 895 3376 facere
911 3292 1034 3379 coepit),
1059 3313 1154 3377 quum
1250 3301 1251 3320 ¹

198 3372 402 3439 verisimilius
425 3379 466 3441 sit
486 3401 550 3444 una
572 3381 746 3468 eademque
768 3384 890 3445 iactura
911 3391 1078 3465 utrumque
1100 3401 1153 3442 vo·
1249 3397 1250 3434 l

201 3452 349 3522 sabulum
372 3464 539 3549 excidisse,
563 3467 620 3532 sed
648 3466 682 3530 id
710 3487 834 3553 quoque
864 3487 883 3530 a
911 3487 988 3531 vero
1015 3485 1077 3527 non
1101 3465 1154 3528 ab·
1248 3471 1249 3547 i
