2562 3966
371 239 506 306 oonn.
529 241 575 306 vr
598 241 691 308 cnr.
715 225 876 308 27-319
1028 222 1090 308 1'33

126 411 231 474 nitate
252 413 401 497 temporis
422 413 578 498 proficere
598 411 716 500 possit}
746 422 865 498 monet,
888 422 932 478 ut·
943 416 1033 502 ignes
1055 415 1089 478 in

131 498 245 560 castris
266 498 336 561 fieri
357 497 531 583 prohibeat,
561 521 602 564 ne
629 516 691 586 qua
713 502 780 564 eius
803 499 957 564 adventus
979 498 1090 586 procul

129 583 322 668 significatio
343 584 415 647 fiatt
438 605 508 648 sese
531 583 695 650 confestim
715 584 869 672 'subsequi
891 585 976 648 dicit.
1080 609 1081 616 ¹

196 669 248 732 30.
270 668 413 750 Basilus,
441 677 476 732 ut
503 669 694 755 imperatum
716 678 772 752 est,
807 669 890 734 facit.
936 669 1090 734 Celeriter

125 763 304 840 contraque
328 755 467 816 omnium
488 756 668 840 opinionem
683 753 825 821 confecto
840 756 952 821 itinere
971 754 1094 820 multos,

130 839 166 902 in
188 841 274 924 agris
302 840 502 924 inopinantes
529 839 749 925 deprehendit:
780 838 889 904 eornm
910 840 1027 904 indicio
1049 839 1091 904 ad

130 925 237 1010 ipsum
258 923 475 1008 Ambiorigem
497 925 666 1007 contendit,
691 947 752 1010 quo
774 927 808 989 in
829 925 898 991 loco
921 948 993 990 cum
1013 947 1090 1011 pau-

128 1011 178 1074 cis
192 1009 351 1096 equitibus
367 1031 438 1073 esse
459 1008 634 1074 dicebatur.
660 1011 795 1074 Multum
818 1030 913 1098 quum
934 1013 968 1074 in
991 1011 1089 1075 omni·-

129 1093 193 1158 bus
221 1095 317 1158 rebus
344 1103 412 1158 tum
439 1095 473 1156 in
501 1111 536 1158 re
564 1095 693 1158 militari
713 1104 817 1181 potest
837 1095 970 1160 fortuna.
1009 1096 1091 1158 Nam

128 1182 214 1244 sicut
234 1201 348 1264 magno
372 1179 486 1244 accidit
500 1201 585 1262 casu,
607 1189 642 1244 ut
655 1181 689 1244 in
702 1181 807 1267 ipsum
821 1181 981 1244 incautrm
997 1183 1090 1244 etiam

128 1275 227 1351 atque
254 1267 443 1350 imparatum
471 1265 633 1348 incideret,
662 1268 813 1352 priusque
846 1267 913 1329 eius
936 1263 1090 1329 adventus

131 1351 173 1414 ab
196 1351 341 1416 omnibus
362 1350 532 1432 videretur,
556 1372 651 1436 quam
671 1359 808 1419 tamaac
821 1354 948 1414 nuntius
964 1351 1090 1415 afferre

128 1445 194 1519 tur>
223 1437 268 1499 sic
294 1457 429 1519 magnae
456 1435 514 1498 fuit
539 1435 683 1500 fortunae
713 1437 798 1500 omni
824 1435 950 1499 militari
976 1436 1090 1499 instru-

129 1527 247 1602 mento,
271 1520 355 1608 quod
377 1522 497 1584 circum
519 1542 553 1584 se
572 1520 719 1603 habebat,
743 1529 859 1606 erepto,
882 1521 966 1584 redis
989 1523 1091 1607 equis·

128 1627 194 1692 que
217 1605 451 1754 comprehensis
472 1606 576 1690 ipsum
599 1607 738 1690 effugere
760 1615 901 1670 mortem.
946 1603 1010 1670 Sed
1031 1605 1092 1670 hoe

128 1713 257 1779 quoque
299 1701 403 1776 aetrnn
430 1700 486 1773 est,
510 1690 595 1776 quod
623 1691 766 1756 aedificio
794 1690 985 1754 circumdato
1001 1689 1094 1774 silva,⁴

129 1786 166 1840 ut
188 1783 262 1840 sunt
282 1774 348 1840 fere
378 1775 537 1840 domicilia
562 1775 737 1857 Gallorum,
766 1778 820 1862 qui
840 1775 963 1839 vitandi
985 1781 1091 1839 aestus

130 1883 229 1926 cause
259 1861 444 1947 plerumque
479 1861 631 1925 silvarum
668 1870 762 1946 atque
790 1861 954 1924 fluminum
980 1869 1091 1946 petunt

130 1967 191 2048 pro
214 1948 398 2046 inquitates,
432 1947 562 2010 comites
598 1946 833 2032 familiaresque
861 1947 928 2010 eius
957 1955 1091 2032 angusto

128 2053 165 2096 nn
191 1969 265 2096 loco
291 2031 452 2116 pauhsper
473 2033 617 2117 equitum
647 2041 826 2097 nostrorum
846 2033 913 2095 vim
936 2033 1090 2096 sustinue-

129 2126 215 2182 runt
258 2116 318 2180 His
340 2115 553 2201 pugnantibus
580 2116 670 2180 illum
699 2119 732 2180 in
761 2139 877 2201 equum
900 2116 1026 2266 <pridem
1050 2135 1092 2181 ex

129 2203 197 2266 suis
224 2201 345 2285 intulit3
371 2201 543 2286 fugientem
572 2201 672 2266 silvae
701 2210 860 2266 texerunt.
932 2204 963 2266 io
992 2211 1024 2268 et
1050 2201 1093 2266 ad

129 2286 331 2436 subeundlum
351 2286 529 2372 periculum
555 2296 587 2351 et
615 2287 656 2351 ad
684 2286 849 2352 vitandum
876 2287 1009 2350 multum
1030 2286 1091 2352 for·

130 2379 209 2436 tune
229 2373 338 2436 veuit.
521 2431 523 2436 .

196 2457 248 2520 31.
270 2456 438 2522 Ambiorix
459 2478 496 2522 co
519 2458 567 2521 ias
588 2479 663 2520 suas
677 2457 835 2522 iudicione
850 2479 914 2522 non
933 2457 1091 2522 conduxe-

130 2543 188 2624 rit,
217 2541 302 2628 quod
328 2541 449 2627 proelio
508 2543 698 2606 ‘micandum
726 2565 791 2608 non
820 2543 1021 2624 existimarit)
1050 2565 1092 2606 an

130 2637 276 2712 tempore
297 2626 446 2692 exclusus
469 2636 500 2692 et
520 2629 686 2713 repentino
710 2629 851 2714 equitum
868 2628 1006 2691 adventu
1019 2627 1091 2713 pro-

130 2712 259 2795 hibitus,
283 2733 380 2798 quum
400 2711 558 2798 reliquum
580 2715 754 2777 exercitum
776 2712 927 2799 subsequi
938 2713 1091 2798 crederet,

131 2796 265 2862 dubium
299 2806 356 2862 est.
406 2797 470 2862 Sed
498 2806 582 2863 certe
612 2798 748 2862 dimissis
770 2819 828 2883 per
854 2819 948 2884 agros
972 2799 1091 2862 nuntiis

129 2882 195 2947 sibi
209 2903 366 2968 quemque
381 2881 547 2948 consulere
561 2885 662 2946 iussit.
696 2883 839 2962 Quorum
852 2905 925 2968 pers
941 2885 974 2946 in
987 2883 1092 2946 Ardu-

129 2983 249 3034 ennam
271 2965 393 3048 silvam,
416 2989 490 3053 pars
512 2969 546 3031 in
568 2971 763 3034 continentes
785 2967 918 3053 paludes
939 2969 1029 3054 profu
1052 2969 1092 3049 it3

130 3055 187 3138 qui
208 3053 347 3137 proximi
369 3054 499 3118 Oceano
521 3053 655 3136 filerunt,
678 3053 712 3118 hi
735 3053 847 3118 insulis
869 3075 939 3116 sese
956 3073 1012 3117 oco
1046 3060 1092 3114 ta-

130 3146 255 3217 verunt,
285 3159 364 3223 quas
394 3148 499 3202 aestus
527 3138 652 3204 efficere
688 3147 894 3206 consuerunt:
934 3137 1025 3202 multi
1051 3158 1093 3207 ex

130 3225 200 3288 suis
226 3221 343 3286 finibus
376 3247 394 3290 e
435 3225 498 3288 essi
533 3245 569 3288 se
601 3245 721 3310 sueque
754 3225 859 3287 omnia
890 3221 1091 3286 alienissimis

131 3307 345 3373 crediderunt
425 3308 599 3391 atuvolcus‚
628 3331 699 3387 ren,v
717 3308 865 3373 dimidiae
886 3309 984 3392 partis
1006 3307 1092 3370 Ebu·

130 3414 280 3475 ronumf
295 3394 349 3477 qui
375 3415 440 3458 una
468 3415 540 3458 cum
567 3392 709 3458 Ambio'
734 3415 752 3457 e
781 3392 947 3458 consilium
967 3393 1092 3476 inierat,

131 3486 238 3544 aetate
266 3478 331 3540 iam
357 3479 528 3561 coniectus,
558 3501 655 3566 quum
682 3478 714 3542 la
737 3500 825 3544 orem
851 3485 906 3542 aut
933 3476 1012 3542 belli
1039 3483 1095 3544 aut
