2562 3966
412 223 547 288 COMM.
570 223 616 286 VI
639 221 732 286 CAP.
757 223 870 286 7-10.
1055 218 1119 284 123

155 393 261 459 officio
287 394 587 477 demonstravimus,
616 395 810 480 principatus
833 403 928 479 atque
949 393 1120 478 imperium·

155 488 206 542 est
227 480 387 544 traditum.

222 564 252 628 9.
293 563 429 647 Caesar,
462 577 629 650 postquam
657 587 697 628 ex
726 563 880 649 Menapiis
903 566 936 626 in
958 563 1117 627 Treveros

153 652 252 731 venit,
277 651 398 714 duabus
422 650 461 714 de
484 652 587 714 causis
609 649 754 714 Rhenum
776 651 911 713 transire
940 650 1115 730 constituit,

54 739 57 742 ’
156 757 291 821 quarum
317 759 381 800 una
410 745 492 817 erat,
523 735 607 821 quod
634 734 751 799 auxilia
778 744 889 798 contra
911 757 945 798 se
967 734 1117 798 Treveris

155 823 316 902 miserant,
340 821 447 902 altera,
470 843 512 884 ne
534 821 575 886 ad
597 843 650 886 eos
673 820 840 884 Ambiorix
869 829 1033 904 receptum
1061 817 1116 882 ha-

154 904 256 969 beret.
279 907 338 972 His
355 908 530 971 constitutis
545 906 641 972 rebus
656 905 785 990 paulum
801 927 897 990 supra
913 927 984 969 eum
999 903 1115 986 locum,

156 1013 220 1076 quo
232 1000 304 1056 ante
317 993 490 1056 exercitum
501 993 693 1072 traduxerat,
709 991 813 1054 facere
828 999 957 1075 pontem
971 991 1114 1054 instituit.

153 1075 239 1140 Nota
265 1086 297 1140 at
318 1101 359 1142 ue
387 1079 530 1141 instituta
557 1079 681 1142 ratione
710 1098 825 1160 magno
854 1075 988 1138 militum
1011 1075 1117 1140 studio

154 1165 265 1247 paucis
293 1099 404 1227 diebus
438 1185 517 1248 opus
550 1163 693 1226 efficitur.
726 1162 834 1225 Firmo
853 1163 887 1224 in
902 1161 1051 1224 Treveris
1074 1159 1114 1225 ad

154 1256 283 1332 pontem
305 1248 464 1335 praesidio
479 1248 600 1330 relicto,
623 1249 749 1332 nequis
766 1245 805 1310 ab
822 1247 871 1310 his
887 1246 990 1310 subito
1011 1255 1119 1309 motus

156 1344 308 1415 oreretur,
330 1333 469 1418 reliquas
486 1336 593 1419 copias
613 1335 847 1420 equitatumque
862 1331 1006 1395 traducit.
1029 1331 1114 1407 Ubii,

147 1420 212 1504 ·qui
232 1429 304 1482 ante
326 1419 452 1484 obsides
469 1419 620 1483 dederant
643 1428 736 1504 atque
758 1420 791 1481 in
814 1417 1005 1480 deditionem
1020 1439 1115 1481 vene·

155 1512 236 1585 rant,
260 1504 415 1589 purgandi
437 1507 486 1569 sui
509 1527 605 1568 causa
620 1505 661 1568 ad
676 1525 749 1567 eum
763 1503 883 1587 legatos
903 1505 1038 1583 mittunt,
1062 1503 1119 1588 qui·

156 1589 290 1654 doceant
316 1613 419 1676 neque
447 1590 566 1654 auxilia
594 1613 634 1653 ex
662 1611 719 1652 sua
748 1591 875 1652 civitate
900 1589 933 1650 in
956 1587 1117 1651 Treveros

155 1677 262 1755 missa,
285 1698 388 1762 neque
404 1675 444 1739 ab
461 1699 495 1741 se
509 1676 605 1740 fidem
620 1676 755 1739 laesam:
771 1725 773 1731 Α
802 1682 890 1737 etunt
905 1683 999 1758 atque
1016 1683 1115 1755 orant,

156 1771 192 1824 ut
213 1760 273 1824 sibi
295 1769 412 1845 pareat,
436 1785 476 1826 ne
500 1763 659 1826 communi
681 1759 752 1824 odio
776 1697 1006 1823 (germanorum
1027 1759 1116 1821 inno-

156 1863 264 1910 centes
286 1870 343 1932 pro
365 1847 550 1912 nocentibus
582 1869 702 1933 poenas
728 1845 886 1930 pendant3
920 1845 947 1906 si
980 1841 1117 1928 amplius

157 1931 302 1996 obsidum
335 1931 447 2016 vellet,
482 1932 557 1997 dare
586 1932 784 2017 pollicentur.
826 1929 962 2014 Cognita
995 1927 1118 1993 Caesar
1227 1949 1229 1955 ·

157 2039 253 2081 causa
273 2020 392 2102 reperit
413 2017 453 2082 ab
469 2017 583 2082 Suebis
607 2017 725 2081 auxilia
739 2019 835 2080 missa
851 2037 937 2096 esse3
960 2014 1117 2079 Ubiorum

157 2105 391 2168 satisfactionen
413 2105 536 2190 accipit,
561 2103 664 2167 aditus
686 2103 818 2186 viasque
839 2103 873 2164 in
896 2099 1018 2165 Suebos
1045 2119 1116 2184 per-

177 2189 288 2252 uirit·

157 2212 177 2274 q
222 2275 271 2338 10.
305 2275 434 2338 Interim
456 2277 565 2360 paucis
587 2283 659 2360 post
681 2270 793 2338 diebus
814 2271 850 2337 fit
872 2272 912 2335 ab
934 2270 1026 2335 Ubiis
1050 2293 1116 2335 cer·

156 2360 216 2422 tior
249 2359 370 2424 Suebos
405 2383 513 2424 omnes
544 2362 576 2424 in
605 2381 703 2424 unum
731 2358 836 2422 locum
865 2358 972 2442 copias
1001 2377 1116 2441 cogere

157 2456 251 2530 atque
279 2447 318 2508 iis
345 2445 540 2528 nationibus,
565 2467 645 2531 quae
674 2445 732 2509 sub
756 2465 865 2508 eorum
888 2445 952 2506 sint
972 2443 1117 2526 imperio,

157 2529 350 2611 denuntiare,
373 2541 407 2594 ut
430 2531 549 2594 auxilia
563 2531 721 2615 peditatus
742 2531 962 2614 equitatusque
981 2529 1115 2592 mittant.

156 2614 216 2678 His
233 2617 364 2701 cognitis
379 2616 474 2680 rebus
490 2639 556 2680 rem
571 2616 807 2682 frumentariam
822 2613 977 2700 providet,
1002 2614 1116 2676 castris

156 2699 304 2764 idoneum
326 2701 430 2764 locum
449 2701 580 2785 deligit,
596 2701 688 2765 Ubiis
710 2704 853 2784 imperat,
878 2709 911 2762 ut
933 2720 1048 2783 peoora
1063 2697 1116 2763 de-

157 2783 274 2850 ducant
297 2809 416 2871 suaque
444 2789 548 2852 omnia
570 2809 611 2849 ex
640 2788 724 2872 agris
750 2789 783 2849 in
805 2807 823 2849 o
846 2784 920 2868 pida
942 2783 1115 2866 conferant,

158 2893 287 2954 sperans
320 2871 473 2936 barbaros
507 2882 601 2958 atque
632 2873 793 2956 imperitos
824 2809 973 2933 ltomines
1009 2869 1117 2952 inopia

158 2956 347 3021 cibariorum
379 2957 532 3020 adductos
566 2956 607 3019 ad
641 2959 781 3043 iniquam
814 2953 976 3040 pugnandi
1009 2953 1116 3018 condi-

157 3043 272 3105 tionem
308 3064 379 3106 osse
394 3043 516 3124 deduci,
540 3042 680 3125 mandat,
703 3052 738 3105 ut
753 3040 882 3105 crebros
899 3038 1116 3124 exploratores

157 3127 189 3188 in
222 3065 344 3192 Suebos
374 3130 498 3191 mittant
524 3149 667 3213 quaeque
697 3127 782 3212 apud
815 3149 868 3190 eos
894 3134 1044 3210 gerantur
1065 3144 1116 3188 co·

157 3225 320 3296 gnoscant.
343 3211 395 3274 Illi
416 3215 572 3298 imperata
586 3213 704 3277 faciunt
719 3222 750 3276 et
766 3213 875 3298 paucis
896 3209 1006 3274 diebus
1022 3210 1116 3270 inter·

157 3299 260 3359 missis
281 3296 438 3361 referunt:
463 3297 584 3362 Suebos
601 3321 719 3380 omnes,
743 3306 949 3382 posteaquam
964 3294 1116 3357 certiores

61 3461 63 3464 Ι
157 3383 259 3466 nuntii
270 3380 310 3445 de
323 3385 462 3447 exercitu
473 3383 686 3447 Romanorum
701 3385 855 3462 venerint,
879 3403 951 3444 cum
970 3378 1116 3442 omnibus

159 3469 222 3530 suis
245 3467 462 3554 sociorumque
479 3470 586 3553 copiis,
612 3491 690 3554 quas
713 3470 899 3552 coegissent,
927 3466 1052 3550 penitus
1075 3462 1117 3528 ad
