2562 3966
389 223 1146 326 ,mmfflw.wn

155 399 228 466 freti
249 403 283 464 in
306 400 401 464 silvas
429 402 624 488 paludesque
654 403 837 486 confugiunt
860 425 979 489 suaque
1003 403 1114 466 eodem

155 487 330 550 conferunt.

216 571 250 633 6.
274 569 394 635 Caesar
415 574 537 656 partitis
561 574 660 658 copiis
687 595 758 636 cum
782 573 862 638 Gaio
884 573 985 638 Fabio
1008 574 1113 658 legato
1193 569 1195 575 ⁴

155 665 188 720 et
201 657 310 720 Marco
326 655 442 721 Crasso
462 667 629 742 quaestore
652 658 860 746 celeriterque
877 661 997 723 effectis
1012 661 1115 744 ponti·

153 740 216 806 bus
232 741 298 805 adit
312 743 477 826 tripertito,
502 743 646 807 aedificia
660 745 812 831 vicosque
827 745 976 828 incendit,
998 767 1113 828 magno

155 829 280 912 pecoris
313 838 407 914 atque
440 828 602 909 hominqm
638 851 769 893 numero
805 833 933 915 potitur.
990 829 1113 909 Quibus

155 913 251 976 rebus
274 915 376 978 coacti
389 913 530 1061 Menapii
551 913 673 999 legatos
696 915 737 978 ad
760 937 832 978 eum
846 918 933 1000 pacis
956 915 1113 1000 petendae

156 1020 252 1061 causa
279 1000 415 1062 mittunt.
460 998 520 1063 Ile
546 999 708 1063 obsidibus
742 1003 879 1085 acceptis
909 1001 1047 1073 hostium
1079 1023 1114 1064 se

154 1083 337 1146 habiturum
369 1107 501 1148 numero
534 1083 714 1167 confirmat,
753 1088 780 1149 si
813 1095 867 1150 aut
896 1086 1114 1171 Ambiorigem

155 1178 210 1232 aut
232 1171 299 1232 eius
327 1169 448 1253 legatos
475 1169 592 1234 finibus
621 1173 685 1234 suis
708 1174 912 1257 recepissent.
957 1172 1017 1235 His
1040 1194 1114 1235 con-

154 1253 288 1317 firmatis
316 1254 412 1320 rebus
443 1255 621 1320 Gommium
650 1255 836 1320 Atrebatem
869 1281 941 1320 oum
974 1260 1114 1343 equitatu

154 1340 294 1404 custodis
313 1340 382 1404 loco
404 1343 436 1403 in
451 1341 607 1426 Menapiis
630 1341 794 1427 relinquit3
816 1345 885 1428 ipse
907 1345 940 1405 in
956 1343 1114 1408 Treveros

153 1423 372 1510 proficiscitur.

220 1511 249 1573 7.
271 1510 358 1574 Dum
373 1511 452 1576 haec
468 1537 487 1576 a
502 1512 640 1578 Gaesare
656 1524 818 1598 geruntur,
839 1514 971 1580 Treveri
989 1517 1113 1598 magnis

155 1597 273 1660 coactis
296 1596 455 1680 peditatus
479 1602 635 1685 equitatus
659 1623 699 1664 ue
722 1602 820 1684 copiis
844 1599 1020 1663 Labienum
1043 1621 1114 1662 oum
1153 1616 1155 1620 ’

154 1703 220 1752 una
233 1681 367 1766 legione,
386 1705 466 1769 quae
477 1686 510 1748 in
526 1623 761 1749 eorumhnibus
778 1685 981 1766 hiemaverat,
998 1684 1114 1748 adoriri

154 1767 319 1852 parabant,
335 1769 460 1855 iamque
477 1769 517 1833 ab
533 1792 649 1835 eonon
665 1769 789 1856 longius
801 1769 890 1832 bidui
904 1772 957 1832 via
972 1769 1113 1853 aberant,

154 1875 252 1938 quum
276 1853 354 1916 duas
376 1857 503 1919 venisse
536 1855 679 1940 legiones
702 1858 801 1918 missu
821 1854 968 1918 Caesaris
999 1877 1113 1940 cogno·

155 1947 257 2001 scunt.
285 1938 400 2002 Positis
424 1942 534 2004 castris
558 1964 576 2004 a
597 1941 725 2003 milibus
748 1963 898 2026 passuum
920 1947 973 2000 XV
995 1941 1115 2004 auxilia

155 2023 391 2087 Germanorum
421 2036 606 2110 exspectare
637 2028 839 2090 constituunt.
873 2027 1035 2089 Labienus
1058 2025 1114 2089 ho-

155 2110 250 2171 stium
273 2112 397 2194 cognito
421 2111 551 2175 consilio
574 2134 704 2196 sperans
726 2114 902 2176 temeritate
918 2133 1026 2174 eorum
1048 2112 1115 2174 fore

155 2193 295 2280 aliquam
317 2195 487 2259 dimicandi
515 2197 697 2260 facultatem
719 2198 877 2282 praesidio
901 2198 1039 2282 quinque
1063 2219 1114 2262 co·

153 2279 292 2344 hortium
320 2281 554 2366 impedimentis
582 2283 693 2347 relicto
724 2305 795 2346 curn
828 2283 942 2367 viginti
976 2284 1113 2368 quinque

156 2364 337 2429 cohortibus
364 2389 416 2428 ma
462 2389 543 2452 oque
571 2369 712 2453 equitatu
742 2378 852 2431 contra
873 2369 996 2430 hostem
1018 2367 1113 2452 profi-

156 2452 285 2514 ciscitur
311 2460 342 2514 et
369 2451 455 2514 mile
482 2475 633 2537 passuum
662 2455 841 2517 intermisso
876 2455 976 2536 spatio
1010 2462 1115 2516 eastra

155 2539 337 2599 communit.
371 2537 449 2600 Erat
470 2539 552 2601 inter
572 2537 749 2601 Labienum
773 2549 866 2624 atque
889 2537 1014 2602 hostem
1035 2537 1113 2600 difli-

156 2621 210 2684 cili
232 2624 368 2685 transitu
390 2622 506 2689 flumen
530 2625 670 2710 ripisque
692 2627 878 2709 praeruptis.
916 2623 987 2686 Hoc
1009 2645 1113 2708 neque

154 2708 225 2792 ipse
246 2710 379 2772 transire
402 2707 540 2774 habebat
561 2711 594 2771 in
616 2711 720 2772 animo
743 2731 847 2794 neque
869 2709 975 2773 hostes
1000 2710 1114 2771 transi·

154 2803 243 2858 unos
277 2793 485 2857 existimabat.
529 2794 716 2877 Augebatur
752 2794 940 2859 auxiliorum
975 2794 1113 2878 quotidie

156 2899 240 2964 spes.
273 2879 428 2964 Loquitur
448 2880 482 2941 in
504 2878 637 2943 concilio
659 2879 774 2964 palam,
798 2881 946 2964 quoniam
962 2877 1114 2942 Germani

156 2967 410 3050 appropinquare
434 2963 594 3046 dieantur,
619 2987 689 3028 sese
713 2987 785 3028 suas
809 2967 1030 3048 exercitusque
1053 2963 1113 3027 for-

155 3061 249 3113 tunas
277 3051 310 3112 in
339 3049 469 3112 dubium
497 3072 562 3112 non
592 3050 818 3114 devocaturum
848 3060 878 3112 et
905 3059 1031 3134 postero
1063 3048 1113 3111 die

155 3137 259 3220 prima
274 3135 345 3199 luce
361 3145 464 3198 eastra
485 3143 652 3198 moturum.
681 3134 835 3198 Celeriter
850 3134 929 3197 haec
952 3134 992 3197 ad
1007 3134 1113 3197 hostes

148 3221 349 3304 deferuntur,
372 3231 408 3283 ut
430 3243 472 3282 ex
493 3241 609 3303 magno
629 3219 794 3284 Gallorum
819 3221 959 3306 equitum
981 3241 1113 3282 numero

154 3305 326 3370 nonnullos
350 3303 481 3370 Gallicis
502 3305 598 3370 rebus
621 3305 729 3368 favere
752 3315 864 3368 natura
887 3303 1030 3390 cogebat.
1053 3304 1114 3367 La·
1159 3365 1162 3372 i

154 3388 269 3454 'oienus
297 3399 393 3456 noctu
419 3389 555 3454 tribunis
585 3391 720 3453 militum
748 3392 920 3476 primisque
937 3388 1116 3454 'ordinibus

156 3477 355 3588 convocatis,
390 3475 466 3562 quid
496 3477 545 3538 sui
575 3478 615 3538 sit
644 3476 782 3557 consilii,
817 3476 966 3560 proponit
989 3485 1028 3556 et,
1053 3497 1114 3560 quo

575 3605 643 3638 [Lm-‘22'
660 3607 692 3628 “’1’.,’
712 3627 738 3640 ΑΝ

567 3655 577 3666 ⁴*
594 3642 607 3648 μ
631 3641 649 3676 ,ἒξ
675 3657 682 3673 u
701 3649 718 3679 Ἄ,

490 3733 491 3736 ’
542 3723 545 3728 “
599 3717 627 3752 (al
655 3717 706 3752 lt?

543 3783 578 3802 ’,Η
618 3784 639 3807 ,¹1
698 3793 704 3808 p
738 3788 742 3795 '¹
769 3788 784 3807 Τ
819 3767 824 3805 ⁴,

522 3783 648 3842 &mh
743 3815 778 3842 'rr
823 3848 828 3860 ¹

489 3891 493 3901 ’
809 3899 811 3914 ;

469 3803 488 3896 t
