2538 3978
198 235 260 300 140
450 236 580 300 BELLI
600 235 900 302 ALEXANDRINI

234 424 256 458 c.
275 409 392 469 34-41;
410 409 437 456 in
454 408 560 472 Illyrico
579 415 664 460 autem
682 409 840 474 aliquamdiu
865 409 939 458 varia
966 408 1070 457 fortuna
1097 423 1163 458 cum

232 477 382 542 Pompeiani
402 481 529 527 exercitus
547 477 663 542 reliquiis
681 478 851 544 pugnabatur,
871 477 930 525 dum
948 475 1048 540 proelio
1066 476 1160 525 navali

232 545 266 594 ad
284 544 423 594 Tauridem
440 545 553 595 insulam
570 547 706 596 commisso
726 546 845 595 Vatinius
870 545 1031 609 provinciam
1049 543 1160 593 Caesari

231 613 343 662 restituit
364 629 385 661 c.
406 614 465 660 42-
474 615 515 664 47.
552 613 610 674 Quo
637 619 763 678 tempore.
779 613 877 662 Caesar
903 628 960 660 cunr
986 612 1110 675 Pompeio
1131 613 1161 662 in

233 681 344 730 Graecia
361 681 458 730 bellum
476 681 590 746 gerebat,
619 683 650 742 Q.
669 683 775 732 Cassius
801 681 936 745 Longinus
962 695 1008 744 pro
1034 686 1160 743 praetore

231 748 384 812 Hispaniam
403 749 541 798 obtinebat.
563 749 614 810 Qui
633 766 710 814 quum
721 764 841 814 magnum
854 749 903 798 sibi
915 749 992 800 totius
1005 749 1159 810 provinciae

233 816 322 864 odium
341 817 486 878 conflasset,
505 817 686 882 largitionibus
705 818 832 867 exercitus
850 831 962 865 amorem
981 815 1030 864 sibi
1049 815 1159 863 concili·

235 888 332 946 aturus,
352 900 513 949 quocumque
530 886 607 934 modo
626 892 712 950 potest
729 885 852 950 pecunias
871 889 1006 946 extorquet
1024 898 1044 932 c.
1058 884 1099 930 48.
1112 884 1157 933 49.

233 950 326 1000 Ineunt
342 953 517 1016 provinciales
536 953 647 1003 consilia
664 954 696 1002 de
715 954 770 1002 eius
788 958 870 1002 morte
888 967 909 1002 c.
926 953 966 1006 60.
986 951 1038 1000 Per
1055 950 1157 1000 litteras

232 1019 265 1068 ab
287 1019 399 1070 Caesare
416 1021 443 1068 iu
460 1021 574 1071 Africam
590 1023 763 1072 transmittere
780 1022 875 1080 iussus,
894 1020 1033 1069 exercitum
1046 1019 1079 1068 ad
1092 1017 1147 1066 Cor

234 1086 328 1136 duham
349 1088 450 1154 colligit
467 1105 488 1138 c.
507 1091 547 1148 60.
567 1092 617 1150 614
644 1090 677 1138 ab
704 1090 844 1140 coniuratis
871 1088 984 1152 graviter
1002 1086 1157 1135 vulneratus

232 1155 362 1204 Beronum
381 1161 407 1206 et
429 1162 596 1208 evocatorum
622 1157 719 1208 auxilio
744 1162 862 1208 servatur
881 1171 901 1204 c.
921 1157 962 1207 52.
980 1155 1022 1205 53.
1048 1152 1158 1202 Profici-

233 1228 338 1272 scnntur
350 1223 467 1289 legiones
480 1225 513 1274 ad
525 1225 649 1274 auxilium
667 1225 816 1289 imperatori
833 1223 966 1272 ferendum
978 1227 1085 1286 excepta
1097 1237 1158 1270 ver-

232 1291 326 1340 nacula
344 1307 366 1342 c.
390 1293 431 1344 64.
460 1292 651 1357 Conquiruntnr
678 1293 764 1342 caedis
793 1293 890 1342 conscii
917 1297 942 1340 et
968 1290 1158 1339 interficiuntur

234 1360 348 1423 exceptis
366 1361 407 1422 iis,
426 1362 469 1424 qui
488 1377 516 1410 se
533 1363 645 1425 pecunia
661 1362 825 1410 redemerunt
843 1375 864 1410 c.
882 1361 924 1410 bb.
944 1359 1046 1408 Sanatis
1063 1357 1155 1405 vulne·

233 1425 303 1476 ribus
329 1427 412 1477 denuo
439 1431 555 1493 pecuniis
581 1429 663 1478 inhiat
680 1445 702 1479 c.
721 1431 761 1480 56.
789 1429 844 1478 lam
870 1426 1026 1482 vernaculae
1043 1424 1157 1490 legionis

232 1494 326 1544 milites
341 1495 466 1546 seditione
484 1496 553 1546 facta
565 1498 598 1547 ad
611 1497 781 1558 secundanos,
800 1496 892 1560 quibus
904 1511 956 1544 non
967 1493 1060 1543 minori
1077 1499 1156 1555 atque

235 1561 288 1612 illis
307 1563 366 1612 odio
395 1570 449 1613 erat
476 1565 590 1627 Cassius,
620 1566 814 1624 contenderunt,
841 1563 964 1612 Thorium
990 1561 1156 1611 Italicensem

234 1629 325 1679 ducem
343 1630 459 1698 deligrmt
477 1649 498 1684 c.
518 1634 558 1693 57;
586 1633 732 1682 Cordubam
749 1637 847 1698 petunt,
866 1631 950 1680 Cassii
968 1630 1028 1680 odio
1047 1629 1154 1691 Pompei

233 1713 328 1748 nomen
347 1700 374 1747 in
392 1701 472 1750 scutis
490 1701 633 1750 inscribunt
651 1717 673 1752 c.
693 1702 734 1761 58,
752 1717 811 1750 mox
831 1699 974 1758 detrahunt,
991 1698 1037 1747 ubi
1054 1705 1079 1745 et
1091 1697 1154 1746 Cor·

233 1766 363 1816 dubenses
382 1774 407 1816 et
425 1769 586 1830 Marcellum,
606 1771 649 1834 qui
668 1769 763 1834 oppido
782 1771 908 1834 praeerat,
927 1767 1017 1816 eodem
1035 1771 1112 1828 atque
1124 1779 1154 1812 se

232 1835 303 1898 ipsos
323 1835 407 1885 Cassii
418 1837 477 1886 odio
496 1838 577 1886 teneri
596 1843 781 1902 coguoverunt.
801 1835 941 1886 Marcellus
955 1835 1007 1883 dux
1020 1833 1153 1883 constitui·

232 1907 274 1950 tur
291 1919 312 1952 c.
323 1905 364 1965 59,
382 1905 456 1968 isque
473 1905 547 1954 varia
563 1906 666 1954 fortuna
683 1921 736 1954 rem
755 1906 821 1970 gerit
838 1909 928 1953 contra
946 1901 1151 1952 Cassianam.

233 1972 273 2021 61.
292 1971 439 2021 Auxiliatur
459 1972 550 2022 Cassio
568 1973 670 2038 Bogud,
689 1989 733 2022 rex
752 1973 924 2022 Mauritaniae
942 1986 963 2020 c.
983 1972 1023 2020 62.
1047 1971 1102 2019 lam
1119 1968 1154 2016 ad

236 2038 333 2092 bellum
351 2041 555 2104 componendum
573 2041 687 2104 Lepidus
707 2057 738 2089 ex
756 2041 869 2090 citeriori
886 2039 1021 2104 provincia
1040 2037 1152 2096 advenit,

233 2108 274 2155 cui
293 2108 377 2156 statim
396 2107 536 2158 Marcellus
555 2125 583 2158 se
602 2109 689 2158 credit.
717 2109 832 2158 Induciis
858 2108 932 2157 sactis
951 2107 1069 2170 Bogudis
1087 2103 1152 2152 mili·

233 2180 272 2223 tes
290 2175 316 2222 ln
335 2175 469 2226 castellum
487 2177 593 2240 aliquod
611 2177 730 2226 Marcelli
747 2177 870 2242 impetum
887 2175 984 2224 iaciunt
996 2189 1017 2224 c.
1031 2175 1070 2224 63.
1084 2172 1152 2221 Mar·

234 2241 294 2290 celii
313 2249 339 2292 et
356 2244 449 2308 Lepidi
468 2251 553 2294 castra
571 2246 769 2310 coniunguntur,
797 2245 888 2294 Cassio
907 2243 972 2291 liber
991 2243 1074 2290 exitus
1092 2255 1153 2289 con·

236 2310 341 2359 ceditur.
378 2312 460 2362 Paulo
479 2319 539 2377 post
566 2313 672 2363 Cassius
699 2313 802 2362 Iberum
827 2310 1021 2376 transgrediens
1048 2309 1153 2372 navigio

234 2383 385 2442 tempestate
404 2381 520 2430 demerso
539 2382 635 2430 interiit
653 2397 673 2430 c.
694 2383 733 2430 64.
759 2381 855 2430 Caesar
874 2397 906 2428 ex
922 2378 1042 2443 Aegypto
1060 2379 1087 2425 in
1105 2377 1152 2440 Sy·

234 2447 296 2494 riam
324 2449 456 2511 proiectus
482 2448 542 2498 huic
568 2451 718 2513 provinciae
746 2449 851 2498 Sextum
869 2448 1006 2497 Caesarem
1028 2445 1152 2511 praeficit,

233 2515 290 2578 ipse
310 2515 425 2566 Ciliciam
454 2517 516 2577 adit,
543 2532 693 2582 paucosque
717 2517 772 2566 dies
796 2517 888 2566 adres
907 2515 1066 2565 ordinandas
1085 2529 1153 2562 com-

233 2588 347 2632 moratus
366 2600 412 2648 per
432 2583 623 2649 Cappadociam
640 2587 666 2633 in
684 2587 794 2634 Pontum
820 2587 868 2633 iter
891 2581 993 2632 conficit
1012 2599 1033 2634 c.
1052 2583 1092 2631 65.
1111 2583 1152 2632 66.

234 2650 411 2700 Proficiscenti
439 2653 541 2701 obviam
567 2653 595 2702 fit
621 2655 769 2714 Deiotarus,
795 2653 898 2702 veniam
916 2651 948 2699 ab
967 2667 998 2700 eo
1016 2651 1151 2716 petiturus,

184 2737 189 2746 ·
234 2719 303 2782 quod
322 2719 349 2767 in
369 2721 460 2770 castris
478 2721 585 2787 Pompei
603 2721 694 2771 fuisset
711 2737 732 2772 c.
752 2723 791 2771 67,
810 2720 932 2770 Restituit
949 2720 973 2768 ei
991 2719 1089 2784 regium
1105 2718 1152 2767 ho-

232 2801 321 2836 norem
340 2787 436 2837 Caesar
447 2804 468 2837 c.
482 2791 522 2838 68.
543 2789 628 2850 Quum
640 2790 748 2838 Pontum
758 2791 880 2838 intrasset
888 2787 1035 2836 Pharnaces
1048 2787 1150 2850 legatos

233 2854 297 2903 belli
318 2856 473 2920 deprecandi
491 2872 570 2907 causa
593 2857 626 2907 ad
645 2874 702 2908 eum
728 2858 805 2905 mittit
831 2873 852 2905 c.
872 2842 912 2905 ob.
932 2855 1100 2904 Conditiones
1117 2854 1151 2902 ab

235 2921 346 2972 Caesare
364 2927 512 2988 propositas
531 2941 558 2975 sc
577 2925 696 2990 amplecti
715 2925 825 2986 simulat,
845 2925 891 2974 sed
909 2940 992 2988 quum
1005 2938 1062 2971 eum
1074 2923 1152 2972 rebus

233 2991 338 3040 urbanis
356 2991 464 3042 Romam
482 2994 579 3042 arcessi
597 2995 682 3056 sciret,
706 3009 760 3042 rem
777 2993 880 3042 trahere
898 2992 991 3042 studet.
1012 2990 1089 3050 Quod
1105 2991 1153 3041 ho·

233 3060 308 3109 ruinis
336 3059 472 3109 consilium
498 3078 577 3125 quum
603 3061 740 3112 Caesarem
765 3077 819 3110 non
841 3061 941 3120 lateret,
968 3059 1100 3108 celerrime
1117 3059 1154 3109 ad

234 3127 331 3188 zelam,
350 3127 382 3176 ab
400 3129 535 3178 Pharnace
553 3136 712 3194 occupatam,
731 3129 869 3180 contendit.
893 3127 997 3177 Proelio
1016 3128 1153 3178 commisso

233 3196 302 3261 regis
321 3197 448 3246 exercitus
467 3198 626 3262 profligatur,
652 3199 709 3263 ipse
735 3213 793 3246 cum
819 3198 909 3262 paucis
936 3195 1064 3259 equitibus
1090 3195 1155 3260 fuga

234 3265 317 3312 evasit
335 3266 483 3316 asto-to.
519 3266 602 3314 Ponto
626 3272 730 3330 recepto
749 3265 845 3316 Caesar
862 3265 889 3312 in
906 3263 995 3314 Asiam
1012 3264 1061 3312 iter
1077 3263 1153 3325 facit;

234 3332 266 3380 de
283 3332 433 3396 provinciae
452 3335 635 3384 controversiis
654 3334 795 3398 cognoscit.
822 3333 996 3382 Mithridatem
1013 3333 1154 3396 Pergame-

233 3415 293 3448 num
311 3416 398 3464 regem
416 3401 529 3465 Bospori
547 3407 573 3450 et
590 3403 742 3451 tetrarcham
762 3401 992 3465 Gallograecorum
1010 3400 1153 3462 constituit,

234 3467 326 3516 deinde
345 3470 457 3519 omnium
475 3471 596 3534 opinione
615 3471 724 3520 celerius
742 3470 869 3518 victorin
887 3468 988 3518 Italiam
1001 3468 1074 3518 redit.

571 3578 773 3588 ——n
