2538 3978
165 241 230 315 ‘148
421 249 552 315 BELLI
572 249 876 315 ALEXANDRINI

60 447 62 452 ·
167 431 256 486 terea
276 443 442 486 numerum
466 423 624 486 minorum
650 421 850 506 navigiorum
878 422 1132 522 etuscapharum
1250 423 1251 434 ’

167 507 344 594 producunt
376 528 448 570 cum
478 506 635 571 malleolis
667 507 867 593 ignibusque,
904 529 931 570 sr
953 509 1029 591 qurd
1056 510 1131 592 ipsa

166 592 333 656 multitudo
356 601 388 654 et
410 592 529 656 clamor
543 601 575 655 et
589 591 716 656 flamma
730 592 846 657 nostris
861 595 989 658 terroris
1012 594 1130 657 afferre

168 687 307 764 possent.
340 677 441 740 Erant
462 679 545 741 inter
567 677 646 740 duas
668 677 787 741 classes
809 677 893 741 vada
914 679 1047 742 transitu
1070 700 1126 741 an·

165 773 268 848 gusto,
292 783 373 849 quae
395 763 554 847 pertinent
575 761 617 826 ad
638 763 800 846 regionem
822 763 949 828 Africae
965 761 1025 848 (sic
1041 765 1128 826 enim

165 850 359 935 praedicant,
381 857 505 932 partem
527 869 598 913 esse
619 847 834 912 Alexandriae
856 847 1017 912 dandum
1041 847 1127 912 Airi-

166 934 247 1020 cae),
281 935 422 1019 satisque
442 932 496 996 diu
517 934 600 997 inter
631 933 719 1018 ipsos
741 945 789 997 est
822 940 1047 1017 exspectatum,
1081 931 1124 996 ab

134 1021 137 1027 '
164 1021 245 1084 utris
272 1017 364 1084 fieret
395 1018 580 1083 transeundi
612 1019 745 1099 initium,
778 1026 946 1104 propterea
978 1016 1062 1104 quod
1084 1019 1126 1100 ei,

165 1106 220 1191 qui
240 1105 421 1184 intrassent,
445 1113 477 1166 et
498 1103 539 1168 ad
562 1102 783 1188 explicandam
804 1102 939 1168 classem
961 1113 993 1167 et
1014 1103 1055 1166 ad
1075 1125 1125 1168 re·

165 1200 301 1338 ceptum,
325 1190 352 1252 si
374 1188 481 1252 durior
503 1187 671 1253 accidisset
692 1211 794 1271 casus,
816 1187 1032 1274 impeditiores
1056 1187 1126 1254 fore

163 1277 197 1340 vi
220 1275 363 1339 ebantur.

230 1360 280 1423 15.
302 1357 434 1423 Rhodiis
456 1357 591 1423 navibus
614 1368 762 1444 praeerat
793 1358 993 1445 Euphranor,
1027 1360 1124 1424 animi

163 1443 381 1530 magnitudine
404 1466 442 1507 ac
463 1446 580 1508 virtute
602 1446 703 1530 magis
719 1466 791 1508 cum
805 1446 920 1509 nostris
942 1443 1124 1508 hominibus

164 1551 260 1616 quam
282 1551 354 1596 cum
370 1527 503 1594 Graecis
526 1529 767 1614 comparandus.
790 1530 853 1594 Hic
867 1529 907 1592 ob
929 1531 1126 1594 notissimam

163 1617 327 1681 seientiam
349 1623 443 1700 atque
466 1615 563 1678 animi
584 1614 833 1701 magnitudinem
854 1614 995 1680 delectus
1018 1623 1066 1680 est
1080 1614 1123 1678 ab

162 1701 306 1784 Rhodiis,
344 1701 398 1786 qui
429 1701 598 1786 imperium
631 1699 740 1764 classis
774 1700 939 1766 obtineret.
976 1699 1039 1778 Qui
1067 1699 1125 1764 ubi

163 1785 312 1852 Caesaris
334 1789 473 1852 animum
495 1786 642 1868 advertit,
665 1785 792 1850 Videris
807 1786 894 1867 mihi,
916 1787 1026 1870 inquit,
1043 1784 1124 1850 an-

122 1935 125 1948 ,
165 1893 227 1954 sar,
249 1873 364 1956 vereri,
388 1871 416 1934 si
436 1871 622 1937 haecvada
642 1872 751 1958 primis
766 1871 900 1936 navibus
921 1873 1058 1956 intraris,
1080 1893 1124 1936 ne

161 1959 251 2044 prius
274 1958 426 2024 ᾱίωὶοειτθ
450 1979 487 2022 co
511 1959 584 2040 aris,
619 1978 714 2042 quam
735 1956 890 2042 reliquam
911 1955 1046 2022 classem
1066 1979 1122 2042 po·

160 2044 259 2108 tueris
282 2043 452 2129 explicare.
506 2043 575 2108 obis
596 2064 665 2106 rem
687 2043 864 2106 committe:
887 2063 945 2106 nos
966 2041 1123 2128 proelium

161 2127 388 2193 sustinebimus
422 2129 538 2216 (neque
561 2141 649 2193 tuum
671 2128 822 2191 iudicium
844 2126 1012 2214 fallamus),
1046 2127 1122 2194 dum

159 2212 277 2299 reliqui
298 2215 541 2300 subsequantur.
574 2214 643 2279 Hos
667 2213 794 2299 quidem
817 2212 934 2277 diutius
956 2215 990 2277 in
1012 2223 1123 2278 nostro

161 2310 335 2384 conspectu
357 2299 486 2384 gloriari
506 2321 623 2385 magno
644 2299 737 2363 nobis
760 2308 793 2362 et
807 2298 956 2362 dedecori
972 2307 1003 2362 st
1018 2297 1122 2364 dolori

160 2393 218 2448 est.
242 2382 361 2448 Caesar
383 2385 472 2449 illum
494 2384 675 2449 adhortatus
698 2393 730 2448 at
752 2407 792 2448 ue
814 2382 958 2450 omnibus
974 2383 1122 2450 laudibus

181 2479 345 2533 resecutus
368 2471 422 2534 dat
444 2473 568 2555 signum
590 2492 725 2556 pugnae.
775 2491 939 2553 rogressas
961 2469 1045 2533 ultra
1065 2492 1122 2534 va·

159 2491 236 2618 dum
259 2563 305 2616 1111
339 2556 479 2620 Rhodias
512 2578 610 2620 naves
645 2557 879 2620 circumsistunt
910 2553 1123 2622 Alexandrini

161 2648 257 2725 atque
279 2641 313 2703 in
335 2663 390 2706 eas
412 2642 564 2726 impetum
593 2641 719 2704 faciunt.
754 2639 916 2710 Sustinent
947 2633 994 2704 illi
1025 2650 1121 2726 atque

161 2736 231 2788 arte
264 2724 456 2812 solertiaque
479 2749 513 2792 se
536 2725 715 2812 explicant3
750 2748 788 2788 ac
819 2734 940 2788 tantum
975 2726 1121 2789 doctrina

158 2811 270 2896 potuit,
304 2813 393 2875 utin
416 2812 536 2896 dispari
558 2834 691 2876 numero
713 2810 802 2875 nulla
823 2820 1008 2874 transversa
1036 2810 1119 2874 hosti

159 2893 362 2978 obiiceretur,
385 2896 502 2961 nullius
524 2898 605 2962 remi
627 2896 875 2980 detergerentur,
911 2896 968 2960 scd
992 2917 1121 2979 semper

158 2981 358 3046 venientibus
388 2983 541 3046 adversae
563 2992 772 3048 occurrerent
795 2981 924 3046 Interim
954 2992 1027 3045 sunt
1045 2977 1119 3044 reli·

157 3086 240 3152 quae
263 3067 464 3132 subsecutae.
488 3067 570 3131 Tum
591 3069 771 3132 necessario
795 3067 970 3130 discessum
985 3065 1025 3130 ab
1048 3076 1119 3132 arte

158 3161 207 3216 est
227 3161 357 3239 propter
378 3154 540 3238 angustias
563 3153 633 3234 loci,
664 3161 759 3238 atque
782 3173 881 3216 'omne
904 3163 1063 3216 certamen
1084 3152 1119 3216 in

157 3238 274 3302 virtuto
298 3239 446 3302 constitit.
482 3236 593 3323 Neque
615 3259 693 3302 vero
715 3237 931 3302 Alexandriae
953 3235 1012 3300 fuit
1034 3238 1118 3322 quis·

159 3343 254 3406 quam
276 3331 330 3386 aut
361 3333 543 3388 nostrorum
576 3332 630 3388 aut
663 3323 900 3408 oppidanorum,
934 3324 986 3407 qui
1009 3324 1118 3386 autin

156 3427 253 3490 opere
275 3416 327 3470 aut
357 3409 391 3475 in
422 3429 530 3494 pugna
562 3417 749 3494 occupatum
782 3409 920 3472 animum
952 3406 1116 3490 haberent,

157 3491 235 3573 quin
256 3489 411 3558 altissima
431 3503 515 3558 tecta
536 3503 658 3580 peteret
679 3503 775 3580 atque
791 3517 832 3558 ex
847 3494 932 3560 omni
945 3503 1119 3578 prospectu
