2534 3970
389 199 578 268 00111111
600 199 692 266 ΟΑΡ.
713 200 807 266 4-7.
1034 198 1076 266 39

123 373 378 462 exploratoribus
400 383 432 439 et
453 373 493 439 ab
514 373 621 438 Remis
653 375 814 458 cognovit,
834 373 968 439 *flumen
989 371 1075 435 Axo-

122 483 208 542 111111,
232 458 317 545 quod
338 460 440 523 estin
462 460 611 524 extremis
632 460 803 542 Remorum
823 457 955 540 finibus,
986 477 1076 520 exer-

124 547 223 610 eitum
244 544 410 609 traducere
436 545 605 609 maturavit
633 557 727 630 atque
759 545 805 608 ibi
827 551 933 606 eastra
960 539 1073 627 posuit.

124 629 217 708 Quae
245 652 297 694 res
325 641 356 693 et
381 629 464 693 latus
491 651 587 694 unum
623 639 795 694 castrorum
834 629 910 713 ripis
938 625 1075 691 fluminis

123 713 289 778 muniebat
309 723 349 796 st,
371 724 443 800 post
465 735 536 778 eum
558 737 639 800 quae
661 726 775 797 essent,
798 721 865 777 tuta
880 711 920 776 ab
934 710 1076 777 hostibus

125 799 281 864 reddebat
303 796 342 880 et',
367 809 559 864 commeatus
589 799 629 862 ab
651 800 758 862 Remis
786 797 980 885 reliquisque
1003 797 1076 860 civi-

127 885 244 948 tatibus
266 894 301 948 ut
316 887 383 949 sine
397 885 538 971 periculo
561 885 601 949 ad
624 908 695 948 eum
710 886 831 971 portari
851 891 989 969 possent,
1013 881 1076 944 effiss

129 968 241 1034 ciebat
284 968 333 1034 Inr
346 992 384 1034 eo
410 969 539 1034 flumine
572 993 652 1058 pons
683 980 759 1035 erat.
804 969 854 1034 lbi
885 967 1075 1054 praesidium

126 1056 215 1163 ponit
238 1056 324 1118 etin
346 1054 446 1118 altera
473 1065 564 1140 parte
587 1056 725 1120 fluminis
749 1055 901 1134 Quintum
923 1053 1078 1116 Titurium

128 1139 280 1204 bobinum
314 1139 467 1224 legatum,
489 1163 560 1204 eum
600 1163 658 1205 sex
691 1140 871 1206 cohortibus
910 1139 1077 1224 relinquit3

128 1234 233 1289 eastra
254 1227 287 1287 in
310 1224 505 1289 altitudinem
526 1227 644 1311 pedum
664 1234 715 1294 Xll
736 1225 821 1290 vallo
843 1225 988 1310 fossaque
1004 1223 1077 1287 duo·

128 1309 281 1396 deviginti
300 1311 417 1395 pedum
438 1313 561 1376 munire
582 1312 678 1378 iubet.

193 1395 222 1458 6.
253 1395 304 1458 Ab
337 1396 385 1459 his
418 1398 529 1460 eastris
563 1399 712 1484 oppidum
748 1397 918 1460 Remorum
953 1395 1079 1460 nomine

127 1479 250 1545 Bibrax
282 1481 391 1544 aberat
417 1481 504 1545 milia
529 1505 679 1568 passuum
709 1492 789 1547 octo.
831 1481 870 1545 Id
899 1503 940 1545 ex
969 1482 1079 1544 itinere

129 1587 244 1650 magno
266 1569 385 1651 impetu
404 1566 524 1652 Belgae
553 1591 737 1655 oppugnare
759 1577 939 1652 eoeperrmt.
975 1566 1080 1650 Aegre

130 1675 167 1715 eo
204 1651 255 1714 die
290 1659 498 1716 sustentatum
531 1666 586 1719 est.
644 1653 808 1719 Gallorum
846 1651 956 1716 eadem
986 1659 1081 1736 atque

128 1737 301 1820 Belgarum
328 1739 518 1822 oppugnatio
556 1751 603 1805 est
637 1740 726 1804 haee.
786 1737 851 1802 Ubi
883 1737 1081 1800 circumiecta

129 1821 329 1885 multitudine
362 1821 523 1888 hominum
557 1828 630 1890 totis
669 1824 834 1889 moenibus
872 1822 1010 1907 undique
1049 1820 1082 1884 in

131 1927 255 1976 murum
277 1906 398 1992 lapides
419 1909 481 1971 iaci
503 1912 606 1996 coepti
639 1921 712 1974 sunt
745 1931 917 1993 murusque
940 1906 1081 1971 defenso·

130 1992 219 2057 ribus
241 1992 377 2056 nudatus
400 2005 457 2074 est,
480 1996 638 2059 testudine
666 1998 750 2059 iacta
770 2003 879 2080 portas
910 1992 1082 2056 succedunt

131 2100 318 2163 murumque
347 2078 508 2144 subruunt.
544 2081 637 2160 Quod
659 2091 726 2144 tum
747 2080 841 2144 facile
862 2078 967 2143 fiebat.
1000 2077 1082 2140 Nam

132 2185 229 2250 quum
250 2172 336 2226 tanta
357 2163 521 2230 multitudo
543 2166 666 2252 lapides
688 2189 725 2230 ao
746 2165 810 2232 tela
829 2166 1028 2245 conficerent,
1050 2163 1082 2224 in

130 2271 221 2313 muro
244 2250 436 2312 consistendi
461 2261 601 2336 potestas
631 2261 699 2315 erat
726 2251 814 2314 nulli.
861 2249 966 2328 Quum
988 2249 1082 2317 finem

133 2333 337 2418 oppugnandi
357 2356 423 2397 nox
443 2336 579 2418 fecisset,
601 2337 703 2401 locius
726 2337 853 2418 Remus,
888 2357 1008 2398 summa
1028 2351 1083 2397 no-

132 2418 255 2483 bilitate
278 2429 309 2482 et
330 2422 431 2504 gratia
462 2424 656 2504 intersum,
708 2423 828 2486 uitam
861 2421 975 2506 oppido
995 2441 1083 2505 prae·

132 2503 244 2586 fuerat,
267 2527 348 2568 unus
371 2527 411 2568 ex
431 2507 480 2588 iis,
504 2509 558 2595 qui
579 2508 675 2593 legati
687 2447 736 2572 (de
758 2529 836 2593 paee
858 2507 899 2570 ad
915 2505 1082 2570 Caesarem

133 2599 300 2670 venerant,
330 2593 474 2656 nuntium
501 2593 542 2656 ad
575 2616 647 2658 eum
672 2594 780 2657 mittit:
814 2594 875 2655 nisi
909 2591 1084 2656 subsidium

134 2674 195 2738 sibi
218 2675 427 2758 submittatur,
452 2701 521 2743 sese
544 2679 660 2742 diutius
683 2679 837 2742 sustinere
858 2700 922 2741 non
945 2699 1059 2762 possea

199 2762 228 2823 7.
259 2761 306 2824 Eo
335 2761 375 2825 de
405 2763 510 2832 media
537 2776 630 2828 noete
665 2763 783 2828 Caesar
811 2763 924 2826 iisdem
953 2762 1085 2826 ducibus

135 2868 219 2928 usus,
243 2848 297 2931 qui
318 2849 420 2910 nuntii
441 2849 481 2911 ab
504 2848 587 2913 lenio
603 2853 766 2930 venerant,
788 2849 940 2912 Numidas
965 2858 995 2912 et
1011 2845 1086 2910 Ore-

135 2940 182 2994 tas
205 2932 386 3016 sagittarios
410 2944 441 2995 et
461 2933 635 2998 funditores
657 2933 807 2998 Baleares
838 2933 977 2998 subsidio
998 2934 1087 3018 oppi-

137 3017 226 3080 danis
254 3018 361 3099 mittit3
396 3040 529 3102 quorum
558 3019 697 3083 adventu
729 3028 760 3082 et
790 3019 897 3082 Remis
931 3042 1002 3083 eum
1031 3041 1089 3102 spe

137 3101 325 3167 defensionis
349 3103 487 3167 studium
515 3104 735 3190 propugnandi
765 3106 912 3186 accessit,
941 3114 972 3167 et
993 3103 1089 3166 hosti-

135 3185 195 3250 bus
218 3187 329 3252 eadem
352 3189 391 3250 de
414 3211 510 3252 eausa
533 3189 770 3274 spospotiundi
797 3189 905 3275 oppidi
936 3189 1088 3254 discessit.

135 3271 244 3358 Itaque
266 3273 428 3358 paulisper
449 3274 534 3359 apud
556 3275 704 3360 oppidum
726 3278 838 3339 morati
861 3296 1014 3360 agrosque
1029 3275 1089 3337 Re·

136 3379 253 3423 morum
278 3358 461 3443 depopulati
483 3360 627 3424 omnibus
650 3359 980 3443 vicis-aediliciisque,
1011 3383 1089 3446 quos

137 3443 222 3508 adire
245 3452 421 3530 potuerant,
445 3446 584 3508 incensis
607 3447 647 3509 ad
663 3455 766 3508 eastra
782 3443 928 3507 Caesaris
945 3445 1090 3508 omnibus
