2562 3970
366 207 501 274 COMM.
524 209 556 272 II
579 205 671 273 CAP.
694 209 829 272 24-2u
1037 206 1078 270 63

120 390 153 446 et
183 390 351 466 paternum
379 378 549 464 hospitium
582 401 654 442 cum
685 379 836 463 Pompeio
871 388 903 444 et
921 379 1076 457 ,simultas
1131 387 1134 396 '

121 487 193 530 cum
208 463 344 529 Curione
358 463 582 546 intercedebat,
599 463 684 549 quod
697 463 841 528 tribunus
855 464 959 550 plebis
975 465 1079 550 legem

121 548 388 700 promulgaverat,
405 571 467 635 qua
487 547 559 634 lege
581 555 715 634 regnum
729 547 828 614 Iubae
850 549 1086 635 publicaverat„

151 644 324 700 oncurrunt
352 636 473 720 equites
502 635 585 698 inter
615 655 663 716 se3
696 655 801 719 neque
833 657 910 700 vero
942 637 1079 720 primum

122 723 273 806 impetum
299 729 478 784 nostrorum
509 718 666 782 Numidae
694 717 777 782 ferre
809 727 988 804 potuerunt,
1022 722 1079 786 sed

123 805 304 870 interfectis
313 805 437 868 circiter
450 811 522 866 CXX
532 803 648 889 reliqui
664 825 698 868 se
712 805 746 867 in
757 815 861 868 castra
876 804 918 867 ad
929 806 1079 890 oppidum

123 898 320 976 receperunt.
341 889 473 954 Interim
494 889 633 954 adventu
654 888 820 973 longarum
833 891 965 953 navium
980 889 1077 956 Ourio
1138 957 1142 965 ,

145 976 328 1040 renuntiare
351 976 502 1040 onerariis
523 972 659 1038 navibus
673 973 769 1056 iubet,
793 995 874 1060 quae
897 975 1024 1039 stabant
1040 975 1081 1038 ad

156 1063 250 1124 ticam
271 1081 402 1125 numero
424 1061 549 1124 circiter
566 1065 617 1140 CC,
646 1081 680 1122 se
694 1060 728 1123 in
743 1059 879 1124 hostiurn
900 1060 1081 1124 habiturum

122 1145 202 1228 loco,
226 1147 280 1231 qui
300 1167 365 1210 non
388 1146 562 1230 evestigio
593 1143 634 1208 ad
665 1154 769 1209 castra
798 1142 989 1208 Oomeliana
1010 1146 1082 1210 vela

123 1231 302 1295 direxisset.
326 1229 398 1310 Qua
418 1231 672 1316 pronuntiatione
694 1229 779 1294 facta
792 1231 943 1314 temporis
963 1241 1081 1316 puncto

123 1316 257 1381 sublatis
290 1318 413 1380 ancoris
443 1338 552 1381 omnes
585 1315 711 1380 Uticam
744 1314 927 1399 relinquunt
959 1325 992 1380 et
1019 1339 1081 1402 quo

122 1402 311 1488 imperatum
341 1411 389 1466 est
414 1408 587 1471 transeunt.
618 1398 707 1479 Quae
736 1423 789 1464 res
816 1401 955 1465 omnium
976 1423 1083 1468 rerum

79 1554 81 1558 ,
125 1489 216 1574 copia
237 1487 407 1572 complevit
429 1488 611 1552 exercitum.

187 1572 238 1636 26.
261 1573 321 1636 His
343 1571 439 1636 rebus
461 1573 559 1657 gestis
587 1570 698 1636 Curio,
714 1593 749 1635 se
777 1572 810 1634 in
832 1579 936 1634 castra
958 1571 999 1634 ad
1020 1571 1102 1634 Ba·-

124 1658 259 1744 gradam
279 1659 394 1743 recipit
415 1667 510 1744 atque
531 1657 672 1721 universi
701 1658 860 1727 exercitus
882 1656 1082 1720 conclamati-

10 1799 13 1804 .
124 1764 184 1808 one
213 1743 384 1829 imperator
411 1743 590 1829 appellatur
634 1751 801 1827 osteroque
824 1740 875 1805 die
908 1737 1109 1807 exercitum'

126 1827 251 1892 Uticam
267 1828 354 1893 ducit
368 1837 400 1893 et
413 1850 511 1915 prope
527 1765 677 1914 oppidum
691 1836 796 1892 castra
815 1831 913 1912 ponit.
936 1827 1084 1899 Nondum

125 1934 222 1999 opere
244 1923 422 1980 castrorum
447 1914 587 2064 plear-fecto
618 1915 740 2000 equites
770 1936 812 1977 ex
841 1914 975 1986 statione
1003 1935 1083 1977 nun·

124 1999 206 2064 siant
233 2021 350 2086 magna
377 2001 474 2064 auxi‘
522 2000 663 2085 equitum
693 1997 898 2084 peditumque
932 1998 973 2062 ab
1006 2021 1083 2084 rege

124 2085 223 2149 missa
243 2085 370 2150 Uticam
390 2087 516 2168 venire3
538 2085 713 2171 eodemque
734 2093 876 2170 tempore
897 2084 946 2148 vis
967 2106 1085 2170 magna

123 2170 266 2257 pulveris
299 2170 499 2253 cernebatur,
532 2181 564 2236 et
596 2171 731 2256 vestigio
763 2171 914 2256 temporis
946 2171 1084 2256 primum

10 2261 19 2278 '
125 2278 241 2342 agmen
268 2264 336 2322 erat
363 2258 397 2322 in
426 2265 608 2358 conspectu.
637 2255 784 2356 blovitate
812 2258 860 2320 rei
889 2254 986 2320 Curio
1012 2277 1083 2341 per·

124 2351 229 2407 motus
250 2343 425 2429 praemittit
445 2351 579 2429 equites,
607 2363 661 2428 qur
681 2342 818 2426 primum
843 2343 995 2426 impetum
1017 2363 1084 2405 sus·

125 2429 246 2493 tineant
266 2451 305 2494 ac
330 2436 509 2510 morentur3
531 2429 600 2513 ipse
612 2426 758 2491 celeriter
773 2426 813 2491 ab
830 2449 926 2512 opere
942 2426 1084 2491 deductis

125 2512 304 2598 legionibus
315 2517 416 2580 aciem
428 2513 604 2580 instruitEl
627 2514 770 2598 uitesque
786 2514 983 2576 committunt
991 2533 1083 2597 proc·
1165 2510 1169 2516 ’

126 2597 203 2662 lium
226 2609 265 2683 et,
287 2605 472 2689 priusquam
492 2599 588 2685 plane
606 2537 755 2684 legiones
783 2597 936 2683 explicari
959 2605 990 2662 et
1012 2620 1084 2662 con-

126 2685 238 2750 sistere
249 2696 387 2771 possent,
399 2695 467 2752 tota
474 2684 592 2750 auxilia
602 2685 688 2770 regis
699 2683 849 2769 impedita
859 2705 898 2746 ac
908 2682 1082 2769 pertubata,

149 2771 213 2834 uod
240 2770 327 2836 nullo
355 2772 467 2838 ordine
495 2779 527 2836 et
555 2770 623 2834 sine
651 2773 764 2834 timore
790 2769 852 2832 iter
878 2768 1028 2848 fecerant,
1050 2769 1083 2832 in
1181 2795 1185 2808 «

126 2791 234 2939 iugem
267 2858 439 2922 coniiciunt
471 2857 676 2942 equitatuque
708 2855 794 2919 omni
825 2853 893 2920 fere
924 2854 1082 2935 incolumi,

129 2941 212 3026 quod
245 2962 279 3006 se
315 2965 373 3028 per
404 2942 499 3008 litora
530 2939 676 3006 celeriter
706 2942 740 3004 in
776 2939 924 3024 oppidum
955 2939 1083 3024 recepit,

126 3047 276 3112 magnum
296 3027 438 3113 peditum
459 3048 626 3092 numerum
647 3025 848 3090 interficiunt.

191 3111 242 3176 27.
265 3113 414 3178 Proxima
433 3121 526 3180 nocte
554 3112 754 3176 centuriones
773 3109 872 3174 Marsi
894 3109 956 3174 duo
978 3129 1019 3172 ex
1034 3129 1084 3172 ca

127 3197 200 3262 stris
223 3197 369 3264 Curionis
382 3222 457 3264 cum
472 3196 720 3284 manipularibus
737 3196 801 3260 suis
816 3202 892 3257 XXll
907 3194 949 3258 ad
962 3193 1084 3257 Attium

127 3281 249 3348 Varum
274 3285 366 3370 perlu
390 3287 465 3352 'unt
498 3285 552 3366 Hi,
585 3285 653 3349 sive
681 3303 758 3347 vere
788 3303 882 3367 quam
906 3279 1093 3344 habuerant·

128 3368 308 3434 oinionem
341 3393 360 3435 a
412 3393 486 3436 cum
517 3370 688 3456 perferrmt,
722 3370 790 3432 sive
826 3367 922 3430 etiam
954 3364 1084 3428 auribus

159 3455 207 3518 ari
229 3457 371 3522 serviunt
398 3459 493 3539 (nam,
524 3477 605 3544 quae
632 3454 787 3534 volumus,
817 3461 848 3516 et
869 3450 1028 3516 credimus
1049 3448 1084 3514 lia
