2532 3968
149 242 152 250 ·
174 219 240 286 rot
432 219 494 286 DE
514 219 658 288 BELLO
682 219 873 288 GALLIOO

173 391 357 494 regionibus
379 400 464 471 erat,
498 392 574 455 satis
601 393 710 456 firmas
739 392 820 458 duas
848 391 991 479 legiones
1013 393 1132 461 habers

173 479 382 543 existimabat.
427 477 534 541 Titum
554 477 731 543 Labienum
757 477 798 542 ad
825 501 860 542 se
883 479 1132 566 evocat3legio·

172 583 246 628 nem
267 573 373 628 sutem
394 570 463 645 XV,
487 584 569 648 quae
591 585 663 627 cum
685 587 722 628 eo
744 565 847 628 firerat
867 565 900 628 in
921 565 1076 646 hibernis,
1098 567 1133 630 in

173 657 312 736 togatam
334 646 471 714 Galliam
493 650 587 712 mittit
613 648 655 712 ad
677 648 816 714 colonias
839 651 955 714 civium
977 651 1133 716 Romano·

172 755 243 799 rum
264 734 414 815 tuendos,
436 755 478 797 ne
499 733 584 819 quod
605 734 707 799 sinrile
726 735 959 799 incommodum
974 736 1134 802 accideret

173 819 360 884 decursione
380 819 608 900 barbarorum,
636 841 674 884 ae
702 822 863 905 superiore
878 831 1000 885 aestate
1014 821 1132 908 Terge-

173 905 263 970 stinis
279 903 448 986 acciderat,
472 906 526 991 qui
540 908 704 989 repentino
719 904 885 970 latrocinio
901 917 934 970 at
956 917 997 972 us
1011 908 1056 972 im
1078 917 1131 972 ctu

172 989 299 1055 illorum
314 1000 404 1055 erant
417 991 569 1075 oppressi.
593 990 666 1074 lpse
682 990 723 1054 ad
744 991 916 1058 vastandos
934 927 1131 1079 depopulan-

172 1074 292 1162 dosque
313 1078 400 1141 fines
416 1074 609 1160 Ambiorigis
631 1077 858 1161 proficiscitur3
895 1099 988 1162 quem
1011 1087 1131 1162 perter-
1156 1088 1158 1092 ’

173 1162 266 1226 rium
288 1184 326 1226 ac
350 1162 523 1247 lugientem
545 1183 639 1246 quum
662 1161 765 1248 redigi
786 1183 880 1247 posse
909 1163 943 1226 in
965 1185 1053 1228 suam
1075 1176 1131 1248 po-

172 1255 319 1330 testatem
340 1247 554 1333 desperasset,
577 1248 756 1330 proximum
778 1269 853 1312 suae
875 1247 1037 1332 dignitatis
1060 1265 1132 1312 esse

173 1331 324 1415 ducebat,
353 1333 433 1398 adeo
455 1332 535 1396 fines
558 1333 625 1395 eius
647 1341 773 1397 vastare
796 1331 933 1414 nivibus,
968 1333 1130 1416 aedificiis,

171 1439 304 1504 pecore,
337 1428 372 1483 ut
393 1418 465 1484 odio
488 1439 615 1481 suorum
636 1416 822 1500 Ambiorix,
857 1419 883 1482 si
906 1434 985 1504 quos
1007 1417 1133 1483 semona

171 1502 310 1590 reliquos
342 1505 485 1586 fecisset,
529 1502 650 1568 nullum
690 1503 826 1568 reditum
864 1513 995 1590 propter
1026 1512 1131 1568 tantas

173 1588 367 1655 calamitates
389 1590 521 1656 haberet
542 1589 576 1653 in
598 1589 770 1654 civitatem.

235 1669 286 1740 25.
309 1675 415 1756 Quum
435 1677 469 1740 in
492 1697 600 1740 omnes
622 1685 728 1761 partes
742 1677 853 1741 finium
868 1675 1063 1761 Ambiorigis
1079 1685 1133 1740 aut

170 1761 312 1848 legiones
335 1771 389 1826 aut
410 1759 528 1826 auxilia
549 1759 726 1826 dimisisset
736 1771 831 1849 atque
846 1763 954 1826 omnia
969 1761 1132 1844 caedibus,

170 1848 342 1930 incendiis,
362 1849 481 1934 rapinis
496 1855 667 1930 vastasset,
690 1870 806 1934 magno
821 1869 953 1914 nomem
968 1847 1131 1912 hominum

170 1935 333 2000 interfecto
354 1945 408 1998 aut
428 1941 520 2034 capto
535 1931 713 1997 Labienum
728 1957 799 1998 eum
815 1932 938 1999 duabus
952 1933 1132 2018 legionibus

171 2022 204 2083 in
233 2021 390 2086 Treveros
430 2020 538 2102 mittit5
577 2041 710 2104 quorum
747 2021 858 2084 civitas
892 2030 1024 2105 propter
1053 2019 1132 2084 Geo-

171 2107 295 2171 maniae
316 2107 511 2171 vicinitatem
530 2104 721 2191 quotidianis
745 2108 920 2170 exercitata
934 2105 1028 2170 bellis
1044 2103 1131 2168 cultu

171 2201 203 2257 et
222 2192 347 2257 feritate
368 2213 433 2257 non
454 2189 586 2255 multum
608 2211 628 2252 e
650 2189 817 2254 Germanis
840 2190 1006 2254 differebat
1026 2190 1131 2274 neque

170 2279 324 2365 imperata
344 2299 492 2379 umquam
515 2275 576 2338 nisi
603 2277 745 2340 exercitu
768 2286 877 2340 coacta
897 2275 1043 2340 faciebat.

233 2364 284 2428 26.
317 2365 447 2428 Interim
469 2362 568 2426 Gaius
592 2358 744 2425 Caninius
767 2360 907 2446 legatus,
954 2384 1032 2424 ‚uum
1063 2381 1130 2424 ma·

170 2471 263 2534 gnam
279 2449 511 2512 multitudinem
527 2449 713 2510 convenisse
728 2447 863 2512 hostium
883 2449 917 2510 in
931 2384 1011 2512 lines
1027 2447 1130 2511 Picto·

169 2557 245 2598 num
266 2535 377 2599 litteris
399 2535 581 2616 nuntiisque
603 2530 717 2596 Durati
738 2542 969 2617 cognosceret,
983 2535 1037 2619 qui
1058 2555 1130 2619 per-

169 2630 265 2706 petuo
287 2621 320 2682 in
342 2620 480 2683 amicitia
500 2626 661 2682 manserat
679 2617 908 2700 Romanorum,
936 2641 1033 2704 quum
1054 2640 1130 2703 pars

170 2705 325 2791 quaedam
347 2705 483 2769 civitatis
505 2708 572 2769 eius
597 2701 779 2785 deiecisset,
803 2703 845 2768 ad
859 2705 1009 2790 oppidum
1023 2705 1129 2768 Limo-

169 2812 242 2854 nem
264 2789 433 2856 contendit.
469 2789 539 2870 Quo
572 2795 669 2874 quum
690 2789 877 2876 adventaret
900 2801 994 2876 atque
1015 2813 1056 2854 ex
1077 2811 1128 2853 eae

191 2877 264 2940 tivis
287 2877 403 2940 certius
422 2883 627 2961 cognosceret
648 2874 753 2938 multis
776 2875 936 2940 homiuum
959 2875 1085 2940 milibus
1108 2896 1129 2938 a

169 2897 352 3043 lrumnoeo,
376 2961 455 3026 duos
471 2959 627 3041 Andium,
650 2959 819 3024 Duratium
837 2961 980 3026 clausum
994 2961 1128 3025 Limone

170 3047 345 3134 oppugnari
365 3065 469 3134 neque
490 3048 632 3112 infirmas
657 3044 800 3131 legiones
823 3046 965 3112 hostibus
988 3047 1128 3111 commit-

169 3142 239 3197 tere
259 3134 404 3214 auderet,
416 3142 533 3198 'castra
552 3131 659 3216 posuit
679 3130 748 3196 loco
770 3134 900 3196 munito.
926 3121 1127 3214 Dumnacus,

170 3239 267 3303 quum
300 3220 553 3306 appropinquare
593 3216 761 3280 Caninium
800 3225 982 3303 cognosset,
1028 3217 1128 3303 copiis

170 3301 314 3368 omuibus
342 3303 382 3368 ad
416 3303 557 3389 legiones
590 3304 753 3368 conversis
781 3315 886 3366 eastra
912 3303 1129 3368 Romanorum

168 3403 354 3476 oppugnare
375 3390 524 3454 instituit*
562 3387 672 3467 Quum¹
692 3386 871 3473 complures
893 3389 1009 3452 diesin
1030 3411 1128 3473 oppu-

169 3473 319 3557 gnatione
342 3477 591 3562 consumpsisset
611 3482 644 3538 et
657 3479 772 3560 magno
788 3495 915 3539 suorum
939 3473 1128 3538 detrimento
