2534 3970
156 225 193 286 12
406 223 466 286 DE
488 222 630 287 BELLO
654 221 844 288 GALLIOO

152 394 268 456 dictum
292 401 347 472 est,
378 395 481 478 posita
503 402 559 474 est,
581 415 645 458 non
666 393 759 457 modo
781 393 939 456 frumenta
960 395 993 456 in
1016 397 1102 478 agris

152 487 273 543 matura
293 501 357 542 non
379 487 478 560 erant,
503 478 613 543 sedne
628 478 737 563 pabuli
752 478 878 563 quidem
894 479 970 542 satis
985 499 1103 563 magna

152 565 243 648 copia
265 562 466 648 suppetebat:
490 585 528 628 eo
549 573 653 627 autem
674 563 844 645 frumento,
868 563 952 647 quod
973 562 1102 628 flumine

152 647 254 711 Arare
275 648 409 712 navibus
433 647 632 729 subvexerat,
688 657 833 732 ropterea
854 649 900 711 uti
921 649 1025 711 minus
1047 670 1100 733 po-

152 742 242 816 terat,
266 731 349 818 quod
369 734 429 797 iter
451 733 490 796 ab
506 733 607 797 Arare
621 669 762 797 Helvetii
783 742 968 812 averterant,
993 755 1012 795 a
1055 735 1100 796 ui-

153 818 211 883 bus
234 817 397 884 discedere
412 817 547 882 nolebat.
570 817 664 880 Diem
686 840 728 882 ex
750 817 801 882 die
823 817 938 882 ducere
961 756 1100 881 Haedui:

153 903 295 976 conferri,
320 904 522 988 comportari,
552 903 664 967 adesse
686 903 801 968 dicere.
837 903 902 967 Ubi
928 925 962 966 se
985 902 1101 966 diutius

153 989 226 1052 duci
247 987 403 1053 intellexit
426 998 456 1052 et
477 988 562 1052 diem
582 990 715 1071 instare,
749 1009 811 1073 quo
840 987 890 1052 die
912 988 1102 1077 frumentum

152 1073 302 1137 militibus
325 1075 428 1136 metiri
443 1081 610 1157 oporteret,
635 1074 815 1138 convocatis
832 1094 941 1137 eorum
954 1073 1102 1158 principi-

152 1157 226 1240 bus,
250 1180 382 1242 quorum
403 1179 549 1242 magnam
571 1159 693 1243 copiam
714 1160 747 1222 in
769 1161 879 1222 castris
900 1156 1046 1239 habebat,
1069 1159 1103 1221 in

152 1243 200 1306 his
222 1243 380 1308 Divitiaco
402 1252 433 1308 et
453 1243 556 1324 Lisco,
580 1245 634 1326 qui
656 1265 776 1308 summo
795 1243 991 1328 magistratui
1011 1264 1101 1327 prae-

153 1337 228 1410 erat,
246 1349 338 1414 quem
348 1328 570 1413 vergobretum
582 1328 743 1413 appellant
753 1327 888 1412 Haedui,
906 1329 960 1413 qui
975 1336 1101 1393 creatur

152 1435 273 1476 annuus
296 1421 328 1478 et
348 1415 432 1478 vitae
453 1414 602 1498 necisque
623 1413 657 1478 in
686 1435 759 1478 suos
787 1412 884 1477 habet
904 1421 1100 1498 potestatem,

151 1499 290 1582 graviter
312 1521 365 1563 eos
388 1507 523 1577 accusat,
554 1497 647 1583 quod,
671 1521 767 1583 quum
789 1520 892 1583 neque
914 1498 976 1560 emi
998 1518 1102 1582 neque

152 1604 193 1646 ex
215 1585 299 1668 agris
323 1585 404 1646 sumi
424 1592 546 1668 posset,
569 1592 634 1647 tam
655 1585 834 1647 necessario
856 1592 1013 1668 tempore,
1036 1592 1102 1646 tam

151 1670 336 1754 propinquis
358 1667 500 1734 hostibus
523 1667 564 1732 ab
585 1670 623 1732 iis
646 1690 710 1732 non
732 1667 931 1750 sublevetur,
960 1689 1101 1753 praeser-

151 1754 207 1816 tim
229 1776 325 1840 quum
346 1775 462 1840 magna
484 1761 634 1838 exparte
656 1775 765 1816 eorum
779 1753 926 1839 precibus
949 1752 1102 1816 adductus

152 1837 270 1902 bellum
304 1840 491 1923 susceperit3
524 1837 622 1902 multo
651 1839 747 1902 etiam
773 1841 916 1923 gravius,
950 1837 1035 1924 quod
1063 1839 1103 1900 sit

152 1921 326 2004 destitutus,
350 1925 497 2010 queritur.

217 2009 265 2072 17.
293 2009 374 2071 Tum
392 2009 518 2073 demum
532 2008 643 2073 Liscus
667 2011 808 2074 oratione
834 2008 979 2074 Caesaris
1005 2006 1102 2072 addu-

152 2102 230 2175 ctus,
253 2093 338 2178 quod
360 2103 452 2157 antea
465 2103 617 2176 tacuerat,
639 2095 800 2240 proponit:
823 2091 1102 2173 Esse'nonnullos,

152 2200 284 2264 quorum
312 2181 479 2244 auctoritas
513 2179 598 2264 apud
626 2179 753 2264 pebem
785 2179 954 2265 plurimum
985 2177 1100 2259 valeat,

152 2265 206 2349 qui
220 2265 366 2348 privatim
380 2264 451 2349 plus
466 2266 588 2349 possint
609 2287 702 2350 quam
723 2267 786 2350 ipsi
800 2265 1010 2348 magistratus.
1033 2263 1102 2327 Hos

152 2348 302 2413 seditiosa
329 2357 424 2433 atque
453 2349 597 2434 improba
626 2351 767 2414 oratione
794 2347 1026 2414 multitudinem
1048 2347 1100 2411 de-

150 2443 287 2516 terrere,
320 2457 361 2497 ne
389 2435 579 2498 frumentum
608 2431 787 2517 conferant,
821 2433 906 2520 quod
937 2442 1102 2518 praestare

152 2518 275 2600 debeat,
299 2521 326 2582 si
341 2520 404 2582 iam
419 2521 629 2605 principatum
645 2519 769 2584 Galliae
785 2519 926 2584 obtinere
948 2541 1011 2582 non
1032 2539 1102 2602 pos·

153 2606 224 2685 sint,
248 2603 414 2668 Gallorum
436 2627 530 2690 quem
554 2605 766 2670 Romanorum
787 2605 919 2688 imperia
947 2603 1102 2688 perferre,

151 2711 255 2775 neque
284 2689 428 2754 dubitare
455 2689 607 2772 debeant,
637 2691 728 2774 quin,
758 2691 785 2752 si
813 2689 977 2752 Helvetios
1007 2710 1044 2750 su
1068 2709 1099 2750 e·

150 2775 292 2838 raverint
313 2775 463 2856 Romani,
496 2797 561 2840 una
583 2798 655 2839 oum
683 2775 742 2838 reli
759 2797 805 2838 ua
833 2772 938 2838 Gallia
960 2711 1101 2836 Haeddis

151 2857 327 2924 libertatem
350 2861 412 2924 sint
440 2862 587 2946 erepturi.
620 2858 672 2946 Ab
695 2798 815 2923 eisdem
837 2869 945 2922 nostra
971 2857 1104 2922 consilis

152 2966 295 3030 quaeque
315 2947 349 3009 in
371 2948 482 3010 castris
505 2954 655 3030 gerantur
676 2943 818 3008 hostibus
843 2945 1016 3007 enuntiari:
1045 2943 1102 3007 hos

152 3051 228 3095 ase
250 3032 387 3095 coerceri
408 3053 473 3095 non
493 3052 596 3115 posse.
631 3029 849 3111 Quinetiam,
881 3028 965 3176 puod
994 3049 1102 3091 neces-

152 3116 235 3178 saria
248 3137 282 3179 re
308 3125 436 3180 coactus
460 3115 590 3180 Caesari
615 3116 793 3195 enuntiarit,
815 3116 881 3180 inte
909 3135 1002 3198 egere
1021 3133 1101 3192 sese,

151 3209 267 3284 quanto
289 3201 322 3264 id
344 3223 415 3264 oum
437 3201 577 3288 periculo
599 3201 725 3281 fecerit,
753 3209 786 3263 et
807 3199 847 3264 ob
870 3221 940 3264 eam
963 3219 1101 3278 causam,
1146 3240 1161 3258 .,

151 3307 245 3370 quam
267 3286 322 3349 diu
342 3287 487 3371 potuerit,
510 3287 656 3350 tacuisse.
1056 3337 1058 3339 -

216 3370 264 3434 18.
289 3370 407 3435 Caesar
428 3371 488 3435 hac
510 3373 650 3436 oratione
677 3370 763 3435 Lisci
784 3369 1022 3456 Dumnorigem,
1045 3369 1103 3432 Di·

150 3456 258 3520 vitiaci
279 3455 416 3538 fratrem,
440 3455 599 3542 designari
622 3456 788 3538 sentiebat,
812 3455 878 3533 sed,
902 3456 985 3538 quod
1006 3455 1103 3540 pluri-
