2538 3978
386 229 520 298 coun.
543 233 591 297 m
614 232 820 298 enar-a
1014 234 1082 299 u
1178 309 1186 323 ,

664 370 670 393 l

162 405 296 456 xandriam
314 404 429 454 venisset
447 411 473 454 et
491 406 562 470 regis
587 410 612 455 et
636 408 733 464 sororis
758 405 912 472 Cleopatrae
935 411 1084 458 controver-

164 475 215 524 sias
234 479 303 523 esset
321 475 517 538 compositurus,
537 473 660 527 tumultus
670 475 701 524 ab
716 474 818 525 Achilla
836 475 968 525 excitatur.
988 475 1084 528 Caesar

163 557 224 607 rege
243 543 339 605 potitur
363 557 384 590 c.
409 543 551 592 roe-159.
587 543 721 607 Pugnatur
748 543 781 593 ad
808 549 917 606 portum,
943 559 1023 594 naves
1051 545 1083 595 ab

164 611 276 660 Caesare
293 609 464 659 incenduntur
483 625 504 659 6.
525 611 581 659 110.
602 613 660 659 111.
682 612 795 662 Pharum
816 610 927 660 insulam
945 618 1083 676 expugnat,

163 680 259 744 regiam
278 678 461 728 munitionibus
479 677 569 730 firmat.
595 679 714 741 Arsinoe,
741 678 884 728 Ptolemaei
911 679 966 730 filia
991 683 1083 740 minor,

162 763 242 812 regno
261 747 374 810 potitura
391 747 424 796 ad
442 746 569 796 Achillam
589 747 704 813 confugit
722 764 743 797 c.
764 749 820 797 111.
832 747 912 797 'Haec
930 748 1003 798 initia
1021 749 1084 798 belli

161 814 337 864 Alexandrini.

530 924 680 934 ——-.—

194 1003 221 1064 1.
243 1000 409 1064 Dictatore
438 1000 573 1064 habente
607 1005 733 1066 comitia
766 1005 905 1067 Caesare
938 1003 1083 1068 consules

128 1095 274 1152 creantur
296 1085 394 1149 Iulius
419 1085 538 1150 Caesar
553 1096 584 1150 61
605 1087 640 1150 P.
664 1087 835 1152 Servilius:
859 1091 885 1151 is
909 1090 992 1152 enim
1015 1099 1084 1153 erat

128 1195 238 1254 annus,
262 1194 324 1256 quo
346 1194 404 1256 per
432 1171 518 1255 leges
546 1174 575 1236 ei
598 1173 759 1238 consulem
780 1173 850 1238 fieri
872 1173 989 1238 liceret.
1024 1175 1083 1238 His

126 1259 222 1322 rebus
245 1258 404 1339 confectio,
421 1280 517 1342 quum
539 1257 617 1321 fides
640 1268 706 1322 tota
719 1259 811 1322 Italia
826 1269 908 1322 66661
923 1262 1084 1344 angustior

127 1365 230 1429 neque
260 1343 397 1408 creditae
425 1344 578 1428 pecuniae
607 1343 820 1423 solverentur,
851 1347 1018 1428 constituit,
1049 1355 1084 1408 ut

128 1429 237 1494 arbitri
266 1429 429 1510 darentur3
459 1450 517 1512 per
540 1451 593 1492 eos
621 1429 735 1493 fierent
756 1430 990 1494 aestimationes
1012 1453 1082 1516 pos·
1169 1457 1170 1462 ¹

128 1516 304 1578 sessionum
334 1521 365 1577 et
396 1535 516 1594 rerum,
551 1516 660 1598 quanti
693 1537 836 1600 quaeque
869 1537 979 1578 earnm
1012 1525 1083 1579 ante
1112 1521 1118 1532 ‘

127 1599 244 1665 bellum
274 1599 398 1680 1116661,
426 1608 520 1682 atque
549 1597 608 1662 hae
638 1601 846 1664 creditoribus
875 1599 1083 1664 traderentur.

127 1685 199 1749 Hoc
226 1694 258 1749 61
284 1685 325 1749 ad
353 1686 497 1747 timorem
518 1705 672 1748 novarum
700 1685 878 1750 tabularum
911 1685 1084 1750 tollendum

127 1769 404 1855 minuendumque,
427 1770 481 1854 qui
499 1767 565 1832 fere
580 1769 665 1834 bella
687 1781 718 1834 61
740 1770 849 1835 civiles
872 1770 1083 1836 dissensiones

128 1857 219 1941 sequi
241 1857 412 1936 consuevit,
437 1863 467 1918 et
489 1855 530 1918 ad
552 1853 730 1920 debitorum
752 1856 902 1920 tuendam
925 1857 1083 1920 existima·

127 1942 245 2006 tionem
267 1963 336 2005 6666
358 1941 561 2024 *aptissimum
589 1943 787 2006 existimavit.
820 1940 962 2028 Itemque
994 1963 1099 2026 prae--

127 2026 248 2092 toribus
281 2027 476 2110 tribunisque
511 2025 614 2110 plebis
646 2029 828 2112 rogationes
861 2027 902 2090 ad
957 2026 1083 2112 epulum

127 2111 302 2177 ferentibus
324 2111 490 2174 nonnullos
513 2111 647 2176 ambitus
662 2113 813 2198 Pompeia
827 2111 898 2196 lege
920 2049 1083 2178 ddmnatcs

2 2263 15 2273 ,
109 2197 195 2263 11116·
213 2197 416 2282 temporibus,
448 2196 561 2282 quibus
583 2199 616 2260 in
645 2197 723 2260 urbe
744 2199 903 2282 praesidia
924 2197 1084 2282 legionum

127 2284 297 2367 Pompeius
324 2282 480 2346 habuerat
487 2331 495 2362 ,
520 2304 600 2367 quae
631 2283 749 2347 iudicia
781 2283 850 2346 aliis
884 2283 1083 2347 audientibus
1173 2279 1176 2288 ’

127 2369 293 2450 iudicibus
318 2367 388 2432 aliis
412 2369 598 2430 sententiam
619 2367 793 2432 ferentibus
816 2367 948 2452 singulis
971 2369 1082 2433 diebus

128 2464 217 2518 erant
237 2455 384 2540 perfecta,
408 2454 441 2515 in
462 2454 620 2536 integrum
634 2455 779 2536 restituit,
802 2453 856 2538 qui
878 2475 912 2516 se
933 2453 980 2517 illi
993 2454 1083 2518 initio

129 2539 230 2603 civilis
258 2539 336 2604 belli
362 2536 555 2621 obtulerant,
588 2539 619 2626 61
646 2561 703 2603 666
731 2561 827 2624 opera
854 2539 888 2602 in
920 2538 1004 2603 16116
1038 2541 1083 2603 611

127 2622 233 2706 vellet,
256 2625 387 2710 proinde
410 2625 587 2708 aestimans,
612 2647 649 2688 66
671 2625 698 2688 61
719 2647 795 2688 6666
818 2632 910 2706 esset,
934 2626 1083 2708 quoniam

129 2712 178 2774 sui
205 2712 353 2774 iecissent
381 2717 578 2795 potestatem.
608 2709 768 2774 Statuerat
797 2710 880 2774 enim
906 2711 993 2795 prius
1025 2709 1082 2774 hos

128 2795 243 2860 iudicio
272 2796 381 2881 populi
410 2793 526 2858 debere
555 2797 686 2877 restitui,
717 2817 812 2881 quam
841 2817 897 2859 666
926 2794 1082 2860 beneficio
1133 2807 1140 2814 ‘

127 2881 227 2945 videri
251 2891 405 2966 receptos,
435 2901 475 2942 ne
497 2889 551 2944 aut
577 2883 719 2966 ingratus
740 2882 774 2944 in
795 2879 961 2944 referenda
983 2881 1084 2964 gratia

128 2975 181 3114 aug
224 2989 376 3053 arrogans
429 2967 462 3030 in
508 2966 728 3052 praeripiendo
774 2965 883 3050 populi
928 2965 1082 3028 beneficio

126 3055 159 3115 vi
182 3062 293 3118 eretur.
854 3089 857 3094 ,

191 3139 221 3202 2.
244 3138 303 3201 His
325 3137 419 3202 rebus
436 3144 467 3202 et
480 3136 567 3202 feriis
589 3135 711 3201 Latinis
727 3137 920 3221 comitiisque
936 3134 1081 3199 omnibus

127 3223 325 3306 perficiendis
353 3231 390 3284 XI
420 3223 488 3288 dies
514 3221 624 3286 tribuit
650 3222 865 3306 dictaturaque
895 3241 929 3283 66
957 3219 1083 3284 abdicat

128 3315 160 3370 61
182 3307 222 3370 61
244 3307 322 3372 6116
342 3309 551 3394 proficiscitur
570 3308 835 3391 Brundisiumque
856 3305 1010 3391 pervenit.
1033 3305 1081 3370 Eo

127 3389 268 3476 legiones
290 3401 349 3475 ΧΗ,
374 3395 544 3480 equitatum
568 3416 691 3458 omnem
712 3395 821 3457 venire
843 3393 986 3454 16666161.
1017 3389 1082 3454 Sed

127 3484 248 3542 1661616
268 3480 397 3542 navium
419 3479 545 3565 reperit,
567 3489 603 3542 ut
624 3487 756 3566 anguste
771 3478 789 3517 ⁹⁵
804 3485 856 3540 XV
877 3475 964 3542 milia
986 3475 1081 3562 legio·
