2490 3974
436 242 579 306 CAPUT
603 243 736 306 19-22.
999 241 1058 306 ⁴251

5 449 8 476 t
92 414 176 496 sciti,
207 413 262 475 tali
289 414 405 478 virtrue
435 423 466 476 ct
497 415 675 478 constantia
700 413 860 502 [firturuurl
888 411 940 478 mc
965 415 998 476 in
1030 423 1061 478 te

91 497 287 584 praestabo,
304 497 426 562 Eodem
441 507 583 584 tempore
599 501 748 585 oppidani
770 499 874 584 legati,
900 501 953 584 qui
969 505 1061 562 antea

5 607 7 650 1
94 585 255 667 exierant,
280 582 449 648 Gaesarem
473 584 633 648 adierunt:
658 587 685 648 si
707 586 769 648 sibi
789 583 1061 648 viam‘coneede-

93 678 164 752 ret,
192 691 262 734 sese
291 670 359 732 inse
382 669 468 732 uenti
500 669 571 734 luce
605 670 757 754 oppidum·
787 693 859 734 esse
890 669 1060 732 dedituros.

5 783 7 820 z
95 751 226 832 Quibus
248 691 426 838 respondit:
450 777 484 818 se
507 753 678 818 Caesarem
701 777 771 819 esse
793 755 950 838 fidemque
973 776 1061 838 prse-

94 849 267 904 staturum.
290 841 339 902 Ita
354 850 427 903 ante
442 839 526 904 diem
548 847 594 903 III.
617 840 691 904 Kal.
706 841 799 904 Mart.
816 841 931 926 oppido
946 841 1061 924 potitus

94 925 274 1010 imperator
297 932 344 988 cst
366 925 551 1009 appellatus.
826 959 827 966 κ

165 1010 216 1073 20.
241 1007 335 1088 Quod
345 1009 524 1095 Pompeius,
539 1033 582 1076 ex
596 1011 736 1096 perfugis
752 1033 848 1096 quum
870 1008 1061 1074 deditionem

5 1127 7 1162 r
96 1095 211 1180 oppidi
232 1095 348 1158 factam
370 1117 440 1161 esse
463 1097 583 1177 scisset,
608 1107 712 1161 castre
727 1099 826 1160 movit
839 1095 976 1160 Ucubim
991 1116 1061 1158 ver·
1105 1173 1106 1177 Ἰ

5 1237 6 1250 ,
97 1203 155 1244 sus
179 1190 211 1244 et
233 1182 351 1244 circum
373 1201 412 1244 es
433 1179 504 1244 loca
526 1180 656 1246 castella
678 1181 832 1266 disposuit
854 1175 885 1245 et
917 1180 1061 1244 munitio·

5 1297 6 1334 I
96 1265 195 1330 nibus
211 1287 245 1329 se
260 1267 421 1330 continere
433 1268 545 1352 coepit,
558 1273 645 1330 etiam
660 1265 779 1331 Caesar
785 1266 883 1331 movit
893 1275 925 1329 et
932 1266 1061 1352 propius

99 1359 208 1416 castra
230 1352 341 1415 cestris
364 1351 505 1415 contulit.
526 1351 650 1416 Eodem
672 1361 814 1437 tempore
836 1373 930 1416 mane
952 1351 1062 1416 lorice-

5 1469 6 1504 t
98 1447 153 1501 tus
174 1458 257 1500 unus
280 1457 322 1500 cx
344 1435 470 1522 legione
490 1436 664 1501 vernacula
686 1438 727 1502 ad
748 1459 806 1501 nos
839 1437 1009 1521 transfugit
1030 1446 1063 1500 et

98 1523 258 1586 nuntiavit
279 1521 462 1607 Pompeium
479 1523 652 1608 oppidanos
667 1523 854 1588 Ucubenses
870 1536 1062 1588 convocasse

5 1673 6 1680 χ
100 1609 213 1694 eisque
234 1609 514 1708 itaimperavisse,
537 1621 572 1671 ut
594 1607 763 1710 diligentia,
780 1608 1058 1760 adhibitaaperqui-

100 1700 220 1775 retent,
244 1715 297 1778 qur
320 1701 426 1757 essent
448 1715 575 1758 suerum
596 1704 731 1778 partium
754 1705 893 1779 1temquc
957 1715 1062 1758 versa·

5 1835 6 1850 ,
101 1778 223 1844 riorum
244 1780 395 1843 victoriae
416 1778 566 1844 fautores.
589 1779 661 1843 Hoc
681 1782 852 1865 praeterito
874 1789 1016 1864 ternpore
1029 1779 1062 1842 in

103 1861 230 1949 oppido,
254 1863 339 1950 quod
360 1864 418 1927 fuit
441 1885 480 1928 ea
502 1873 577 1947 tum,
602 1887 713 1929 seruus
736 1874 784 1930 est
805 1887 939 1950 prensus
954 1867 988 1928 in
1009 1885 1062 1928 cu-

102 1945 218 2032 niculo,
242 1971 336 2034 quem
359 1971 457 2035 supra
479 1886 762 2014 demonstravimus
790 1951 952 2016 dominum
973 1951 1062 2034 iugu-

103 2032 203 2098 lasse:
240 2037 267 2098 is
288 2035 382 2098 vivus
416 2043 463 2098 est
495 2035 688 2100 combustus.
724 2035 877 2122 Idemque
912 2036 1061 2120 temporis

104 2120 305 2184 centuriones
327 2118 450 2184 loricati
473 2127 534 2184 VIII
557 2121 598 2186 ad
621 2120 794 2187 Gaesarem
825 2120 1063 2206 transfugerunt

104 2226 146 2268 ex
167 2203 292 2290 legione
314 2204 496 2288 vernacula,
530 2217 562 2270 ct
584 2208 705 2308 equites
734 2208 836 2271 nostri
858 2227 929 2270 curn
951 2205 1062 2271 adver·

104 2290 264 2354 sariorum·
279 2289 436 2376 equitibus
460 2313 623 2376 congressr
645 2301 727 2375 sunt,
761 2301 792 2356 et
815 2291 914 2357 saecli
946 2291 1063 2378 aliquot
1107 2305 1108 2310 ’

104 2375 286 2440 ceciderunt
322 2375 386 2440 levi
422 2387 590 2442 armatrrra.
637 2376 687 2441 Ea
721 2387 813 2442 nocte
850 2375 1062 2462 speculatores

104 2462 212 2546 prensi
235 2461 319 2524 servi
342 2468 377 2522 III
399 2470 431 2525 et
451 2483 533 2525 unus
556 2484 598 2526 ex
620 2462 745 2549 legione
767 2461 947 2528 vernacula.
971 2461 1062 2526 Servi

105 2547 229 2610 suntin
251 2553 378 2610 crucem
401 2545 524 2631 sublati,
547 2547 639 2612 militi
661 2551 800 2612 cervices
823 2547 977 2615 abscisae.
1051 2571 1055 2582 ‘

166 2631 371 2696 eurestein
405 2632 456 2696 dic
489 2634 612 2719 equites
645 2655 717 2696 cum
750 2633 814 2697 levi
840 2643 999 2698 armatura
1022 2655 1063 2696 ex

67 2787 68 2792 η
107 2715 356 2782 adversariorum
390 2718 502 2782 castris
524 2718 565 2782 ad
586 2741 644 2784 nos
666 2719 909 2804 transfirgenrnt.
953 2719 996 2782 Et
1024 2741 1062 2782 eo

106 2810 244 2885 tempore
266 2802 393 2866 circiter
414 2809 459 2864 XL
481 2806 604 2890 equites
628 2803 669 2868 ed
684 2814 851 2892 aquatores
866 2815 990 2869 nostros
1010 2825 1061 2868 ex-

109 2897 320 2968 cucurrerunt,
343 2887 509 2952 ncnnullos
531 2890 766 2972 interfecerunt,
788 2891 864 2954 item
879 2890 957 2954 alios
971 2892 1062 2954 viros

110 2968 321 3052 abduxerunt3
346 2975 499 3058 equibus
523 2975 607 3060 capti
630 2985 704 3038 sunt
726 2977 848 3060 equites
873 2983 942 3038 VIII.
975 2973 1062 3038 inse·

111 3056 213 3141 quenti
236 3055 287 3120 die
309 3055 479 3143 Pompeius
492 3061 595 3122 securi
607 3062 764 3144 percussit
775 3061 918 3124 homines
931 3067 1061 3141 LXXIIII,

5 3187 6 3206 1
112 3141 160 3241 qui
183 3140 371 3206 dicebantur
393 3165 463 3207 esse
486 3143 625 3208 fautores
649 3144 797 3210 Caesaris
818 3147 980 3224 victoriae,
1013 3167 1062 3208 re·

110 3225 211 3312 liquos·
229 3249 358 3291 versurn
381 3229 531 3314 oppidum
552 3231 643 3294 iussit
665 3230 795 3312 deduci3
819 3253 861 3294 ex
883 3229 996 3316 quibus
1019 3227 1062 3293 ef·

109 3311 251 3396 fugerunt
273 3318 346 3375 CXX
370 3323 402 3379 ct
424 3312 464 3378 ad
487 3313 659 3378 Caesarem
680 3324 844 3380 venerunt.

169 3398 219 3461 22.
242 3397 314 3461 Hoc
328 3401 499 3484 praeterito
514 3410 665 3485 tempore,
690 3403 744 3487 qui
758 3403 791 3464 in
807 3399 922 3501 oppido
935 3399 1062 3483 Ategua

112 3479 324 3548 Ursaonenses
358 3486 441 3570 capti
470 3495 559 3568 sunt,
597 3484 693 3570 legati
724 3484 859 3572 profecti
891 3494 964 3550 sunt
992 3491 1062 3548 euni
