2562 3966
157 182 220 274 iro
416 207 477 272 nn
499 207 644 274 smne
667 207 858 274 omnmo

154 387 156 394 ’
220 379 272 444 43.
296 378 416 446 Caesar
436 401 546 444 rursus
576 380 618 444 ad
637 379 802 444 vexandos
823 379 931 444 hostes
953 379 1115 466 profectus

154 487 271 551 magno
308 474 416 530 coacto
454 487 587 530 numero
621 488 662 530 ex
693 465 834 528 finitimis
868 465 1048 530 civitatibus
1081 467 1116 531 in

154 573 264 616 omnes
287 561 394 637 partes
416 549 552 614 dimittit.
576 549 696 616 Omnes
718 551 781 615 vici
802 560 834 615 at
855 573 895 615 ue
911 553 1016 616 omnia
1030 552 1115 616 aedi·

153 635 235 720 ficia,
253 659 333 723 quac
349 638 482 786 signisque
497 646 715 722 conspexerat,
740 573 1005 720 incendebantur,
1024 659 1116 722 prae·

153 721 197 786 da
219 725 368 787 exomni
391 744 428 785 us
451 721 530 787 locis
553 721 724 807 agebatur3
746 722 904 786 frumenta
924 743 989 786 non
1012 721 1115 786 solum

126 802 242 871 'tanta
262 807 462 872 multitudine
483 809 695 872 iumentorum
723 816 816 895 atque
849 807 1011 873 hominum
1040 815 1115 872 con·

153 892 367 976 sumebantur,
392 893 449 957 sed
471 895 565 957 etiam
586 893 661 958 anni
681 903 822 978 tempore
844 901 938 978 atque
959 891 1114 956 imbribus

152 977 396 1063 procubuerant,
419 988 462 1061 nt,
486 981 514 1042 si
537 981 592 1066 qui
613 980 709 1042 etiam
736 979 974 1063 inpraesentia
1006 1000 1041 1042 se
1064 1001 1114 1044 oc·

153 1062 335 1146 cultassent,
363 1073 471 1128 tamen
492 1064 541 1127 his
564 1064 699 1128 deducto
722 1065 866 1130 exercitu
887 1085 995 1128 rerum
1016 1067 1114 1130 omni-

152 1157 207 1212 um
228 1150 335 1234 mopia
356 1149 554 1235 pereundum
579 1149 752 1214 videretur.
796 1149 845 1213 Ac
867 1171 921 1213 sae
946 1171 963 1214 e
983 1150 1018 1213 in
1041 1172 1114 1215 eum

152 1232 258 1298 locum
272 1243 403 1300 ventum
419 1248 467 1300 est
481 1243 569 1298 tanto
591 1257 626 1298 1n
647 1256 758 1300 omnes
779 1243 887 1320 partes
934 1235 1012 1300 'viso
1027 1237 1114 1322 equi-

152 1327 227 1400 tatu,
251 1328 286 1383 ut
308 1320 400 1385 modo
422 1321 527 1384 visiun
548 1320 589 1384 ab
612 1343 647 1386 se
668 1319 886 1406 Ambiorigem
907 1322 941 1384 in
962 1320 1037 1405 fuga
1054 1322 1113 1384 cir·

152 1405 384 1490 cumspicerent
406 1406 524 1490 captivi
543 1427 604 1470 nec
624 1403 720 1491 plane
743 1408 837 1470 etiam
858 1404 962 1471 abisse
985 1428 1026 1472 ex
1041 1427 1114 1471 oon·

153 1499 264 1575 spectu
287 1491 570 1572 contenderent,ut
593 1514 649 1577 spe
672 1491 887 1578 consequendi
909 1491 997 1555 illata
1019 1500 1113 1579 atque

150 1575 273 1640 infinito
295 1575 405 1640 labore
428 1586 585 1662 suscepto,
609 1576 720 1664 quise
742 1598 897 1642 summam
918 1577 958 1641 ab
975 1575 1113 1642 Caesare

151 1662 287 1746 gratiam
307 1662 439 1728 inituros
461 1671 616 1747 putarent,
639 1685 742 1748 paene
763 1671 909 1726 naturam
928 1662 1030 1729 studio
1045 1665 1113 1728 vin-

151 1756 276 1829 cerent,
305 1769 492 1836 semperque
507 1749 648 1835 paulum
677 1749 718 1812 ad
746 1771 902 1813 summam
929 1748 1114 1816 felicitatem

150 1831 290 1896 defuisse
312 1832 484 1915 videretur,
508 1843 602 1921 atque
623 1833 679 1898 ille
700 1832 832 1900 latebris
853 1843 909 1898 aut
930 1833 1062 1900 saltibus
1078 1857 1113 1900 se

151 1919 288 2003 eriperet
310 1929 342 1982 et
362 1930 459 1984 noctu
481 1920 654 1985 occultatus
677 1919 756 1984 alias
777 1921 923 2005 regiones
942 1930 1113 2007 partesque

150 2013 273 2088 peteret
287 2026 352 2068 non
366 2007 485 2070 maiore
501 2008 642 2091 equitum
662 2005 822 2091 praesidio
845 2028 939 2093 quam
955 2017 1110 2094 quattuor,

149 2087 267 2174 ¹quibus
291 2089 366 2155 solis
389 2092 487 2155 vitam
510 2114 599 2155 suam
622 2091 818 2156 committere
841 2091 986 2157 audebat.

214 2175 266 2238 44.
290 2173 362 2239 Tali
383 2176 476 2240 modo
497 2178 629 2241 vastatis
643 2176 825 2260 regionibus
842 2180 1016 2242 exercitum
1032 2176 1112 2242 Cae·

148 2283 204 2326 sar
226 2261 359 2326 duarum
382 2261 556 2328 cohortium
585 2262 700 2326 damno
722 2263 972 2328 Durocortorum
997 2263 1111 2328 Remo·

148 2368 221 2411 rum
246 2347 370 2411 reducit
399 2345 594 2432 concilioque
622 2349 655 2410 in
682 2369 754 2410 eum
780 2346 884 2413 locum
911 2347 1037 2413 Galliae
1063 2350 1110 2412 in-

150 2431 235 2497 dicto
265 2432 305 2496 de
332 2433 546 2498 coniuratione
568 2431 729 2496 Senonum
766 2442 797 2496 et
820 2431 993 2498 Carnutum
1015 2456 1110 2520 quae·

151 2519 287 2582 stionem
308 2517 427 2582 habere
448 2517 580 2580 instituit
602 2525 633 2579 et
655 2516 695 2581 de
716 2517 859 2600 Accone,
884 2520 937 2607 qui
959 2521 1110 2606 princeps

150 2604 219 2667 eius
252 2603 375 2668 consilii
406 2602 522 2682 finerat,
556 2603 703 2686 graviore
732 2605 889 2668 sententia
933 2607 1112 2672 renuntiata

149 2709 238 2754 more
253 2689 405 2753 maiorum
420 2684 609 2773 supplicium
624 2691 766 2774 sumpsit.
788 2627 939 2755 Nonnulbi
959 2690 1112 2758 iudicium

148 2775 244 2840 veriti
270 2771 486 2858 profisgerunt‘.
531 2771 655 2852 Quibus
685 2796 781 2859 quum
809 2798 894 2862 aqua
923 2786 1017 2864 atque
1044 2780 1112 2864 igni

148 2858 381 2939 interdixisset,
415 2857 493 2922 duas
526 2856 667 2943 legiones
701 2860 742 2924 ad
773 2860 854 2926 fines
886 2861 1110 2948 Treverorum,

148 2943 229 3009 duas
258 2946 292 3007 in
313 2942 527 3028 Lingonibus,
551 2966 610 3008 sex
635 2944 773 3033 reliquas
799 2947 833 3010 in
856 2945 1020 3014 Senonum
1040 2948 1111 3014 fini·

148 3027 209 3094 bus
224 3029 361 3115 Agedici
373 3030 407 3092 in
421 3029 562 3096 hibernis
585 3029 750 3096 collocavit
778 3031 998 3121 frumentoque
1021 3056 1111 3100 exer·

150 3117 227 3178 citui
247 3117 385 3201 proviso,
408 3124 443 3178 ut
464 3117 650 3200 instituerat,
673 3119 707 3180 in
727 3117 852 3182 Italiam
871 3119 916 3185 ad
935 3130 1111 3186 conventus

144 3201 289 3285 agendos
311 3200 469 3286 profectus
492 3211 548 3266 est.

547 3410 730 3421 »m
