2538 3978
176 213 237 280 108
464 213 531 277 Du
546 211 691 278 BELLO
714 211 849 277 OIVILI

174 407 261 450 usus.
283 385 344 448 His
366 385 453 450 domi
474 383 515 449 ob
530 385 589 449 has
611 405 725 450 causas
746 382 957 469 amplissimos
972 384 1153 469 magistra·

127 479 132 488 '
173 482 224 535 tus
247 471 456 536 mandaverat
488 480 583 557 atque
610 491 664 534 eos
693 479 787 534 extra
813 469 958 534 ordinem
985 473 1018 534 in
1046 493 1149 533 sena-

173 570 241 620 tum
262 557 415 641 legendos
431 565 599 620 curaverat
618 577 775 642 agrosque
796 557 830 618 in
853 554 958 620 Gallia
980 579 1021 621 ex
1041 555 1149 620 bosti-

172 643 234 706 bus
256 653 365 727 captos
387 643 593 728 praemiaque
607 644 655 706 rei
676 643 880 726 pecuniariae
901 663 1018 726 magna
1039 641 1148 704 tribu-

174 738 243 792 erat
264 728 502 814 locupletesque
524 751 565 792 ex
587 727 755 811 egentibus
776 727 905 792 fecerat
941 727 984 792 Hi
1005 737 1147 813 propter

172 815 323 877 virtutem
344 836 409 878 non
432 813 533 878 solum
555 813 641 898 apud
656 811 827 880 Gaesarem
847 813 881 875 in
903 813 1022 877 honore
1037 822 1145 892 erant,
1252 837 1253 842 ¹

173 899 231 962 sed
267 901 363 963 etiam
400 899 485 984 apud
521 901 695 963 exercitum
732 901 800 964 cari
832 898 1047 982 habebuntur3
1080 897 1146 962 sed

143 1063 145 1072 J
172 985 244 1048 freti
265 984 404 1048 amicitia
426 984 574 1048 Caesaris
597 993 629 1048 et
654 983 750 1048 stulta
771 1005 810 1047 ac
831 983 969 1048 barbara
990 1006 1145 1070 arrogan-
1254 1027 1255 1034 κ

172 1071 218 1132 tia
245 1069 320 1133 elati
353 1070 572 1155 despiciebant
604 1091 677 1135 suos
711 1069 964 1155 stipendiumque
997 1072 1143 1156 equitum

173 1155 364 1219 fraudabant
394 1166 425 1218 et
453 1156 606 1242 praedam
633 1177 759 1220 omnem
790 1155 916 1218 domum
940 1156 1142 1220 avertebant.

175 1240 300 1319 Quibus
315 1241 363 1304 illi
377 1241 472 1306 rebus
487 1243 622 1328 permoti
640 1241 780 1304 universi
802 1239 975 1307 Caesarem
990 1241 1143 1305 adierunt

173 1325 342 1414 palamque
365 1327 404 1391 dc
425 1350 534 1392 eorum
555 1328 680 1390 iniuriis
702 1337 776 1390 sunt
797 1327 900 1412 questi
922 1336 953 1389 et
974 1327 1016 1391 ad
1030 1337 1142 1390 cetera

173 1411 365 1476 addiderunt
385 1412 501 1476 falsum
523 1411 565 1476 ab
585 1412 637 1476 his
658 1414 799 1498 equitum
820 1435 988 1476 numerum
1010 1412 1139 1494 deferri,

173 1513 308 1584 quorum
331 1499 532 1582 stipendium
545 1507 733 1561 averterent.

236 1583 286 1646 60.
312 1582 432 1646 Caesar
459 1605 564 1670 neque
591 1595 715 1668 tempus
742 1583 821 1646 illud
854 1583 1138 1648 animadversionis

173 1689 243 1732 esse
273 1671 459 1733 existimans
489 1680 520 1733 et
546 1669 646 1732 multa
673 1671 782 1733 virtuti
814 1691 923 1733 eorum
957 1669 1136 1734 concedens

172 1776 239 1818 rem
272 1764 371 1818 totam
404 1755 542 1838 distulit3
575 1755 646 1819 illos
681 1765 805 1818 secreto
841 1757 1022 1841 castigavit,
1052 1755 1138 1842 quod
1254 1807 1255 1826 t

172 1841 318 1925 quaestui
350 1842 472 1926 equites
505 1840 667 1914 haberent
704 1842 903 1926 monuitque,
937 1850 973 1904 ut
1005 1863 1045 1904 cx
1079 1863 1138 1904 sua

172 1926 311 1989 amicitia
339 1928 445 1990 omnia
473 1935 696 2011 exspectarent
729 1936 760 1990 et
789 1949 830 1990 ex
858 1928 1036 2012 praeteritis
1071 1929 1136 1990 suis

172 2011 284 2074 officiis
306 2011 429 2098 relique
458 2022 633 2097 sperarent.
667 2013 818 2096 Magnam
848 2021 954 2076 tamen
983 2011 1063 2076 haec
1083 2035 1136 2077 res

171 2095 235 2160 illis
258 2097 464 2161 offensionem
488 2108 520 2162 et
535 2100 801 2183 contemptionem
824 2097 864 2162 ad
887 2119 996 2162 omnes
1019 2097 1133 2181 attulit,

172 2181 268 2267 idque
289 2184 334 2245 ita
357 2205 428 2247 esse
450 2207 548 2270 quum
570 2205 612 2247 ex
634 2182 766 2248 aliorum
789 2183 1052 2248 obiectationibus
1068 2193 1135 2248 tum

172 2268 268 2331 etiam
290 2291 331 2332 ex
354 2268 526 2334 domestico
556 2269 672 2333 iudicio
701 2281 733 2333 at
755 2291 797 2334 ue
824 2271 920 2333 animi
942 2271 1135 2334 conscientia

170 2352 407 2440 intellegebant.
442 2355 513 2434 Quo
543 2355 664 2440 pudore
694 2293 821 2420 adducti
852 2365 884 2418 et
914 2355 1049 2420 fortasse
1071 2377 1133 2419 non

172 2461 207 2502 se
229 2438 368 2522 liberari,
398 2441 455 2504 sed
484 2443 517 2504 in
540 2439 626 2504 aliud
654 2451 778 2526 tempus
808 2442 968 2504 reservari
990 2441 1134 2506 arbitrati

171 2525 336 2590 discedere
366 2548 385 2588 a
413 2525 506 2590 nobis
536 2535 567 2589 et
595 2549 710 2590 novam
739 2535 861 2590 tentare
893 2527 1052 2592 fortunam
1079 2549 1132 2592 no·

170 2633 293 2696 vasque
330 2613 484 2676 amicitias
522 2614 661 2696 experiri
699 2614 939 2677 constituerunt.
984 2612 1027 2675 Et
1063 2635 1132 2678 cum

169 2693 280 2782 paucis¹
303 2697 451 2762 collocuti
467 2696 635 2761 clientibus
652 2700 727 2776 suis,
745 2698 860 2785 quibus
874 2707 995 2760 tautum
1011 2699 1131 2762 facinus

170 2784 367 2847 committere
382 2782 552 2865 audebant,
575 2785 707 2868 primum
725 2786 829 2848 conati
852 2793 925 2846 sunt
939 2785 1130 2869 praefectum

171 2869 313 2954 equitum
342 2867 377 2932 O.
408 2869 604 2933 Volusenum
635 2871 824 2952 interficere,
854 2878 890 2933 ut
917 2880 1028 2954 postea
1049 2868 1132 2934 bello

171 2954 315 3019 confecto
343 2956 504 3038 cognitum
532 2965 589 3036 est,
620 2967 654 3018 ut
682 2977 754 3018 oum
782 2977 912 3018 munere
935 2955 1041 3041 aliquo
1063 2977 1131 3040 per·

169 3037 288 3124 fugisse
317 3035 367 3104 ad'
386 3039 572 3127 Pompeium
600 3040 800 3121 viderentur3
826 3050 991 3126 postquam
1022 3041 1055 3104 id
1077 3040 1131 3104 dif-

169 3126 283 3190 ficilius
305 3128 408 3188 visum
432 3139 488 3208 est,
511 3149 615 3212 neque
636 3126 771 3190 facultas
792 3126 978 3211 perficiendi
1000 3125 1132 3191 dabatur

170 3233 264 3296 quam
286 3213 441 3276 maximas
470 3221 641 3296 potueruut
661 3213 812 3298 pecunius
835 3213 976 3296 mutuati,
1000 3211 1130 3296 proinde

170 3319 209 3360 ac
241 3300 306 3361 suis
340 3299 523 3362 satisfacere
557 3308 588 3362 et
619 3298 766 3370 fraudata
801 3301 969 3361 restituere
1002 3297 1128 3378 vellent,

170 3382 274 3446 multis
298 3387 449 3468 coemptis
471 3385 560 3469 equis
582 3383 623 3446 ad
645 3383 830 3468 Pompeium
852 3384 1045 3446 transierunt
1060 3405 1130 3447 cum

168 3467 218 3548 iis,
243 3489 322 3553 quos
345 3470 394 3533 sui
416 3469 540 3533 consilii
561 3471 731 3555 participes
754 3467 922 3533 habebant
