<?xml version="1.0" encoding="UTF-8"?>
<!DOCTYPE html PUBLIC "-//W3C//DTD XHTML 1.0 Transitional//EN"
    "http://www.w3.org/TR/xhtml1/DTD/xhtml1-transitional.dtd">
<html xmlns="http://www.w3.org/1999/xhtml" xml:lang="en" lang="en">
 <head>
  <title>
</title>
<meta http-equiv="Content-Type" content="text/html;charset=utf-8" />
  <meta name='ocr-system' content='tesseract 3.04.00' />
  <meta name='ocr-capabilities' content='ocr_page ocr_carea ocr_par ocr_line ocrx_word'/>
</head>
<body>
  <div class='ocr_page' id='page_1' title='image "./ciuliicaesarisc01hirtgoog_0257.png"; bbox 0 0 2532 3968; ppageno 0'>
   <div class='ocr_carea' id='block_1_1' title="bbox 193 213 794 284">
    <p class='ocr_par' dir='ltr' id='par_1_1' title="bbox 193 213 794 284">
     <span class='ocr_line' id='line_1_1' title="bbox 193 213 794 284; baseline -0.002 -1"><span class='ocrx_word' id='word_1_1' title='bbox 193 213 303 284; x_wconf 82' lang='lat' dir='ltr'>XVIII</span> <span class='ocrx_word' id='word_1_2' title='bbox 539 215 794 282; x_wconf 75' lang='lat' dir='ltr'>PRAEFATIO.</span> 
     </span>
    </p>
   </div>
   <div class='ocr_carea' id='block_1_2' title="bbox 190 393 1140 2044">
    <p class='ocr_par' dir='ltr' id='par_1_2' title="bbox 190 393 1140 2044">
     <span class='ocr_line' id='line_1_2' title="bbox 194 393 1140 468; baseline 0.004 -18"><span class='ocrx_word' id='word_1_3' title='bbox 194 396 241 452; x_wconf 78' lang='grc' dir='ltr'><strong>νει·</strong></span> <span class='ocrx_word' id='word_1_4' title='bbox 253 393 420 466; x_wconf 75' lang='lat' dir='ltr'><strong>familiaris</strong></span> <span class='ocrx_word' id='word_1_5' title='bbox 434 394 589 452; x_wconf 79' lang='lat' dir='ltr'><strong>commodo</strong></span> <span class='ocrx_word' id='word_1_6' title='bbox 603 393 815 466; x_wconf 73' lang='lat' dir='ltr'><strong>neoleoonda:</strong></span> <span class='ocrx_word' id='word_1_7' title='bbox 841 395 926 454; x_wconf 73' lang='lat' dir='ltr'><strong>vicos</strong></span> <span class='ocrx_word' id='word_1_8' title='bbox 950 401 1041 468; x_wconf 77' lang='lat' dir='ltr'><strong>etque</strong></span> <span class='ocrx_word' id='word_1_9' title='bbox 1055 395 1140 454; x_wconf 80' lang='lat' dir='ltr'><strong>oedi-</strong></span> 
     </span>
     <span class='ocr_line' id='line_1_3' title="bbox 190 479 1140 554; baseline 0 -16"><span class='ocrx_word' id='word_1_10' title='bbox 190 481 262 549; x_wconf 67' lang='grc' dir='ltr'><strong>ῥεῖα</strong></span> <span class='ocrx_word' id='word_1_11' title='bbox 278 480 401 536; x_wconf 77' lang='lat' dir='ltr'><strong>incendi</strong></span> <span class='ocrx_word' id='word_1_12' title='bbox 415 486 557 552; x_wconf 76' lang='lat' dir='ltr'><em>oportere</em></span> <span class='ocrx_word' id='word_1_13' title='bbox 578 479 637 538; x_wconf 82' lang='lat' dir='ltr'><strong>boo</strong></span> <span class='ocrx_word' id='word_1_14' title='bbox 647 481 748 552; x_wconf 72' lang='lat' dir='ltr'><strong>spolio</strong></span> <span class='ocrx_word' id='word_1_15' title='bbox 774 493 794 536; x_wconf 88' lang='lat' dir='ltr'><strong>o</strong></span> <span class='ocrx_word' id='word_1_16' title='bbox 808 479 865 539; x_wconf 88' lang='lat' dir='ltr'><strong>Bo</strong></span> <span class='ocrx_word' id='word_1_17' title='bbox 877 481 919 537; x_wconf 77' lang='lat' dir='ltr'><strong>io</strong></span> <span class='ocrx_word' id='word_1_18' title='bbox 935 495 1055 554; x_wconf 78' lang='lat' dir='ltr'><strong>quoquo</strong></span> <span class='ocrx_word' id='word_1_19' title='bbox 1071 495 1140 538; x_wconf 85' lang='lat' dir='ltr'><strong>ver·</strong></span> 
     </span>
     <span class='ocr_line' id='line_1_4' title="bbox 192 558 1139 642; baseline 0 -20"><span class='ocrx_word' id='word_1_20' title='bbox 192 580 256 635; x_wconf 79' lang='lat' dir='ltr'><strong>rae,</strong></span> <span class='ocrx_word' id='word_1_21' title='bbox 284 579 342 636; x_wconf 82' lang='lat' dir='ltr'><strong>quo</strong></span> <span class='ocrx_word' id='word_1_22' title='bbox 366 564 536 638; x_wconf 77' lang='lat' dir='ltr'><strong>pabulandi</strong></span> <span class='ocrx_word' id='word_1_23' title='bbox 549 564 750 624; x_wconf 81' lang='lat' dir='ltr'><strong>couroodr&#39;rc</strong></span> <span class='ocrx_word' id='word_1_24' title='bbox 760 579 857 642; x_wconf 76' lang='lat' dir='ltr'><strong>poseo</strong></span> <span class='ocrx_word' id='word_1_25' title='bbox 871 565 1040 624; x_wconf 77' lang='lat' dir='ltr'><strong>videantur.</strong></span> <span class='ocrx_word' id='word_1_26' title='bbox 1077 558 1139 623; x_wconf 82' lang='lat' dir='ltr'><strong>Ne·</strong></span> 
     </span>
     <span class='ocr_line' id='line_1_5' title="bbox 193 642 1139 729; baseline 0.004 -23"><span class='ocrx_word' id='word_1_27' title='bbox 193 664 254 728; x_wconf 87' lang='lat' dir='ltr'><strong>que</strong></span> <span class='ocrx_word' id='word_1_28' title='bbox 272 642 384 707; x_wconf 83' lang='lat' dir='ltr'>Boiam</span> <span class='ocrx_word' id='word_1_29' title='bbox 405 663 509 727; x_wconf 88' lang='lat' dir='ltr'><strong>neque</strong></span> <span class='ocrx_word' id='word_1_30' title='bbox 524 643 652 708; x_wconf 90' lang='lat' dir='ltr'><strong>omnino</strong></span> <span class='ocrx_word' id='word_1_31' title='bbox 674 652 795 706; x_wconf 87' lang='lat' dir='ltr'><strong>certam</strong></span> <span class='ocrx_word' id='word_1_32' title='bbox 816 643 954 729; x_wconf 83' lang='lat' dir='ltr'><strong>aliquam</strong></span> <span class='ocrx_word' id='word_1_33' title='bbox 976 645 1139 729; x_wconf 75' lang='lat' dir='ltr'><strong>reglonem</strong></span> 
     </span>
     <span class='ocr_line' id='line_1_6' title="bbox 192 729 1140 814; baseline 0.002 -22"><span class='ocrx_word' id='word_1_34' title='bbox 192 729 243 792; x_wconf 87' lang='lat' dir='ltr'><strong>hic</strong></span> <span class='ocrx_word' id='word_1_35' title='bbox 253 729 409 792; x_wconf 85' lang='lat' dir='ltr'><strong>nominari</strong></span> <span class='ocrx_word' id='word_1_36' title='bbox 424 747 517 812; x_wconf 79' lang='lat' dir='ltr'><strong>posse</strong></span> <span class='ocrx_word' id='word_1_37' title='bbox 527 737 613 792; x_wconf 85' lang='lat' dir='ltr'><strong>recte</strong></span> <span class='ocrx_word' id='word_1_38' title='bbox 637 729 798 792; x_wconf 77' lang='lat' dir='ltr'><strong>contendit</strong></span> <span class='ocrx_word' id='word_1_39' title='bbox 808 729 1029 814; x_wconf 86' lang='lat' dir='ltr'><strong>Nipperdeius,</strong></span> <span class='ocrx_word' id='word_1_40' title='bbox 1042 751 1140 813; x_wconf 82' lang='lat' dir='ltr'><strong>quere</strong></span> 
     </span>
     <span class='ocr_line' id='line_1_7' title="bbox 193 813 1139 900; baseline 0.001 -23"><span class='ocrx_word' id='word_1_41' title='bbox 193 813 388 897; x_wconf 75' lang='lat' dir='ltr'><strong>Scaligerum</strong></span> <span class='ocrx_word' id='word_1_42' title='bbox 405 823 531 876; x_wconf 87' lang='lat' dir='ltr'><strong>secutus</strong></span> <span class='ocrx_word' id='word_1_43' title='bbox 549 835 570 876; x_wconf 83' lang='lat' dir='ltr'><strong>o</strong></span> <span class='ocrx_word' id='word_1_44' title='bbox 581 819 660 878; x_wconf 82' lang='lat' dir='ltr'><strong>Boio</strong></span> <span class='ocrx_word' id='word_1_45' title='bbox 674 814 707 876; x_wconf 91' lang='lat' dir='ltr'><strong>in</strong></span> <span class='ocrx_word' id='word_1_46' title='bbox 719 816 808 878; x_wconf 88' lang='lat' dir='ltr'><strong>uncis</strong></span> <span class='ocrx_word' id='word_1_47' title='bbox 825 815 938 900; x_wconf 78' lang='lat' dir='ltr'><strong>posuit.</strong></span> <span class='ocrx_word' id='word_1_48' title='bbox 969 813 1139 878; x_wconf 82' lang='lat' dir='ltr'><strong>Schneide-</strong></span> 
     </span>
     <span class='ocr_line' id='line_1_8' title="bbox 191 897 1139 985; baseline 0 -23"><span class='ocrx_word' id='word_1_49' title='bbox 191 919 245 962; x_wconf 86' lang='lat' dir='ltr'><strong>rus</strong></span> <span class='ocrx_word' id='word_1_50' title='bbox 267 898 406 962; x_wconf 79' lang='lat' dir='ltr'><strong>defendit</strong></span> <span class='ocrx_word' id='word_1_51' title='bbox 425 897 550 983; x_wconf 91' lang='lat' dir='ltr'><strong>quidem</strong></span> <span class='ocrx_word' id='word_1_52' title='bbox 572 921 590 961; x_wconf 82' lang='lat' dir='ltr'><strong>a</strong></span> <span class='ocrx_word' id='word_1_53' title='bbox 612 905 701 980; x_wconf 75' lang='lat' dir='ltr'><strong>Boto,</strong></span> <span class='ocrx_word' id='word_1_54' title='bbox 725 899 782 962; x_wconf 87' lang='lat' dir='ltr'><strong>sed</strong></span> <span class='ocrx_word' id='word_1_55' title='bbox 801 897 937 985; x_wconf 86' lang='lat' dir='ltr'><strong>probare</strong></span> <span class='ocrx_word' id='word_1_56' title='bbox 951 919 1016 963; x_wconf 90' lang='lat' dir='ltr'><strong>non</strong></span> <span class='ocrx_word' id='word_1_57' title='bbox 1030 901 1139 984; x_wconf 89' lang='lat' dir='ltr'><strong>potuit.</strong></span> 
     </span>
     <span class='ocr_line' id='line_1_9' title="bbox 191 983 1140 1049; baseline 0 -1"><span class='ocrx_word' id='word_1_58' title='bbox 191 983 258 1048; x_wconf 87' lang='lat' dir='ltr'><strong>Nec</strong></span> <span class='ocrx_word' id='word_1_59' title='bbox 269 993 374 1048; x_wconf 87' lang='lat' dir='ltr'><strong>tamen</strong></span> <span class='ocrx_word' id='word_1_60' title='bbox 386 983 575 1047; x_wconf 81' lang='lat' dir='ltr'><strong>crediderim</strong></span> <span class='ocrx_word' id='word_1_61' title='bbox 585 983 685 1048; x_wconf 89' lang='lat' dir='ltr'><strong>verba</strong></span> <span class='ocrx_word' id='word_1_62' title='bbox 703 1006 722 1048; x_wconf 86' lang='lat' dir='ltr'><strong>o</strong></span> <span class='ocrx_word' id='word_1_63' title='bbox 736 989 816 1048; x_wconf 81' lang='lat' dir='ltr'><strong>Boio</strong></span> <span class='ocrx_word' id='word_1_64' title='bbox 842 986 925 1048; x_wconf 86' lang='lat' dir='ltr'><strong>ascri</strong></span> <span class='ocrx_word' id='word_1_65' title='bbox 948 994 981 1049; x_wconf 85' lang='lat' dir='ltr'><strong>ta</strong></span> <span class='ocrx_word' id='word_1_66' title='bbox 995 984 1091 1048; x_wconf 87' lang='lat' dir='ltr'><strong>fuisse</strong></span> <span class='ocrx_word' id='word_1_67' title='bbox 1105 985 1140 1048; x_wconf 89' lang='lat' dir='ltr'><strong>in</strong></span> 
     </span>
     <span class='ocr_line' id='line_1_10' title="bbox 193 1008 1139 1154; baseline 0.003 -23"><span class='ocrx_word' id='word_1_68' title='bbox 193 1070 336 1154; x_wconf 78' lang='lat' dir='ltr'><strong>margine</strong></span> <span class='ocrx_word' id='word_1_69' title='bbox 364 1069 404 1132; x_wconf 90' lang='lat' dir='ltr'><strong>ab</strong></span> <span class='ocrx_word' id='word_1_70' title='bbox 433 1068 578 1150; x_wconf 87' lang='lat' dir='ltr'><strong>librario,</strong></span> <span class='ocrx_word' id='word_1_71' title='bbox 609 1091 671 1154; x_wconf 90' lang='lat' dir='ltr'><strong>quo</strong></span> <span class='ocrx_word' id='word_1_72' title='bbox 703 1070 881 1132; x_wconf 76' lang='lat' dir='ltr'><strong>accuratius</strong></span> <span class='ocrx_word' id='word_1_73' title='bbox 910 1008 990 1133; x_wconf 79' lang='lat' dir='ltr'><strong>ilud</strong></span> <span class='ocrx_word' id='word_1_74' title='bbox 1020 1090 1139 1148; x_wconf 79' lang='lat' dir='ltr'><strong>quoquo</strong></span> 
     </span>
     <span class='ocr_line' id='line_1_11' title="bbox 192 1153 1139 1234; baseline 0 -16"><span class='ocrx_word' id='word_1_75' title='bbox 192 1177 300 1218; x_wconf 81' lang='lat' dir='ltr'><strong>versor</strong></span> <span class='ocrx_word' id='word_1_76' title='bbox 315 1153 513 1234; x_wconf 71' lang='lat' dir='ltr'><strong>definiretur,</strong></span> <span class='ocrx_word' id='word_1_77' title='bbox 530 1155 587 1216; x_wconf 83' lang='lat' dir='ltr'><strong>vix</strong></span> <span class='ocrx_word' id='word_1_78' title='bbox 602 1153 776 1218; x_wconf 86' lang='lat' dir='ltr'><strong>enirnundc</strong></span> <span class='ocrx_word' id='word_1_79' title='bbox 788 1153 942 1218; x_wconf 89' lang='lat' dir='ltr'><strong>librorum</strong></span> <span class='ocrx_word' id='word_1_80' title='bbox 958 1155 1062 1218; x_wconf 80' lang='lat' dir='ltr'><strong>diacre</strong></span> <span class='ocrx_word' id='word_1_81' title='bbox 1085 1175 1139 1218; x_wconf 87' lang='lat' dir='ltr'><strong>an·</strong></span> 
     </span>
     <span class='ocr_line' id='line_1_12' title="bbox 191 1175 1139 1324; baseline 0 -22"><span class='ocrx_word' id='word_1_82' title='bbox 191 1240 255 1302; x_wconf 86' lang='lat' dir='ltr'><strong>tiae</strong></span> <span class='ocrx_word' id='word_1_83' title='bbox 270 1241 446 1303; x_wconf 81' lang='lat' dir='ltr'><strong>exstiterint</strong></span> <span class='ocrx_word' id='word_1_84' title='bbox 459 1241 494 1302; x_wconf 90' lang='lat' dir='ltr'><strong>in</strong></span> <span class='ocrx_word' id='word_1_85' title='bbox 509 1242 635 1303; x_wconf 88' lang='lat' dir='ltr'><strong>nomine</strong></span> <span class='ocrx_word' id='word_1_86' title='bbox 649 1250 713 1302; x_wconf 83' lang='lat' dir='ltr'><strong>tarn</strong></span> <span class='ocrx_word' id='word_1_87' title='bbox 728 1240 810 1321; x_wconf 89' lang='lat' dir='ltr'><strong>trito,</strong></span> <span class='ocrx_word' id='word_1_88' title='bbox 827 1239 1043 1324; x_wconf 85' lang='lat' dir='ltr'><strong>dispiceretur.</strong></span> <span class='ocrx_word' id='word_1_89' title='bbox 1058 1175 1139 1302; x_wconf 78' lang='lat' dir='ltr'><strong>llam</strong></span> 
     </span>
     <span class='ocr_line' id='line_1_13' title="bbox 193 1321 1139 1428; baseline 0 -24"><span class='ocrx_word' id='word_1_90' title='bbox 193 1341 318 1406; x_wconf 86' lang='lat' dir='ltr'><strong>codices</strong></span> <span class='ocrx_word' id='word_1_91' title='bbox 347 1329 403 1404; x_wconf 86' lang='lat' dir='ltr'><strong>alii</strong></span> <span class='ocrx_word' id='word_1_92' title='bbox 427 1349 464 1406; x_wconf 83' lang='lat' dir='ltr'><strong>ab</strong></span> <span class='ocrx_word' id='word_1_93' title='bbox 487 1321 536 1408; x_wconf 44' lang='lat' dir='ltr'><strong>oio</strong></span> <span class='ocrx_word' id='word_1_94' title='bbox 549 1341 603 1428; x_wconf 89' lang='lat'><strong>(=</strong></span> <span class='ocrx_word' id='word_1_95' title='bbox 620 1342 743 1428; x_wconf 71' lang='lat' dir='ltr'><strong>omnio),</strong></span> <span class='ocrx_word' id='word_1_96' title='bbox 760 1341 814 1404; x_wconf 90' lang='lat' dir='ltr'><strong>alii</strong></span> <span class='ocrx_word' id='word_1_97' title='bbox 829 1348 866 1406; x_wconf 83' lang='lat' dir='ltr'><strong>ob</strong></span> <span class='ocrx_word' id='word_1_98' title='bbox 882 1349 942 1424; x_wconf 85' lang='lat' dir='ltr'><strong>oio,</strong></span> <span class='ocrx_word' id='word_1_99' title='bbox 957 1339 1012 1405; x_wconf 91' lang='lat' dir='ltr'><strong>alii</strong></span> <span class='ocrx_word' id='word_1_100' title='bbox 1027 1347 1066 1405; x_wconf 83' lang='lat' dir='ltr'><strong>ob</strong></span> <span class='ocrx_word' id='word_1_101' title='bbox 1082 1362 1139 1406; x_wconf 87' lang='lat' dir='ltr'><strong>oro</strong></span> 
     </span>
     <span class='ocr_line' id='line_1_14' title="bbox 192 1425 1139 1512; baseline 0.001 -23"><span class='ocrx_word' id='word_1_102' title='bbox 192 1426 244 1489; x_wconf 84' lang='lat' dir='ltr'><strong>vel</strong></span> <span class='ocrx_word' id='word_1_103' title='bbox 263 1426 326 1491; x_wconf 87' lang='lat' dir='ltr'><strong>tale</strong></span> <span class='ocrx_word' id='word_1_104' title='bbox 346 1426 421 1512; x_wconf 89' lang='lat' dir='ltr'><strong>quid</strong></span> <span class='ocrx_word' id='word_1_105' title='bbox 436 1427 564 1509; x_wconf 89' lang='lat' dir='ltr'><strong>habent,</strong></span> <span class='ocrx_word' id='word_1_106' title='bbox 589 1427 633 1490; x_wconf 87' lang='lat' dir='ltr'><strong>ita</strong></span> <span class='ocrx_word' id='word_1_107' title='bbox 647 1435 682 1490; x_wconf 89' lang='lat' dir='ltr'><strong>ut</strong></span> <span class='ocrx_word' id='word_1_108' title='bbox 702 1426 799 1490; x_wconf 89' lang='lat' dir='ltr'><strong>multo</strong></span> <span class='ocrx_word' id='word_1_109' title='bbox 814 1427 1017 1490; x_wconf 89' lang='lat' dir='ltr'><strong>verisimilius</strong></span> <span class='ocrx_word' id='word_1_110' title='bbox 1032 1425 1139 1492; x_wconf 83' lang='lat' dir='ltr'><strong>videa·</strong></span> 
     </span>
     <span class='ocr_line' id='line_1_15' title="bbox 192 1509 1139 1596; baseline 0.001 -21"><span class='ocrx_word' id='word_1_111' title='bbox 192 1523 241 1575; x_wconf 85' lang='lat' dir='ltr'><strong>tur</strong></span> <span class='ocrx_word' id='word_1_112' title='bbox 257 1535 275 1576; x_wconf 82' lang='lat' dir='ltr'><strong>a</strong></span> <span class='ocrx_word' id='word_1_113' title='bbox 298 1519 377 1576; x_wconf 79' lang='lat' dir='ltr'><strong>Boio</strong></span> <span class='ocrx_word' id='word_1_114' title='bbox 392 1512 448 1576; x_wconf 90' lang='lat' dir='ltr'><strong>ubi</strong></span> <span class='ocrx_word' id='word_1_115' title='bbox 470 1521 583 1594; x_wconf 86' lang='lat' dir='ltr'><strong>exstat,</strong></span> <span class='ocrx_word' id='word_1_116' title='bbox 600 1509 825 1596; x_wconf 85' lang='lat' dir='ltr'><strong>(Schneiderus</strong></span> <span class='ocrx_word' id='word_1_117' title='bbox 841 1513 967 1576; x_wconf 87' lang='lat' dir='ltr'><strong>nonnisi</strong></span> <span class='ocrx_word' id='word_1_118' title='bbox 981 1514 1014 1576; x_wconf 90' lang='lat' dir='ltr'><strong>in</strong></span> <span class='ocrx_word' id='word_1_119' title='bbox 1030 1511 1139 1576; x_wconf 86' lang='lat' dir='ltr'><strong>codice</strong></span> 
     </span>
     <span class='ocr_line' id='line_1_16' title="bbox 192 1595 1139 1682; baseline -0.001 -21"><span class='ocrx_word' id='word_1_120' title='bbox 192 1597 433 1682; x_wconf 85' lang='lat' dir='ltr'><strong>Hamburgcnsi</strong></span> <span class='ocrx_word' id='word_1_121' title='bbox 461 1620 479 1661; x_wconf 85' lang='lat' dir='ltr'><strong>o</strong></span> <span class='ocrx_word' id='word_1_122' title='bbox 504 1606 582 1677; x_wconf 77' lang='lat' dir='ltr'><strong>hoyo</strong></span> <span class='ocrx_word' id='word_1_123' title='bbox 613 1598 763 1682; x_wconf 85' lang='lat' dir='ltr'><strong>scriptum</strong></span> <span class='ocrx_word' id='word_1_124' title='bbox 786 1619 856 1660; x_wconf 89' lang='lat' dir='ltr'><strong>esse</strong></span> <span class='ocrx_word' id='word_1_125' title='bbox 879 1597 988 1679; x_wconf 78' lang='lat' dir='ltr'><strong>reicrt3</strong></span> <span class='ocrx_word' id='word_1_126' title='bbox 1023 1595 1139 1682; x_wconf 86' lang='lat' dir='ltr'><strong>reliqui</strong></span> 
     </span>
     <span class='ocr_line' id='line_1_17' title="bbox 192 1681 1137 1769; baseline -0.002 -22"><span class='ocrx_word' id='word_1_127' title='bbox 192 1705 238 1763; x_wconf 90' lang='lat' dir='ltr'><strong>ea,</strong></span> <span class='ocrx_word' id='word_1_128' title='bbox 265 1704 347 1767; x_wconf 89' lang='lat' dir='ltr'><strong>quae</strong></span> <span class='ocrx_word' id='word_1_129' title='bbox 362 1684 478 1765; x_wconf 89' lang='lat' dir='ltr'><strong>monui,</strong></span> <span class='ocrx_word' id='word_1_130' title='bbox 502 1681 676 1769; x_wconf 86' lang='lat' dir='ltr'><strong>exhibent),</strong></span> <span class='ocrx_word' id='word_1_131' title='bbox 693 1682 911 1746; x_wconf 82' lang='lat' dir='ltr'><strong>emendatione</strong></span> <span class='ocrx_word' id='word_1_132' title='bbox 928 1705 999 1746; x_wconf 89' lang='lat' dir='ltr'><strong>esse</strong></span> <span class='ocrx_word' id='word_1_133' title='bbox 1020 1691 1137 1745; x_wconf 90' lang='lat' dir='ltr'><strong>natum.</strong></span> 
     </span>
     <span class='ocr_line' id='line_1_18' title="bbox 191 1767 1137 1854; baseline -0.001 -23"><span class='ocrx_word' id='word_1_134' title='bbox 191 1768 304 1854; x_wconf 88' lang='lat' dir='ltr'><strong>Itaque</strong></span> <span class='ocrx_word' id='word_1_135' title='bbox 320 1770 463 1852; x_wconf 87' lang='lat' dir='ltr'><strong>suspicor</strong></span> <span class='ocrx_word' id='word_1_136' title='bbox 485 1770 635 1853; x_wconf 80' lang='lat' dir='ltr'><strong>scriptum</strong></span> <span class='ocrx_word' id='word_1_137' title='bbox 654 1767 770 1831; x_wconf 81' lang='lat' dir='ltr'><strong>firisse:</strong></span> <span class='ocrx_word' id='word_1_138' title='bbox 795 1776 880 1833; x_wconf 78' lang='lat' dir='ltr'><strong>vicos</strong></span> <span class='ocrx_word' id='word_1_139' title='bbox 894 1781 983 1846; x_wconf 80' lang='lat' dir='ltr'><strong>etque</strong></span> <span class='ocrx_word' id='word_1_140' title='bbox 995 1773 1137 1844; x_wconf 78' lang='lat' dir='ltr'><strong>aedificio</strong></span> 
     </span>
     <span class='ocr_line' id='line_1_19' title="bbox 192 1853 1137 1933; baseline -0.001 -16"><span class='ocrx_word' id='word_1_141' title='bbox 192 1861 314 1918; x_wconf 72' lang='lat' dir='ltr'><strong>incendi</strong></span> <span class='ocrx_word' id='word_1_142' title='bbox 342 1865 484 1933; x_wconf 78' lang='lat' dir='ltr'><strong>oportere</strong></span> <span class='ocrx_word' id='word_1_143' title='bbox 513 1861 572 1918; x_wconf 78' lang='lat' dir='ltr'><strong>toc</strong></span> <span class='ocrx_word' id='word_1_144' title='bbox 604 1861 705 1932; x_wconf 76' lang='lat' dir='ltr'><strong>spolio</strong></span> <span class='ocrx_word' id='word_1_145' title='bbox 743 1860 786 1917; x_wconf 80' lang='lat' dir='ltr'><strong>ab</strong></span> <span class='ocrx_word' id='word_1_146' title='bbox 815 1861 883 1918; x_wconf 81' lang='lat' dir='ltr'><strong>imo</strong></span> <span class='ocrx_word' id='word_1_147' title='bbox 915 1862 1037 1918; x_wconf 82' lang='lat' dir='ltr'><strong>omnia</strong></span> <span class='ocrx_word' id='word_1_148' title='bbox 1065 1853 1086 1916; x_wconf 87' lang='lat' dir='ltr'><strong>i.</strong></span> <span class='ocrx_word' id='word_1_149' title='bbox 1110 1874 1137 1916; x_wconf 88' lang='lat' dir='ltr'><strong>e.</strong></span> 
     </span>
     <span class='ocr_line' id='line_1_20' title="bbox 190 1937 1136 2044; baseline -0.002 -42"><span class='ocrx_word' id='word_1_150' title='bbox 190 1937 329 2003; x_wconf 89' lang='lat' dir='ltr'><strong>funditus</strong></span> <span class='ocrx_word' id='word_1_151' title='bbox 358 1959 428 2002; x_wconf 85' lang='lat' dir='ltr'><strong>esse</strong></span> <span class='ocrx_word' id='word_1_152' title='bbox 455 1937 606 2020; x_wconf 82' lang='lat' dir='ltr'><strong>delenda3</strong></span> <span class='ocrx_word' id='word_1_153' title='bbox 637 1948 668 2002; x_wconf 87' lang='lat' dir='ltr'><strong>ct</strong></span> <span class='ocrx_word' id='word_1_154' title='bbox 693 1947 792 2024; x_wconf 88' lang='lat' dir='ltr'><strong>patet,</strong></span> <span class='ocrx_word' id='word_1_155' title='bbox 822 1939 978 2044; x_wconf 57' lang='lat' dir='ltr'><strong>quomodo</strong></span> <span class='ocrx_word' id='word_1_156' title='bbox 1005 1959 1046 2004; x_wconf 85' lang='lat' dir='ltr'><strong>cx</strong></span> <span class='ocrx_word' id='word_1_157' title='bbox 1067 1959 1136 2002; x_wconf 88' lang='lat' dir='ltr'><strong>ver·</strong></span> 
     </span>
    </p>
   </div>
   <div class='ocr_carea' id='block_1_3' title="bbox 191 2030 1138 2189">
    <p class='ocr_par' dir='ltr' id='par_1_3' title="bbox 191 2030 1138 2189">
     <span class='ocr_line' id='line_1_21' title="bbox 191 2030 1138 2189; baseline 0 -85"><span class='ocrx_word' id='word_1_158' title='bbox 191 2041 240 2105; x_wconf 90' lang='lat' dir='ltr'><strong>bis</strong></span> <span class='ocrx_word' id='word_1_159' title='bbox 266 2063 326 2189; x_wconf 76' lang='lat' dir='ltr'><strong>per</strong></span> <span class='ocrx_word' id='word_1_160' title='bbox 362 2041 581 2142; x_wconf 71' lang='lat' dir='ltr'><strong>conpendium</strong></span> <span class='ocrx_word' id='word_1_161' title='bbox 609 2041 734 2126; x_wconf 86' lang='lat' dir='ltr'><strong>scriptis</strong></span> <span class='ocrx_word' id='word_1_162' title='bbox 764 2030 854 2106; x_wconf 66' lang='lat' dir='ltr'><strong>obeb</strong></span> <span class='ocrx_word' id='word_1_163' title='bbox 883 2045 933 2105; x_wconf 77' lang='lat' dir='ltr'><strong>oio</strong></span> <span class='ocrx_word' id='word_1_164' title='bbox 961 2041 1050 2104; x_wconf 87' lang='lat' dir='ltr'><strong>varia</strong></span> <span class='ocrx_word' id='word_1_165' title='bbox 1083 2039 1138 2104; x_wconf 81' lang='lat' dir='ltr'><strong>llla</strong></span> 
     </span>
    </p>
   </div>
   <div class='ocr_carea' id='block_1_4' title="bbox 191 2127 606 2212">
    <p class='ocr_par' dir='ltr' id='par_1_4' title="bbox 191 2127 606 2212">
     <span class='ocr_line' id='line_1_22' title="bbox 191 2127 606 2212; baseline -0.005 -22"><span class='ocrx_word' id='word_1_166' title='bbox 191 2149 263 2192; x_wconf 85' lang='lat' dir='ltr'><strong>men</strong></span> <span class='ocrx_word' id='word_1_167' title='bbox 289 2149 305 2189; x_wconf 85' lang='lat' dir='ltr'><strong>n</strong></span> <span class='ocrx_word' id='word_1_168' title='bbox 327 2147 416 2189; x_wconf 76' lang='lat' dir='ltr'><strong>nasci</strong></span> <span class='ocrx_word' id='word_1_169' title='bbox 436 2127 606 2212; x_wconf 79' lang='lat' dir='ltr'><strong>potuerint.</strong></span> 
     </span>
    </p>
   </div>
   <div class='ocr_carea' id='block_1_5' title="bbox 185 2244 1177 3504">
    <p class='ocr_par' dir='ltr' id='par_1_5' title="bbox 185 2244 1177 3504">
     <span class='ocr_line' id='line_1_23' title="bbox 255 2244 1138 2331; baseline 0 -23"><span class='ocrx_word' id='word_1_170' title='bbox 255 2245 290 2308; x_wconf 80' lang='grc' dir='ltr'><strong>Ο.</strong></span> <span class='ocrx_word' id='word_1_171' title='bbox 322 2245 361 2308; x_wconf 85' lang='grc'><strong>19</strong></span> <span class='ocrx_word' id='word_1_172' title='bbox 383 2245 461 2308; x_wconf 88' lang='lat' dir='ltr'><strong>haec</strong></span> <span class='ocrx_word' id='word_1_173' title='bbox 482 2246 515 2308; x_wconf 92' lang='lat' dir='ltr'><strong>in</strong></span> <span class='ocrx_word' id='word_1_174' title='bbox 537 2245 627 2308; x_wconf 84' lang='lat' dir='ltr'><strong>libris</strong></span> <span class='ocrx_word' id='word_1_175' title='bbox 648 2244 812 2331; x_wconf 85' lang='lat' dir='ltr'><strong>leguntur:</strong></span> <span class='ocrx_word' id='word_1_176' title='bbox 836 2251 927 2309; x_wconf 76' lang='lat' dir='ltr'><strong>Collis</strong></span> <span class='ocrx_word' id='word_1_177' title='bbox 949 2257 1015 2309; x_wconf 85' lang='lat' dir='ltr'><strong>crat</strong></span> <span class='ocrx_word' id='word_1_178' title='bbox 1030 2251 1138 2310; x_wconf 79' lang='lat' dir='ltr'><strong>leniter</strong></span> 
     </span>
     <span class='ocr_line' id='line_1_24' title="bbox 192 2336 1137 2411; baseline -0.003 -16"><span class='ocrx_word' id='word_1_179' title='bbox 192 2339 229 2395; x_wconf 83' lang='lat' dir='ltr'><strong>oo</strong></span> <span class='ocrx_word' id='word_1_180' title='bbox 258 2339 357 2407; x_wconf 76' lang='lat' dir='ltr'><strong>infimo</strong></span> <span class='ocrx_word' id='word_1_181' title='bbox 387 2338 522 2396; x_wconf 75' lang='lat' dir='ltr'><strong>acclivis.</strong></span> <span class='ocrx_word' id='word_1_182' title='bbox 553 2338 642 2397; x_wconf 84' lang='lat' dir='ltr'><strong>Hunc</strong></span> <span class='ocrx_word' id='word_1_183' title='bbox 679 2354 718 2395; x_wconf 85' lang='lat' dir='ltr'><strong>ex</strong></span> <span class='ocrx_word' id='word_1_184' title='bbox 747 2337 884 2396; x_wconf 77' lang='lat' dir='ltr'><strong>omnibns</strong></span> <span class='ocrx_word' id='word_1_185' title='bbox 902 2337 970 2409; x_wconf 86' lang='lat' dir='ltr'><strong>sero</strong></span> <span class='ocrx_word' id='word_1_186' title='bbox 994 2336 1137 2411; x_wconf 78' lang='lat' dir='ltr'><strong>portibus</strong></span> 
     </span>
     <span class='ocr_line' id='line_1_25' title="bbox 188 2421 1136 2497; baseline -0.003 -17"><span class='ocrx_word' id='word_1_187' title='bbox 188 2424 281 2497; x_wconf 79' lang='lat' dir='ltr'><strong>polos</strong></span> <span class='ocrx_word' id='word_1_188' title='bbox 302 2422 451 2495; x_wconf 76' lang='lat' dir='ltr'><strong>difficilis</strong></span> <span class='ocrx_word' id='word_1_189' title='bbox 478 2429 568 2495; x_wconf 77' lang='lat' dir='ltr'><strong>atque</strong></span> <span class='ocrx_word' id='word_1_190' title='bbox 604 2422 746 2496; x_wconf 75' lang='lat' dir='ltr'><strong>impedieo</strong></span> <span class='ocrx_word' id='word_1_191' title='bbox 779 2421 919 2493; x_wconf 75' lang='lat' dir='ltr'><strong>oinoebot</strong></span> <span class='ocrx_word' id='word_1_192' title='bbox 951 2436 1011 2478; x_wconf 83' lang='lat' dir='ltr'><strong>noo</strong></span> <span class='ocrx_word' id='word_1_193' title='bbox 1045 2422 1136 2478; x_wconf 77' lang='lat' dir='ltr'><strong>latior</strong></span> 
     </span>
     <span class='ocr_line' id='line_1_26' title="bbox 186 2507 1137 2582; baseline -0.003 -17"><span class='ocrx_word' id='word_1_194' title='bbox 186 2507 318 2582; x_wconf 81' lang='lat' dir='ltr'><strong>pedibus</strong></span> <span class='ocrx_word' id='word_1_195' title='bbox 349 2509 576 2581; x_wconf 68' lang='lat' dir='ltr'><strong>quinquaqinta.</strong></span> <span class='ocrx_word' id='word_1_196' title='bbox 605 2508 671 2567; x_wconf 86' lang='lat' dir='ltr'><strong>Hoc</strong></span> <span class='ocrx_word' id='word_1_197' title='bbox 699 2522 733 2564; x_wconf 79' lang='lat' dir='ltr'><strong>se</strong></span> <span class='ocrx_word' id='word_1_198' title='bbox 762 2508 838 2564; x_wconf 78' lang='lat' dir='ltr'><strong>colle</strong></span> <span class='ocrx_word' id='word_1_199' title='bbox 864 2508 1048 2579; x_wconf 65' lang='lat' dir='ltr'><strong>interruptor</strong></span> <span class='ocrx_word' id='word_1_200' title='bbox 1057 2521 1137 2579; x_wconf 80' lang='lat' dir='ltr'><strong>poo-</strong></span> 
     </span>
     <span class='ocr_line' id='line_1_27' title="bbox 192 2590 1139 2662; baseline -0.001 -13"><span class='ocrx_word' id='word_1_201' title='bbox 192 2593 271 2650; x_wconf 80' lang='lat' dir='ltr'><strong>titos</strong></span> <span class='ocrx_word' id='word_1_202' title='bbox 282 2593 480 2662; x_wconf 80' lang='lat' dir='ltr'><strong>Gollifidooio</strong></span> <span class='ocrx_word' id='word_1_203' title='bbox 488 2594 549 2652; x_wconf 81' lang='lat' dir='ltr'><strong>loct</strong></span> <span class='ocrx_word' id='word_1_204' title='bbox 556 2592 745 2651; x_wconf 82' lang='lat' dir='ltr'><strong>continebant</strong></span> <span class='ocrx_word' id='word_1_205' title='bbox 752 2594 975 2662; x_wconf 74' lang='lat' dir='ltr'><strong>oeaeroo&#39;mqoc</strong></span> <span class='ocrx_word' id='word_1_206' title='bbox 984 2590 1139 2648; x_wconf 70' lang='lat' dir='ltr'><strong>distributi</strong></span> 
     </span>
     <span class='ocr_line' id='line_1_28' title="bbox 191 2676 1138 2751; baseline 0 -17"><span class='ocrx_word' id='word_1_207' title='bbox 191 2680 222 2734; x_wconf 79' lang='lat' dir='ltr'><strong>in</strong></span> <span class='ocrx_word' id='word_1_208' title='bbox 245 2679 381 2736; x_wconf 77' lang='lat' dir='ltr'><strong>civitatee</strong></span> <span class='ocrx_word' id='word_1_209' title='bbox 404 2681 501 2736; x_wconf 77' lang='lat' dir='ltr'><strong>omnio</strong></span> <span class='ocrx_word' id='word_1_210' title='bbox 529 2678 608 2735; x_wconf 80' lang='lat' dir='ltr'><strong>oudo</strong></span> <span class='ocrx_word' id='word_1_211' title='bbox 637 2691 680 2734; x_wconf 88' lang='lat' dir='ltr'><strong>oo</strong></span> <span class='ocrx_word' id='word_1_212' title='bbox 705 2677 832 2734; x_wconf 76' lang='lat' dir='ltr'><strong>saltos</strong></span> <span class='ocrx_word' id='word_1_213' title='bbox 859 2678 945 2734; x_wconf 79' lang='lat' dir='ltr'><strong>cios</strong></span> <span class='ocrx_word' id='word_1_214' title='bbox 969 2676 1138 2751; x_wconf 80' lang='lat' dir='ltr'><strong>paludis</strong></span> 
     </span>
     <span class='ocr_line' id='line_1_29' title="bbox 185 2753 1138 2840; baseline -0.006 -14"><span class='ocrx_word' id='word_1_215' title='bbox 185 2763 361 2826; x_wconf 74' lang='lat' dir='ltr'><strong>:obtinebant</strong></span> <span class='ocrx_word' id='word_1_216' title='bbox 376 2779 399 2821; x_wconf 89' lang='lat' dir='ltr'><strong>e.</strong></span> <span class='ocrx_word' id='word_1_217' title='bbox 418 2779 445 2835; x_wconf 78' lang='lat' dir='ltr'><strong>q.</strong></span> <span class='ocrx_word' id='word_1_218' title='bbox 461 2781 486 2820; x_wconf 86' lang='lat' dir='ltr'><strong>s.</strong></span> <span class='ocrx_word' id='word_1_219' title='bbox 508 2755 735 2838; x_wconf 79' lang='lat' dir='ltr'><strong>Excogitarunt</strong></span> <span class='ocrx_word' id='word_1_220' title='bbox 756 2755 882 2840; x_wconf 89' lang='lat' dir='ltr'><strong>quidem</strong></span> <span class='ocrx_word' id='word_1_221' title='bbox 898 2756 960 2818; x_wconf 86' lang='lat' dir='ltr'><strong>viri</strong></span> <span class='ocrx_word' id='word_1_222' title='bbox 982 2753 1066 2820; x_wconf 89' lang='lat' dir='ltr'><strong>docti</strong></span> <span class='ocrx_word' id='word_1_223' title='bbox 1080 2755 1138 2822; x_wconf 88' lang='lat' dir='ltr'><strong>has</strong></span> 
     </span>
     <span class='ocr_line' id='line_1_30' title="bbox 189 2838 1137 2927; baseline 0.001 -22"><span class='ocrx_word' id='word_1_224' title='bbox 189 2841 261 2905; x_wconf 88' lang='lat' dir='ltr'><strong>illas</strong></span> <span class='ocrx_word' id='word_1_225' title='bbox 280 2842 563 2927; x_wconf 82' lang='lat' dir='ltr'><strong>interpretationes,</strong></span> <span class='ocrx_word' id='word_1_226' title='bbox 583 2838 697 2916; x_wconf 77' lang='lat' dir='ltr'><strong>quibus</strong></span> <span class='ocrx_word' id='word_1_227' title='bbox 712 2847 809 2904; x_wconf 77' lang='lat' dir='ltr'><strong>soltus</strong></span> <span class='ocrx_word' id='word_1_228' title='bbox 816 2848 942 2922; x_wconf 76' lang='lat' dir='ltr'><strong>paludis</strong></span> <span class='ocrx_word' id='word_1_229' title='bbox 956 2842 1033 2906; x_wconf 89' lang='lat' dir='ltr'><strong>ferri</strong></span> <span class='ocrx_word' id='word_1_230' title='bbox 1043 2863 1137 2926; x_wconf 86' lang='lat' dir='ltr'><strong>posse</strong></span> 
     </span>
     <span class='ocr_line' id='line_1_31' title="bbox 188 2917 1137 3012; baseline -0.001 -21"><span class='ocrx_word' id='word_1_231' title='bbox 188 2927 374 3008; x_wconf 77' lang='lat' dir='ltr'><strong>probarent,</strong></span> <span class='ocrx_word' id='word_1_232' title='bbox 408 2925 465 2990; x_wconf 90' lang='lat' dir='ltr'><strong>sed</strong></span> <span class='ocrx_word' id='word_1_233' title='bbox 497 2947 568 2992; x_wconf 86' lang='lat' dir='ltr'><strong>cum</strong></span> <span class='ocrx_word' id='word_1_234' title='bbox 592 2917 791 3009; x_wconf 61' lang='lat' dir='ltr'><strong>&#39;Nipperdeio</strong></span> <span class='ocrx_word' id='word_1_235' title='bbox 803 2975 811 3007; x_wconf 93' lang='lat'><strong>,</strong></span> <span class='ocrx_word' id='word_1_236' title='bbox 851 2927 904 3012; x_wconf 93' lang='lat' dir='ltr'><strong>qui</strong></span> <span class='ocrx_word' id='word_1_237' title='bbox 943 2925 1137 3012; x_wconf 75' lang='lat' dir='ltr'><strong>corruptelae</strong></span> 
     </span>
     <span class='ocr_line' id='line_1_32' title="bbox 189 3009 1137 3098; baseline -0.002 -20"><span class='ocrx_word' id='word_1_238' title='bbox 189 3014 279 3098; x_wconf 88' lang='lat' dir='ltr'><strong>signo</strong></span> <span class='ocrx_word' id='word_1_239' title='bbox 302 3020 397 3078; x_wconf 79' lang='lat' dir='ltr'><strong>soltus</strong></span> <span class='ocrx_word' id='word_1_240' title='bbox 418 3011 546 3092; x_wconf 83' lang='lat' dir='ltr'><strong>notavit,</strong></span> <span class='ocrx_word' id='word_1_241' title='bbox 570 3009 659 3074; x_wconf 89' lang='lat' dir='ltr'><strong>libris</strong></span> <span class='ocrx_word' id='word_1_242' title='bbox 674 3011 769 3076; x_wconf 89' lang='lat' dir='ltr'><strong>fidem</strong></span> <span class='ocrx_word' id='word_1_243' title='bbox 790 3026 907 3098; x_wconf 86' lang='lat' dir='ltr'><strong>negare</strong></span> <span class='ocrx_word' id='word_1_244' title='bbox 930 3012 1021 3095; x_wconf 90' lang='lat' dir='ltr'><strong>malo,</strong></span> <span class='ocrx_word' id='word_1_245' title='bbox 1044 3034 1137 3098; x_wconf 87' lang='lat' dir='ltr'><strong>quam</strong></span> 
     </span>
     <span class='ocr_line' id='line_1_33' title="bbox 188 3094 1136 3182; baseline -0.003 -20"><span class='ocrx_word' id='word_1_246' title='bbox 188 3098 288 3162; x_wconf 83' lang='lat' dir='ltr'><strong>verba</strong></span> <span class='ocrx_word' id='word_1_247' title='bbox 309 3097 369 3162; x_wconf 90' lang='lat' dir='ltr'><strong>hoc</strong></span> <span class='ocrx_word' id='word_1_248' title='bbox 390 3095 483 3160; x_wconf 90' lang='lat' dir='ltr'><strong>modo</strong></span> <span class='ocrx_word' id='word_1_249' title='bbox 505 3118 525 3159; x_wconf 84' lang='lat' dir='ltr'><strong>a</strong></span> <span class='ocrx_word' id='word_1_250' title='bbox 547 3094 684 3161; x_wconf 81' lang='lat' dir='ltr'><strong>Caesare</strong></span> <span class='ocrx_word' id='word_1_251' title='bbox 699 3099 816 3182; x_wconf 84' lang='lat' dir='ltr'><strong>scripta</strong></span> <span class='ocrx_word' id='word_1_252' title='bbox 835 3120 905 3163; x_wconf 86' lang='lat' dir='ltr'><strong>esse</strong></span> <span class='ocrx_word' id='word_1_253' title='bbox 920 3109 1039 3182; x_wconf 84' lang='lat' dir='ltr'><strong>putare.</strong></span> <span class='ocrx_word' id='word_1_254' title='bbox 1062 3096 1136 3182; x_wconf 83' lang='lat' dir='ltr'><strong>Nip-</strong></span> 
     </span>
     <span class='ocr_line' id='line_1_34' title="bbox 189 3181 1135 3267; baseline -0.002 -19"><span class='ocrx_word' id='word_1_255' title='bbox 189 3183 336 3267; x_wconf 89' lang='lat' dir='ltr'><strong>perdeius</strong></span> <span class='ocrx_word' id='word_1_256' title='bbox 358 3181 437 3245; x_wconf 93' lang='lat' dir='ltr'><strong>illud</strong></span> <span class='ocrx_word' id='word_1_257' title='bbox 458 3182 543 3267; x_wconf 88' lang='lat' dir='ltr'><strong>quod</strong></span> <span class='ocrx_word' id='word_1_258' title='bbox 564 3203 660 3246; x_wconf 88' lang='lat' dir='ltr'><strong>unum</strong></span> <span class='ocrx_word' id='word_1_259' title='bbox 683 3203 702 3245; x_wconf 89' lang='lat' dir='ltr'><strong>a</strong></span> <span class='ocrx_word' id='word_1_260' title='bbox 725 3182 862 3247; x_wconf 82' lang='lat' dir='ltr'><strong>Caesare</strong></span> <span class='ocrx_word' id='word_1_261' title='bbox 892 3183 988 3247; x_wconf 85' lang='lat' dir='ltr'><strong>scribi</strong></span> <span class='ocrx_word' id='word_1_262' title='bbox 1009 3183 1062 3246; x_wconf 90' lang='lat' dir='ltr'><strong>hic</strong></span> <span class='ocrx_word' id='word_1_263' title='bbox 1081 3205 1135 3266; x_wconf 87' lang='lat' dir='ltr'><strong>po-</strong></span> 
     </span>
     <span class='ocr_line' id='line_1_35' title="bbox 189 3266 1177 3334; baseline 0.001 -5"><span class='ocrx_word' id='word_1_264' title='bbox 189 3269 287 3333; x_wconf 88' lang='lat' dir='ltr'><strong>tuisse</strong></span> <span class='ocrx_word' id='word_1_265' title='bbox 316 3266 517 3332; x_wconf 81' lang='lat' dir='ltr'><strong>existimabat</strong></span> <span class='ocrx_word' id='word_1_266' title='bbox 553 3276 653 3333; x_wconf 80' lang='lat' dir='ltr'><strong>omnia</strong></span> <span class='ocrx_word' id='word_1_267' title='bbox 682 3275 761 3334; x_wconf 82' lang='lat' dir='ltr'><strong>vodo</strong></span> <span class='ocrx_word' id='word_1_268' title='bbox 784 3291 822 3334; x_wconf 85' lang='lat' dir='ltr'><strong>oc</strong></span> <span class='ocrx_word' id='word_1_269' title='bbox 848 3277 1048 3333; x_wconf 75' lang='lat' dir='ltr'><strong>transitor</strong></span> <span class='ocrx_word' id='word_1_270' title='bbox 1071 3289 1137 3331; x_wconf 75' lang='lat' dir='ltr'><strong>etus</strong></span> <span class='ocrx_word' id='word_1_271' title='bbox 1175 3283 1177 3288; x_wconf 87' lang='lat'>&#39;</span> 
     </span>
     <span class='ocr_line' id='line_1_36' title="bbox 186 3353 1136 3440; baseline 0 -25"><span class='ocrx_word' id='word_1_272' title='bbox 186 3359 309 3430; x_wconf 70' lang='lat' dir='ltr'><strong>poledae</strong></span> <span class='ocrx_word' id='word_1_273' title='bbox 339 3354 371 3414; x_wconf 94' lang='lat' dir='ltr'><strong>in</strong></span> <span class='ocrx_word' id='word_1_274' title='bbox 400 3363 521 3417; x_wconf 86' lang='lat' dir='ltr'><strong>textum</strong></span> <span class='ocrx_word' id='word_1_275' title='bbox 553 3354 695 3437; x_wconf 83' lang='lat' dir='ltr'><strong>recipere</strong></span> <span class='ocrx_word' id='word_1_276' title='bbox 725 3353 888 3437; x_wconf 86' lang='lat' dir='ltr'><strong>dubitavit,</strong></span> <span class='ocrx_word' id='word_1_277' title='bbox 912 3353 995 3440; x_wconf 89' lang='lat' dir='ltr'><strong>quod</strong></span> <span class='ocrx_word' id='word_1_278' title='bbox 1017 3376 1036 3416; x_wconf 92' lang='lat' dir='ltr'><strong>a</strong></span> <span class='ocrx_word' id='word_1_279' title='bbox 1056 3353 1136 3416; x_wconf 85' lang='lat' dir='ltr'><strong>litte·</strong></span> 
     </span>
     <span class='ocr_line' id='line_1_37' title="bbox 189 3437 1135 3504; baseline 0.004 -8"><span class='ocrx_word' id='word_1_280' title='bbox 189 3457 294 3499; x_wconf 85' lang='lat' dir='ltr'><strong>rarum</strong></span> <span class='ocrx_word' id='word_1_281' title='bbox 324 3437 525 3504; x_wconf 85' lang='lat' dir='ltr'><strong>similitudine</strong></span> <span class='ocrx_word' id='word_1_282' title='bbox 557 3438 676 3502; x_wconf 87' lang='lat' dir='ltr'><strong>nullam</strong></span> <span class='ocrx_word' id='word_1_283' title='bbox 699 3440 895 3503; x_wconf 84' lang='lat' dir='ltr'><strong>coniecturae</strong></span> <span class='ocrx_word' id='word_1_284' title='bbox 917 3437 1135 3502; x_wconf 86' lang='lat' dir='ltr'><strong>commendati-</strong></span> 
     </span>
    </p>
   </div>
   <div class='ocr_carea' id='block_1_6' title="bbox 0 0 1270 3968">
    <p class='ocr_par' dir='ltr' id='par_1_6' title="bbox 0 0 1270 3968">
     <span class='ocr_line' id='line_1_38' title="bbox 0 0 1270 3968; baseline 0 1"><span class='ocrx_word' id='word_1_285' title='bbox 0 0 1270 3968; x_wconf 95' lang='lat' dir='ltr'><strong> </strong></span> 
     </span>
    </p>
   </div>
  </div>
 </body>
</html>
