2490 3974
443 231 589 300 OAPUT
611 232 746 299 75-78.
1010 232 1071 298 183

104 406 302 472 dubitarunt.
317 404 571 473 Defendentibus
587 413 693 470 autem
706 405 746 468 iis
757 403 942 470 “cohortibus
959 413 1070 487 castra,

105 515 188 579 quas
210 493 392 557 Pharnaces
414 490 574 577 praesidio
589 490 770 576 reliquerat,
788 489 934 554 celeriter
957 491 1068 554 castris

102 576 245 643 hostium
266 586 339 642 sunt
360 577 458 663 potiti.
482 575 652 640 Interfecta
667 574 866 640 multitudine
889 577 975 639 omni
997 595 1067 639 suo-

102 684 178 726 rum
199 672 255 728 aut
276 673 368 748 capta
389 662 571 726 Pharnaces
594 684 666 726 cum
688 662 797 747 paucis
820 660 978 746 equitibus
999 683 1067 746 pro-

102 748 139 812 fu
163 749 202 830 't;
231 750 283 814 cui
310 749 372 812 nisi
399 756 575 812 castrorum
603 747 796 833 oppugnatio
822 744 1005 810 facultatem
1026 755 1071 809 at·

157 835 232 898 'sset
260 831 393 898 liberius
427 833 638 919 profugiendi,
668 834 761 896 vivus
783 833 817 896 in
848 829 994 895 Caesaris
1015 854 1070 917 po·

102 926 254 984 testatem
276 919 431 983 adductus
454 929 548 983 esset.

171 1003 220 1068 77.
244 1003 315 1068 Tali
336 1005 471 1069 victoria
491 1004 608 1068 totiens
623 1004 725 1068 victor
748 1001 868 1066 Caesar
889 1001 1069 1068 incredibili

103 1099 154 1153 est
183 1089 303 1153 laetitia
332 1090 473 1173 affectus,
508 1090 592 1174 quod
624 1089 799 1152 maximum
830 1086 951 1152 bellum
983 1096 1071 1152 tanta

103 1173 267 1240 celeritate
282 1175 470 1256 confecerat,
486 1175 635 1260 quodque
658 1173 753 1238 subiti
775 1173 909 1258 periculi
922 1173 1070 1238 recorda·

101 1260 192 1324 tione
224 1259 335 1324 laetior
363 1261 498 1324 victoria
529 1259 633 1324 facilis
666 1282 709 1323 ex
744 1258 937 1323 difficillimis
973 1258 1070 1323 rebus

103 1345 275 1409 acciderat.
305 1346 407 1410 Ponto
436 1355 565 1432 recepto
593 1345 714 1431 praeda
741 1347 827 1407 omni
853 1347 943 1430 regia
964 1342 1070 1410 militi·

102 1428 164 1494 bus
194 1430 370 1496 condonata
397 1441 525 1517 postero
553 1431 605 1496 die
633 1453 705 1494 cum
729 1429 885 1515 expeditis
909 1429 1068 1516 equitibus

102 1515 173 1601 ipse
194 1515 413 1600 proficiscitur,
429 1516 588 1603 legionem
604 1526 728 1581 sextam
743 1515 898 1579 decedere
921 1516 963 1581 ad
977 1537 1067 1601 prae·

102 1600 170 1662 mia
205 1609 237 1664 at
259 1623 299 1668 ue
334 1602 471 1666 honores
508 1602 709 1688 accipiendos
742 1603 776 1663 in
811 1600 936 1664 ltaliam
970 1600 1069 1684 iubet,

103 1683 223 1750 auxilia
278 1687 389 1753 eiotari
411 1687 538 1752 domum
560 1688 706 1770 remittit3
729 1687 808 1751 duas
831 1685 974 1770 legiones
997 1707 1070 1749 cum
1125 1741 1128 1748 .

102 1768 214 1836 Ooelio
235 1771 402 1838 Viniciano
424 1775 458 1838 in
480 1773 581 1840 Ponto
602 1772 739 1860 reliquit.

169 1856 219 1922 78.
241 1855 292 1922 Ita
305 1881 363 1945 per
378 1858 635 1945 Gallograeciam
649 1857 896 1944 Bithyniamque
911 1857 945 1921 in
958 1855 1069 1920 Asiam

102 1942 165 2006 iter
192 1942 269 2007 facit
299 1946 502 2032 omniumque
532 1967 642 2010 earum
670 1943 906 2031 provinciarum
933 1941 974 2006 de
996 1963 1068 2006 con·

101 2029 265 2094 troversiis
298 2031 461 2115 cognoscit
493 2043 525 2096 et
554 2033 678 2116 statuit3
715 2032 785 2094 iura
818 2030 851 2094 in
882 2027 1067 2110 tetrarchas,

101 2135 205 2198 reges,
234 2116 378 2180 civitates
406 2116 575 2185 distribuit.
603 2116 810 2182 Mithridaten
836 2114 1067 2199 Pergamenum

104 2219 125 2262 a
146 2221 208 2285 quo
229 2223 299 2265 rem
319 2200 455 2267 feliciter
484 2205 693 2291 celeriterque
720 2211 844 2288 gestam
865 2201 899 2263 in
920 2200 969 2264 Ae
1035 2207 1067 2264 to

103 2305 200 2370 supra
233 2288 425 2373 scripsimus,
458 2291 548 2376 regio
584 2312 704 2376 genere
741 2299 853 2370 ortum,
890 2286 993 2371 discip
1005 2286 1066 2348 inis

102 2371 198 2434 etiam
219 2374 315 2456 regiis
338 2374 506 2440 educatum
534 2375 622 2463 (nam
648 2374 859 2457 Mithridates,
888 2394 948 2436 rex
969 2370 1066 2436 Asiae

101 2455 207 2538 totius,
230 2469 361 2543 propter
381 2459 579 2528 nobilitatem
593 2463 752 2548 Pergamo
766 2457 936 2546 parvulum
958 2478 1067 2522 secum

102 2550 321 2628 asportaverat
352 2548 386 2610 in
420 2558 525 2611 castra
554 2548 670 2612 multos
693 2569 734 2612 ue
755 2546 930 2611 retinuerat
950 2541 1064 2622 annos)

101 2649 210 2713 regern
231 2629 369 2718 Bospori
395 2634 565 2720 constituit,
598 2571 703 2721 quoad
733 2631 791 2697 sub
813 2632 946 2717 imperio
968 2629 1065 2692 Phar·

101 2716 188 2778 nacis
210 2715 321 2800 fuerat,
343 2718 589 2808 provinciasque
603 2718 714 2806 populi
734 2717 869 2784 Romani
885 2739 904 2780 a
918 2713 1065 2779 barbaris

102 2808 194 2886 atque
221 2803 356 2869 inimicis
384 2806 514 2892 regibus
546 2807 732 2891 interposito
766 2803 957 2868 amicissimo
989 2820 1066 2882 rege

101 2886 243 2951 munivit.
265 2888 379 2954 Eidem
401 2893 593 2958 tetrarchian
610 2889 758 2982 [legibus]
782 2888 1064 2974 Gallograecorum

99 2971 168 3035 iure
189 2976 293 3057 gentis
320 2979 575 3062 et'cognationis
604 2977 797 3044 adiudicavit
826 2981 1012 3057 occupatam
1035 2978 1066 3033 et

100 3079 280 3142 possessam
312 3065 422 3147 paucis
456 3075 530 3130 ante
566 3067 657 3130 annis
687 3087 708 3130 a
735 3061 898 3126 Deiotaro.
953 3055 1065 3142 Neque

100 3152 205 3208 temen
227 3168 362 3231 usquam
384 3150 502 3214 diutius
528 3161 669 3217 moratus
692 3160 750 3231 est,
774 3143 1065 3234 quamnecessitas

101 3228 289 3296 urbanarum
313 3234 501 3300 seditionum
523 3240 589 3322 pati
610 3234 788 3301 videbatur.
815 3231 924 3295 Rebus
950 3226 1065 3293 felicis·

103 3313 183 3414 sime·
194 3316 422 3406 celerrimeque
434 3321 586 3388 confectis
597 3325 631 3388 in
642 3322 767 3386 Italiam
779 3318 913 3384 celerius
926 3317 1066 3382 omnium

102 3421 247 3484 opimone
268 3408 365 3471 venit.

480 3543 685 3556 -ι--ι--ι
