<?xml version="1.0" encoding="UTF-8"?>
<!DOCTYPE html PUBLIC "-//W3C//DTD XHTML 1.0 Transitional//EN"
    "http://www.w3.org/TR/xhtml1/DTD/xhtml1-transitional.dtd">
<html xmlns="http://www.w3.org/1999/xhtml" xml:lang="en" lang="en">
 <head>
  <title>
</title>
<meta http-equiv="Content-Type" content="text/html;charset=utf-8" />
  <meta name='ocr-system' content='tesseract 3.04.00' />
  <meta name='ocr-capabilities' content='ocr_page ocr_carea ocr_par ocr_line ocrx_word'/>
</head>
<body>
  <div class='ocr_page' id='page_1' title='image "./ciuliicaesarisc01hirtgoog_0064.png"; bbox 0 0 2534 3970; ppageno 0'>
   <div class='ocr_carea' id='block_1_1' title="bbox 377 245 1082 312">
    <p class='ocr_par' dir='ltr' id='par_1_1' title="bbox 377 245 1082 312">
     <span class='ocr_line' id='line_1_1' title="bbox 377 245 1082 312; baseline -0.004 -1"><span class='ocrx_word' id='word_1_1' title='bbox 377 245 513 312; x_wconf 83' lang='lat' dir='ltr'>COMM.</span> <span class='ocrx_word' id='word_1_2' title='bbox 534 245 584 310; x_wconf 89' lang='lat'><strong>111</strong></span> <span class='ocrx_word' id='word_1_3' title='bbox 605 245 698 310; x_wconf 85' lang='lat' dir='ltr'>CAP.</span> <span class='ocrx_word' id='word_1_4' title='bbox 721 247 835 309; x_wconf 80' lang='lat'><strong>9-13.</strong></span> <span class='ocrx_word' id='word_1_5' title='bbox 1040 245 1082 308; x_wconf 73' lang='lat' dir='ltr'><strong>aa</strong></span> 
     </span>
    </p>
   </div>
   <div class='ocr_carea' id='block_1_2' title="bbox 126 413 1081 672">
    <p class='ocr_par' dir='ltr' id='par_1_2' title="bbox 126 413 1081 672">
     <span class='ocr_line' id='line_1_2' title="bbox 131 413 1080 502; baseline -0.005 -19"><span class='ocrx_word' id='word_1_6' title='bbox 131 415 253 483; x_wconf 86' lang='lat' dir='ltr'><strong>anxilio</strong></span> <span class='ocrx_word' id='word_1_7' title='bbox 275 441 295 482; x_wconf 91' lang='lat' dir='ltr'><strong>a</strong></span> <span class='ocrx_word' id='word_1_8' title='bbox 307 415 416 502; x_wconf 83' lang='lat' dir='ltr'>Belgis</span> <span class='ocrx_word' id='word_1_9' title='bbox 432 417 574 481; x_wconf 90' lang='lat' dir='ltr'><strong>arcessiti</strong></span> <span class='ocrx_word' id='word_1_10' title='bbox 596 413 789 497; x_wconf 80' lang='lat' dir='ltr'><strong>dicebantur,</strong></span> <span class='ocrx_word' id='word_1_11' title='bbox 812 415 841 478; x_wconf 89' lang='lat' dir='ltr'><strong>si</strong></span> <span class='ocrx_word' id='word_1_12' title='bbox 860 437 919 502; x_wconf 88' lang='lat' dir='ltr'><strong>per</strong></span> <span class='ocrx_word' id='word_1_13' title='bbox 939 413 1005 479; x_wconf 85' lang='lat' dir='ltr'><strong>vim</strong></span> <span class='ocrx_word' id='word_1_14' title='bbox 1026 435 1080 478; x_wconf 81' lang='lat' dir='ltr'><strong>na</strong></span> 
     </span>
     <span class='ocr_line' id='line_1_3' title="bbox 126 497 1081 587; baseline -0.005 -20"><span class='ocrx_word' id='word_1_15' title='bbox 126 501 225 568; x_wconf 74' lang='lat' dir='ltr'><strong>&#39;vibus</strong></span> <span class='ocrx_word' id='word_1_16' title='bbox 247 501 365 567; x_wconf 90' lang='lat' dir='ltr'><strong>flumen</strong></span> <span class='ocrx_word' id='word_1_17' title='bbox 385 502 520 566; x_wconf 86' lang='lat' dir='ltr'><strong>transire</strong></span> <span class='ocrx_word' id='word_1_18' title='bbox 540 511 702 583; x_wconf 89' lang='lat' dir='ltr'><strong>conentur,</strong></span> <span class='ocrx_word' id='word_1_19' title='bbox 724 499 899 587; x_wconf 86' lang='lat' dir='ltr'><strong>prohibeat.</strong></span> <span class='ocrx_word' id='word_1_20' title='bbox 935 497 1081 564; x_wconf 85' lang='lat' dir='ltr'>Publium</span> 
     </span>
     <span class='ocr_line' id='line_1_4' title="bbox 131 585 1081 672; baseline -0.005 -18"><span class='ocrx_word' id='word_1_21' title='bbox 131 587 284 654; x_wconf 79' lang='lat' dir='ltr'><strong>Crassum</strong></span> <span class='ocrx_word' id='word_1_22' title='bbox 316 609 387 652; x_wconf 92' lang='lat' dir='ltr'><strong>cum</strong></span> <span class='ocrx_word' id='word_1_23' title='bbox 415 586 594 652; x_wconf 84' lang='lat' dir='ltr'>cohortibus</span> <span class='ocrx_word' id='word_1_24' title='bbox 620 585 801 672; x_wconf 83' lang='lat' dir='ltr'><strong>legionariis</strong></span> <span class='ocrx_word' id='word_1_25' title='bbox 829 591 881 648; x_wconf 80' lang='grc' dir='ltr'><strong>ΧΗ</strong></span> <span class='ocrx_word' id='word_1_26' title='bbox 915 594 947 649; x_wconf 89' lang='lat' dir='ltr'><strong>et</strong></span> <span class='ocrx_word' id='word_1_27' title='bbox 965 605 1081 672; x_wconf 84' lang='lat' dir='ltr'><strong>magno</strong></span> 
     </span>
    </p>
   </div>
   <div class='ocr_carea' id='block_1_3' title="bbox 130 668 1082 822">
    <p class='ocr_par' dir='ltr' id='par_1_3' title="bbox 130 668 1082 822">
     <span class='ocr_line' id='line_1_5' title="bbox 130 668 1082 822; baseline -0.002 -86"><span class='ocrx_word' id='word_1_28' title='bbox 130 693 263 738; x_wconf 88' lang='lat' dir='ltr'><strong>numero</strong></span> <span class='ocrx_word' id='word_1_29' title='bbox 286 674 442 760; x_wconf 79' lang='lat' dir='ltr'><strong>equitatus</strong></span> <span class='ocrx_word' id='word_1_30' title='bbox 463 674 497 736; x_wconf 92' lang='lat' dir='ltr'><strong>in</strong></span> <span class='ocrx_word' id='word_1_31' title='bbox 505 671 722 822; x_wconf 39' lang='lat' dir='ltr'><strong>&amp;maniam</strong></span> <span class='ocrx_word' id='word_1_32' title='bbox 743 670 901 820; x_wconf 74' lang='lat' dir='ltr'><strong>proficisci</strong></span> <span class='ocrx_word' id='word_1_33' title='bbox 921 668 1018 752; x_wconf 88' lang='lat' dir='ltr'><strong>iubet,</strong></span> <span class='ocrx_word' id='word_1_34' title='bbox 1040 691 1082 734; x_wconf 88' lang='lat' dir='ltr'><strong>no</strong></span> 
     </span>
    </p>
   </div>
   <div class='ocr_carea' id='block_1_4' title="bbox 131 755 1082 1951">
    <p class='ocr_par' dir='ltr' id='par_1_4' title="bbox 131 755 1082 1526">
     <span class='ocr_line' id='line_1_6' title="bbox 132 755 1082 837; baseline -0.007 -12"><span class='ocrx_word' id='word_1_35' title='bbox 132 779 174 825; x_wconf 85' lang='lat' dir='ltr'><strong>cx</strong></span> <span class='ocrx_word' id='word_1_36' title='bbox 200 757 249 822; x_wconf 86' lang='lat' dir='ltr'><strong>his</strong></span> <span class='ocrx_word' id='word_1_37' title='bbox 276 757 456 823; x_wconf 91' lang='lat' dir='ltr'><strong>nationibus</strong></span> <span class='ocrx_word' id='word_1_38' title='bbox 485 779 505 820; x_wconf 89' lang='lat' dir='ltr'><strong>a</strong></span> <span class='ocrx_word' id='word_1_39' title='bbox 551 759 605 820; x_wconf 74' lang='lat' dir='ltr'><strong>“a</strong></span> <span class='ocrx_word' id='word_1_40' title='bbox 625 759 659 821; x_wconf 88' lang='lat' dir='ltr'><strong>in</strong></span> <span class='ocrx_word' id='word_1_41' title='bbox 682 755 743 822; x_wconf 78' lang='lat' dir='ltr'><strong>Gal</strong></span> <span class='ocrx_word' id='word_1_42' title='bbox 758 758 819 820; x_wconf 84' lang='lat' dir='ltr'><strong>‘am</strong></span> <span class='ocrx_word' id='word_1_43' title='bbox 844 757 1021 837; x_wconf 83' lang='lat' dir='ltr'><strong>mittantur,</strong></span> <span class='ocrx_word' id='word_1_44' title='bbox 1044 775 1082 818; x_wconf 90' lang='lat' dir='ltr'><strong>ac</strong></span> 
     </span>
     <span class='ocr_line' id='line_1_7' title="bbox 131 839 1079 920; baseline -0.003 -13"><span class='ocrx_word' id='word_1_45' title='bbox 131 851 239 907; x_wconf 78' lang='lat' dir='ltr'><strong>tantae</strong></span> <span class='ocrx_word' id='word_1_46' title='bbox 267 844 409 908; x_wconf 86' lang='lat' dir='ltr'><strong>nationes</strong></span> <span class='ocrx_word' id='word_1_47' title='bbox 446 839 560 908; x_wconf 86' lang='lat' dir='ltr'><strong>coniun</strong></span> <span class='ocrx_word' id='word_1_48' title='bbox 584 852 685 906; x_wconf 79' lang='lat' dir='ltr'><strong>anun.</strong></span> <span class='ocrx_word' id='word_1_49' title='bbox 744 841 897 920; x_wconf 79' lang='lat' dir='ltr'><strong>Quinum</strong></span> <span class='ocrx_word' id='word_1_50' title='bbox 925 841 1079 904; x_wconf 80' lang='lat' dir='ltr'><strong>&#39;liturium</strong></span> 
     </span>
     <span class='ocr_line' id='line_1_8' title="bbox 132 865 1077 1014; baseline -0.004 -22"><span class='ocrx_word' id='word_1_51' title='bbox 132 927 286 1006; x_wconf 87' lang='lat' dir='ltr'><strong>Sabinum</strong></span> <span class='ocrx_word' id='word_1_52' title='bbox 307 927 445 1013; x_wconf 89' lang='lat' dir='ltr'><strong>legatum</strong></span> <span class='ocrx_word' id='word_1_53' title='bbox 466 951 538 992; x_wconf 88' lang='lat' dir='ltr'><strong>curn</strong></span> <span class='ocrx_word' id='word_1_54' title='bbox 560 865 737 1014; x_wconf 70' lang='lat' dir='ltr'><strong>fegionibus</strong></span> <span class='ocrx_word' id='word_1_55' title='bbox 759 926 860 992; x_wconf 87' lang='lat' dir='ltr'><strong>tribus</strong></span> <span class='ocrx_word' id='word_1_56' title='bbox 881 927 915 990; x_wconf 90' lang='lat' dir='ltr'><strong>in</strong></span> <span class='ocrx_word' id='word_1_57' title='bbox 936 924 1077 1009; x_wconf 54' lang='lat' dir='ltr'><strong>Unellos,</strong></span> 
     </span>
     <span class='ocr_line' id='line_1_9' title="bbox 133 1010 1081 1100; baseline -0.005 -21"><span class='ocrx_word' id='word_1_58' title='bbox 133 1011 338 1079; x_wconf 76' lang='lat' dir='ltr'><strong>Ouriosolites</strong></span> <span class='ocrx_word' id='word_1_59' title='bbox 349 1013 569 1098; x_wconf 88' lang='lat' dir='ltr'><strong>Lexoviosque</strong></span> <span class='ocrx_word' id='word_1_60' title='bbox 583 1013 685 1087; x_wconf 90' lang='lat' dir='ltr'><strong>mittit,</strong></span> <span class='ocrx_word' id='word_1_61' title='bbox 710 1013 764 1100; x_wconf 91' lang='lat' dir='ltr'><strong>qui</strong></span> <span class='ocrx_word' id='word_1_62' title='bbox 785 1033 855 1076; x_wconf 89' lang='lat' dir='ltr'><strong>eam</strong></span> <span class='ocrx_word' id='word_1_63' title='bbox 876 1025 1004 1076; x_wconf 86' lang='lat' dir='ltr'><strong>manum</strong></span> <span class='ocrx_word' id='word_1_64' title='bbox 1019 1010 1081 1074; x_wconf 83' lang='lat' dir='ltr'><strong>dis·</strong></span> 
     </span>
     <span class='ocr_line' id='line_1_10' title="bbox 132 1095 1080 1163; baseline -0.002 -1"><span class='ocrx_word' id='word_1_65' title='bbox 132 1097 295 1163; x_wconf 76' lang='lat' dir='ltr'><strong>finendam</strong></span> <span class='ocrx_word' id='word_1_66' title='bbox 331 1109 429 1162; x_wconf 89' lang='lat' dir='ltr'><strong>curet.</strong></span> <span class='ocrx_word' id='word_1_67' title='bbox 479 1098 647 1161; x_wconf 90' lang='lat' dir='ltr'><strong>Decimum</strong></span> <span class='ocrx_word' id='word_1_68' title='bbox 679 1096 813 1161; x_wconf 81' lang='lat' dir='ltr'><strong>Brutum</strong></span> <span class='ocrx_word' id='word_1_69' title='bbox 847 1095 1080 1161; x_wconf 85' lang='lat' dir='ltr'><strong>adolescentem</strong></span> 
     </span>
     <span class='ocr_line' id='line_1_11' title="bbox 132 1180 1082 1270; baseline -0.003 -22"><span class='ocrx_word' id='word_1_70' title='bbox 132 1182 229 1248; x_wconf 79' lang='lat' dir='ltr'><strong>classi</strong></span> <span class='ocrx_word' id='word_1_71' title='bbox 251 1182 445 1270; x_wconf 76' lang='lat' dir='ltr'><strong>Gallicisque</strong></span> <span class='ocrx_word' id='word_1_72' title='bbox 477 1182 627 1265; x_wconf 86' lang='lat' dir='ltr'><strong>navibus,</strong></span> <span class='ocrx_word' id='word_1_73' title='bbox 657 1203 734 1269; x_wconf 87' lang='lat' dir='ltr'><strong>quas</strong></span> <span class='ocrx_word' id='word_1_74' title='bbox 767 1205 809 1248; x_wconf 87' lang='lat' dir='ltr'><strong>ex</strong></span> <span class='ocrx_word' id='word_1_75' title='bbox 836 1180 1020 1248; x_wconf 79' lang='lat' dir='ltr'><strong>Pictonibus</strong></span> <span class='ocrx_word' id='word_1_76' title='bbox 1050 1191 1082 1246; x_wconf 90' lang='lat' dir='ltr'><strong>et</strong></span> 
     </span>
     <span class='ocr_line' id='line_1_12' title="bbox 133 1267 1080 1355; baseline -0.003 -22"><span class='ocrx_word' id='word_1_77' title='bbox 133 1267 281 1333; x_wconf 82' lang='lat' dir='ltr'><strong>Santonis</strong></span> <span class='ocrx_word' id='word_1_78' title='bbox 299 1268 491 1355; x_wconf 88' lang='lat' dir='ltr'><strong>reliquisque</strong></span> <span class='ocrx_word' id='word_1_79' title='bbox 498 1269 619 1353; x_wconf 88' lang='lat' dir='ltr'><strong>pacatis</strong></span> <span class='ocrx_word' id='word_1_80' title='bbox 631 1267 812 1353; x_wconf 81' lang='lat' dir='ltr'><strong>regionibus</strong></span> <span class='ocrx_word' id='word_1_81' title='bbox 829 1268 997 1332; x_wconf 86' lang='lat' dir='ltr'><strong>convenire</strong></span> <span class='ocrx_word' id='word_1_82' title='bbox 1018 1269 1080 1331; x_wconf 86' lang='lat' dir='ltr'><strong>ius·</strong></span> 
     </span>
     <span class='ocr_line' id='line_1_13' title="bbox 133 1351 1080 1440; baseline -0.004 -22"><span class='ocrx_word' id='word_1_83' title='bbox 133 1364 227 1435; x_wconf 84' lang='lat' dir='ltr'><strong>serat,</strong></span> <span class='ocrx_word' id='word_1_84' title='bbox 250 1354 454 1439; x_wconf 89' lang='lat' dir='ltr'><strong>praeficitet,</strong></span> <span class='ocrx_word' id='word_1_85' title='bbox 478 1375 573 1440; x_wconf 90' lang='lat' dir='ltr'><strong>quum</strong></span> <span class='ocrx_word' id='word_1_86' title='bbox 594 1355 731 1440; x_wconf 81' lang='lat' dir='ltr'><strong>primum</strong></span> <span class='ocrx_word' id='word_1_87' title='bbox 756 1363 871 1439; x_wconf 88' lang='lat' dir='ltr'><strong>posset,</strong></span> <span class='ocrx_word' id='word_1_88' title='bbox 894 1353 928 1417; x_wconf 93' lang='lat' dir='ltr'><strong>in</strong></span> <span class='ocrx_word' id='word_1_89' title='bbox 942 1351 1080 1417; x_wconf 87' lang='lat' dir='ltr'><strong>Venetos</strong></span> 
     </span>
     <span class='ocr_line' id='line_1_14' title="bbox 132 1437 1080 1526; baseline -0.003 -23"><span class='ocrx_word' id='word_1_90' title='bbox 132 1437 290 1526; x_wconf 87' lang='lat' dir='ltr'><strong>proficisci</strong></span> <span class='ocrx_word' id='word_1_91' title='bbox 302 1438 399 1502; x_wconf 88' lang='lat' dir='ltr'><strong>iubet</strong></span> <span class='ocrx_word' id='word_1_92' title='bbox 421 1438 494 1525; x_wconf 89' lang='lat' dir='ltr'><strong>Ipse</strong></span> <span class='ocrx_word' id='word_1_93' title='bbox 517 1461 554 1503; x_wconf 88' lang='lat' dir='ltr'><strong>eo</strong></span> <span class='ocrx_word' id='word_1_94' title='bbox 599 1437 775 1502; x_wconf 84' lang='lat' dir='ltr'><strong>edestribus</strong></span> <span class='ocrx_word' id='word_1_95' title='bbox 798 1460 834 1502; x_wconf 91' lang='lat' dir='ltr'><strong>co</strong></span> <span class='ocrx_word' id='word_1_96' title='bbox 857 1439 896 1502; x_wconf 89' lang='lat' dir='ltr'><strong>iis</strong></span> <span class='ocrx_word' id='word_1_97' title='bbox 911 1437 1080 1501; x_wconf 79' lang='lat' dir='ltr'><strong>contendit</strong></span> 
     </span>
    </p>

    <p class='ocr_par' dir='ltr' id='par_1_5' title="bbox 132 1459 1080 1951">
     <span class='ocr_line' id='line_1_15' title="bbox 198 1459 1080 1610; baseline -0.001 -23"><span class='ocrx_word' id='word_1_98' title='bbox 198 1524 247 1588; x_wconf 83' lang='lat'><strong>12.</strong></span> <span class='ocrx_word' id='word_1_99' title='bbox 269 1523 369 1588; x_wconf 81' lang='lat' dir='ltr'><strong>Erant</strong></span> <span class='ocrx_word' id='word_1_100' title='bbox 391 1524 543 1588; x_wconf 88' lang='lat' dir='ltr'><strong>eiusmodi</strong></span> <span class='ocrx_word' id='word_1_101' title='bbox 565 1461 630 1588; x_wconf 66' lang='lat' dir='ltr'><strong>debe</strong></span> <span class='ocrx_word' id='word_1_102' title='bbox 653 1526 729 1588; x_wconf 87' lang='lat' dir='ltr'><strong>situs</strong></span> <span class='ocrx_word' id='word_1_103' title='bbox 753 1459 948 1610; x_wconf 80' lang='lat' dir='ltr'><strong>oppidorum,</strong></span> <span class='ocrx_word' id='word_1_104' title='bbox 971 1532 1007 1586; x_wconf 89' lang='lat' dir='ltr'><strong>ut</strong></span> <span class='ocrx_word' id='word_1_105' title='bbox 1027 1544 1080 1607; x_wconf 81' lang='lat' dir='ltr'><strong>po</strong></span> 
     </span>
     <span class='ocr_line' id='line_1_16' title="bbox 132 1607 1080 1695; baseline -0.002 -23"><span class='ocrx_word' id='word_1_106' title='bbox 132 1608 194 1672; x_wconf 85' lang='lat' dir='ltr'><strong>sita</strong></span> <span class='ocrx_word' id='word_1_107' title='bbox 213 1610 247 1673; x_wconf 90' lang='lat' dir='ltr'><strong>in</strong></span> <span class='ocrx_word' id='word_1_108' title='bbox 269 1612 417 1674; x_wconf 74' lang='lat' dir='ltr'><strong>extremis</strong></span> <span class='ocrx_word' id='word_1_109' title='bbox 439 1607 567 1693; x_wconf 85' lang='lat' dir='ltr'><strong>lingulis</strong></span> <span class='ocrx_word' id='word_1_110' title='bbox 587 1611 873 1695; x_wconf 91' lang='lat' dir='ltr'><strong>promontoriisque</strong></span> <span class='ocrx_word' id='word_1_111' title='bbox 901 1618 1006 1694; x_wconf 87' lang='lat' dir='ltr'><strong>neque</strong></span> <span class='ocrx_word' id='word_1_112' title='bbox 1027 1623 1080 1692; x_wconf 59' lang='lat' dir='ltr'><strong>pe*</strong></span> 
     </span>
     <span class='ocr_line' id='line_1_17' title="bbox 133 1693 1079 1780; baseline -0.003 -22"><span class='ocrx_word' id='word_1_113' title='bbox 133 1693 226 1758; x_wconf 90' lang='lat' dir='ltr'><strong>dibus</strong></span> <span class='ocrx_word' id='word_1_114' title='bbox 249 1693 367 1758; x_wconf 87' lang='lat' dir='ltr'><strong>aditum</strong></span> <span class='ocrx_word' id='word_1_115' title='bbox 388 1694 557 1776; x_wconf 89' lang='lat' dir='ltr'><strong>haberent,</strong></span> <span class='ocrx_word' id='word_1_116' title='bbox 581 1715 677 1780; x_wconf 90' lang='lat' dir='ltr'><strong>quum</strong></span> <span class='ocrx_word' id='word_1_117' title='bbox 700 1693 826 1759; x_wconf 87' lang='lat' dir='ltr'><strong>exalto</strong></span> <span class='ocrx_word' id='word_1_118' title='bbox 850 1715 884 1757; x_wconf 87' lang='lat' dir='ltr'><strong>se</strong></span> <span class='ocrx_word' id='word_1_119' title='bbox 907 1701 1011 1756; x_wconf 87' lang='lat' dir='ltr'><strong>aestus</strong></span> <span class='ocrx_word' id='word_1_120' title='bbox 1034 1693 1079 1755; x_wconf 91' lang='lat' dir='ltr'><strong>in-</strong></span> 
     </span>
     <span class='ocr_line' id='line_1_18' title="bbox 133 1777 1079 1866; baseline -0.006 -22"><span class='ocrx_word' id='word_1_121' title='bbox 133 1780 307 1860; x_wconf 86' lang='lat' dir='ltr'><strong>citavisset,</strong></span> <span class='ocrx_word' id='word_1_122' title='bbox 344 1779 427 1866; x_wconf 92' lang='lat' dir='ltr'><strong>quod</strong></span> <span class='ocrx_word' id='word_1_123' title='bbox 454 1779 504 1843; x_wconf 88' lang='lat' dir='ltr'><strong>bis</strong></span> <span class='ocrx_word' id='word_1_124' title='bbox 534 1779 663 1861; x_wconf 87' lang='lat' dir='ltr'><strong>accidit,</strong></span> <span class='ocrx_word' id='word_1_125' title='bbox 698 1799 822 1864; x_wconf 87' lang='lat' dir='ltr'><strong>semper</strong></span> <span class='ocrx_word' id='word_1_126' title='bbox 850 1777 998 1842; x_wconf 87' lang='lat' dir='ltr'><strong>horarum</strong></span> <span class='ocrx_word' id='word_1_127' title='bbox 1029 1783 1079 1840; x_wconf 81' lang='grc' dir='ltr'><strong>ΧΗ</strong></span> 
     </span>
     <span class='ocr_line' id='line_1_19' title="bbox 133 1861 1080 1951; baseline -0.002 -23"><span class='ocrx_word' id='word_1_128' title='bbox 133 1865 244 1950; x_wconf 87' lang='lat' dir='ltr'><strong>spatio,</strong></span> <span class='ocrx_word' id='word_1_129' title='bbox 273 1887 377 1951; x_wconf 90' lang='lat' dir='ltr'><strong>neque</strong></span> <span class='ocrx_word' id='word_1_130' title='bbox 397 1864 542 1946; x_wconf 83' lang='lat' dir='ltr'><strong>navibus,</strong></span> <span class='ocrx_word' id='word_1_131' title='bbox 573 1861 658 1951; x_wconf 89' lang='lat' dir='ltr'><strong>quod</strong></span> <span class='ocrx_word' id='word_1_132' title='bbox 678 1885 787 1928; x_wconf 88' lang='lat' dir='ltr'><strong>rursus</strong></span> <span class='ocrx_word' id='word_1_133' title='bbox 809 1864 971 1926; x_wconf 85' lang='lat' dir='ltr'><strong>minuente</strong></span> <span class='ocrx_word' id='word_1_134' title='bbox 993 1871 1080 1926; x_wconf 87' lang='lat' dir='ltr'><strong>aestu</strong></span> 
     </span>
    </p>
   </div>
   <div class='ocr_carea' id='block_1_5' title="bbox 8 1947 1081 2050">
    <p class='ocr_par' dir='ltr' id='par_1_6' title="bbox 8 1947 1081 2050">
     <span class='ocr_line' id='line_1_20' title="bbox 8 1947 1081 2050; baseline -0.005 -35"><span class='ocrx_word' id='word_1_135' title='bbox 8 1994 10 2002; x_wconf 90' lang='lat'><em>·</em></span> <span class='ocrx_word' id='word_1_136' title='bbox 132 1971 230 2014; x_wconf 85' lang='lat' dir='ltr'><strong>naves</strong></span> <span class='ocrx_word' id='word_1_137' title='bbox 249 1951 284 2014; x_wconf 92' lang='lat' dir='ltr'><strong>in</strong></span> <span class='ocrx_word' id='word_1_138' title='bbox 305 1949 396 2014; x_wconf 83' lang='lat' dir='ltr'><strong>vadis</strong></span> <span class='ocrx_word' id='word_1_139' title='bbox 419 1949 652 2014; x_wconf 87' lang='lat' dir='ltr'><strong>afflictarentur.</strong></span> <span class='ocrx_word' id='word_1_140' title='bbox 695 1948 744 2013; x_wconf 92' lang='lat' dir='ltr'><strong>Ita</strong></span> <span class='ocrx_word' id='word_1_141' title='bbox 764 1958 898 2035; x_wconf 87' lang='lat' dir='ltr'><strong>utraque</strong></span> <span class='ocrx_word' id='word_1_142' title='bbox 926 1969 963 2011; x_wconf 90' lang='lat' dir='ltr'><strong>re</strong></span> <span class='ocrx_word' id='word_1_143' title='bbox 996 1947 1081 2050; x_wconf 75' lang='lat' dir='ltr'><strong>oppi-</strong></span> 
     </span>
    </p>
   </div>
   <div class='ocr_carea' id='block_1_6' title="bbox 126 2032 1082 3144">
    <p class='ocr_par' dir='ltr' id='par_1_7' title="bbox 126 2032 1082 3058">
     <span class='ocr_line' id='line_1_21' title="bbox 133 2032 1080 2121; baseline -0.004 -22"><span class='ocrx_word' id='word_1_144' title='bbox 133 2034 243 2099; x_wconf 91' lang='lat' dir='ltr'><strong>dorum</strong></span> <span class='ocrx_word' id='word_1_145' title='bbox 259 2037 449 2121; x_wconf 84' lang='lat' dir='ltr'><strong>oppugnatio</strong></span> <span class='ocrx_word' id='word_1_146' title='bbox 463 2034 707 2121; x_wconf 84' lang='lat' dir='ltr'><strong>impediebatur3</strong></span> <span class='ocrx_word' id='word_1_147' title='bbox 729 2036 808 2099; x_wconf 86' lang='lat' dir='ltr'><strong>acsi</strong></span> <span class='ocrx_word' id='word_1_148' title='bbox 823 2032 948 2119; x_wconf 87' lang='lat' dir='ltr'><strong>quando</strong></span> <span class='ocrx_word' id='word_1_149' title='bbox 962 2055 1080 2120; x_wconf 87' lang='lat' dir='ltr'><strong>magm-</strong></span> 
     </span>
     <span class='ocr_line' id='line_1_22' title="bbox 132 2119 1082 2207; baseline -0.002 -23"><span class='ocrx_word' id='word_1_150' title='bbox 132 2119 240 2184; x_wconf 90' lang='lat' dir='ltr'><strong>tudine</strong></span> <span class='ocrx_word' id='word_1_151' title='bbox 263 2123 367 2207; x_wconf 91' lang='lat' dir='ltr'><strong>operis</strong></span> <span class='ocrx_word' id='word_1_152' title='bbox 389 2121 468 2187; x_wconf 90' lang='lat' dir='ltr'><strong>forte</strong></span> <span class='ocrx_word' id='word_1_153' title='bbox 491 2123 637 2205; x_wconf 87' lang='lat' dir='ltr'><strong>superati,</strong></span> <span class='ocrx_word' id='word_1_154' title='bbox 661 2129 788 2185; x_wconf 88' lang='lat' dir='ltr'><strong>extruso</strong></span> <span class='ocrx_word' id='word_1_155' title='bbox 810 2119 891 2182; x_wconf 90' lang='lat' dir='ltr'><strong>mari</strong></span> <span class='ocrx_word' id='word_1_156' title='bbox 912 2141 1029 2204; x_wconf 84' lang='lat' dir='ltr'><strong>aggere</strong></span> <span class='ocrx_word' id='word_1_157' title='bbox 1045 2139 1082 2182; x_wconf 89' lang='lat' dir='ltr'><strong>ac</strong></span> 
     </span>
     <span class='ocr_line' id='line_1_23' title="bbox 133 2203 1080 2292; baseline -0.002 -24"><span class='ocrx_word' id='word_1_158' title='bbox 133 2203 268 2270; x_wconf 84' lang='lat' dir='ltr'><strong>mohbus</strong></span> <span class='ocrx_word' id='word_1_159' title='bbox 290 2215 384 2292; x_wconf 90' lang='lat' dir='ltr'><strong>atque</strong></span> <span class='ocrx_word' id='word_1_160' title='bbox 405 2205 454 2270; x_wconf 92' lang='lat' dir='ltr'><strong>bis</strong></span> <span class='ocrx_word' id='word_1_161' title='bbox 477 2205 583 2292; x_wconf 90' lang='lat' dir='ltr'><strong>oppidi</strong></span> <span class='ocrx_word' id='word_1_162' title='bbox 604 2205 769 2270; x_wconf 87' lang='lat' dir='ltr'><strong>moenibus</strong></span> <span class='ocrx_word' id='word_1_163' title='bbox 792 2203 992 2290; x_wconf 86' lang='lat' dir='ltr'><strong>adaequatis,</strong></span> <span class='ocrx_word' id='word_1_164' title='bbox 1016 2205 1080 2268; x_wconf 86' lang='lat' dir='ltr'><strong>suis</strong></span> 
     </span>
     <span class='ocr_line' id='line_1_24' title="bbox 132 2289 1081 2376; baseline -0.001 -23"><span class='ocrx_word' id='word_1_165' title='bbox 132 2289 265 2354; x_wconf 76' lang='lat' dir='ltr'><strong>fortimis</strong></span> <span class='ocrx_word' id='word_1_166' title='bbox 288 2291 455 2376; x_wconf 84' lang='lat' dir='ltr'><strong>desperare</strong></span> <span class='ocrx_word' id='word_1_167' title='bbox 477 2300 653 2376; x_wconf 85' lang='lat' dir='ltr'><strong>coeperant,</strong></span> <span class='ocrx_word' id='word_1_168' title='bbox 675 2311 790 2374; x_wconf 82' lang='lat' dir='ltr'><strong>magno</strong></span> <span class='ocrx_word' id='word_1_169' title='bbox 805 2310 936 2353; x_wconf 87' lang='lat' dir='ltr'><strong>numero</strong></span> <span class='ocrx_word' id='word_1_170' title='bbox 954 2289 1081 2352; x_wconf 85' lang='lat' dir='ltr'><strong>navium</strong></span> 
     </span>
     <span class='ocr_line' id='line_1_25' title="bbox 133 2372 1080 2462; baseline -0.002 -23"><span class='ocrx_word' id='word_1_171' title='bbox 133 2375 280 2462; x_wconf 86' lang='lat' dir='ltr'><strong>appulso,</strong></span> <span class='ocrx_word' id='word_1_172' title='bbox 311 2379 399 2440; x_wconf 86' lang='lat' dir='ltr'><strong>cuius</strong></span> <span class='ocrx_word' id='word_1_173' title='bbox 427 2377 474 2440; x_wconf 92' lang='lat' dir='ltr'><strong>rei</strong></span> <span class='ocrx_word' id='word_1_174' title='bbox 509 2397 663 2440; x_wconf 89' lang='lat' dir='ltr'><strong>summam</strong></span> <span class='ocrx_word' id='word_1_175' title='bbox 698 2373 879 2458; x_wconf 83' lang='lat' dir='ltr'><strong>facultatem</strong></span> <span class='ocrx_word' id='word_1_176' title='bbox 912 2372 1080 2456; x_wconf 82' lang='lat' dir='ltr'><strong>habebant,</strong></span> 
     </span>
     <span class='ocr_line' id='line_1_26' title="bbox 134 2459 1082 2548; baseline -0.003 -23"><span class='ocrx_word' id='word_1_177' title='bbox 134 2483 191 2525; x_wconf 87' lang='lat' dir='ltr'><strong>sua</strong></span> <span class='ocrx_word' id='word_1_178' title='bbox 220 2459 429 2548; x_wconf 82' lang='lat' dir='ltr'><strong>deportabant</strong></span> <span class='ocrx_word' id='word_1_179' title='bbox 460 2463 565 2526; x_wconf 89' lang='lat' dir='ltr'><strong>omnia</strong></span> <span class='ocrx_word' id='word_1_180' title='bbox 602 2482 698 2547; x_wconf 89' lang='lat' dir='ltr'><strong>seque</strong></span> <span class='ocrx_word' id='word_1_181' title='bbox 727 2461 759 2524; x_wconf 93' lang='lat' dir='ltr'><strong>in</strong></span> <span class='ocrx_word' id='word_1_182' title='bbox 788 2461 935 2546; x_wconf 85' lang='lat' dir='ltr'><strong>proxima</strong></span> <span class='ocrx_word' id='word_1_183' title='bbox 967 2459 1082 2546; x_wconf 89' lang='lat' dir='ltr'><strong>oppida</strong></span> 
     </span>
     <span class='ocr_line' id='line_1_27' title="bbox 132 2543 1080 2634; baseline -0.002 -24"><span class='ocrx_word' id='word_1_184' title='bbox 132 2543 341 2634; x_wconf 88' lang='lat' dir='ltr'><strong>recipiebant:</strong></span> <span class='ocrx_word' id='word_1_185' title='bbox 371 2546 416 2610; x_wconf 94' lang='lat' dir='ltr'><strong>ibi</strong></span> <span class='ocrx_word' id='word_1_186' title='bbox 445 2569 479 2612; x_wconf 87' lang='lat' dir='ltr'><strong>se</strong></span> <span class='ocrx_word' id='word_1_187' title='bbox 505 2569 613 2610; x_wconf 86' lang='lat' dir='ltr'><strong>rursus</strong></span> <span class='ocrx_word' id='word_1_188' title='bbox 652 2547 765 2610; x_wconf 88' lang='lat' dir='ltr'><strong>iisdem</strong></span> <span class='ocrx_word' id='word_1_189' title='bbox 798 2544 1080 2631; x_wconf 84' lang='lat' dir='ltr'><strong>opportunitatibus</strong></span> 
     </span>
     <span class='ocr_line' id='line_1_28' title="bbox 126 2630 1080 2715; baseline 0 -21"><span class='ocrx_word' id='word_1_190' title='bbox 126 2630 196 2696; x_wconf 81' lang='lat' dir='ltr'><strong>¹loci</strong></span> <span class='ocrx_word' id='word_1_191' title='bbox 217 2630 437 2697; x_wconf 88' lang='lat' dir='ltr'><strong>defendebant.</strong></span> <span class='ocrx_word' id='word_1_192' title='bbox 481 2631 571 2697; x_wconf 88' lang='lat' dir='ltr'><strong>Haeo</strong></span> <span class='ocrx_word' id='word_1_193' title='bbox 594 2653 631 2696; x_wconf 90' lang='lat' dir='ltr'><strong>eo</strong></span> <span class='ocrx_word' id='word_1_194' title='bbox 652 2630 775 2696; x_wconf 84' lang='lat' dir='ltr'><strong>facilius</strong></span> <span class='ocrx_word' id='word_1_195' title='bbox 797 2652 945 2715; x_wconf 84' lang='lat' dir='ltr'><strong>magnam</strong></span> <span class='ocrx_word' id='word_1_196' title='bbox 959 2639 1080 2715; x_wconf 87' lang='lat' dir='ltr'><strong>partem</strong></span> 
     </span>
     <span class='ocr_line' id='line_1_29' title="bbox 133 2713 1081 2803; baseline -0.002 -23"><span class='ocrx_word' id='word_1_197' title='bbox 133 2717 261 2780; x_wconf 88' lang='lat' dir='ltr'><strong>aestatis</strong></span> <span class='ocrx_word' id='word_1_198' title='bbox 281 2716 447 2800; x_wconf 85' lang='lat' dir='ltr'><strong>faciebant,</strong></span> <span class='ocrx_word' id='word_1_199' title='bbox 471 2717 556 2803; x_wconf 90' lang='lat' dir='ltr'><strong>quod</strong></span> <span class='ocrx_word' id='word_1_200' title='bbox 576 2726 702 2782; x_wconf 88' lang='lat' dir='ltr'><strong>nostrae</strong></span> <span class='ocrx_word' id='word_1_201' title='bbox 723 2737 821 2780; x_wconf 88' lang='lat' dir='ltr'><strong>naves</strong></span> <span class='ocrx_word' id='word_1_202' title='bbox 843 2713 1081 2801; x_wconf 88' lang='lat' dir='ltr'><strong>tempestatibus</strong></span> 
     </span>
     <span class='ocr_line' id='line_1_30' title="bbox 134 2800 1081 2888; baseline -0.002 -22"><span class='ocrx_word' id='word_1_203' title='bbox 134 2800 371 2884; x_wconf 87' lang='lat' dir='ltr'><strong>detinebantur,</strong></span> <span class='ocrx_word' id='word_1_204' title='bbox 407 2824 589 2888; x_wconf 88' lang='lat' dir='ltr'><strong>summaque</strong></span> <span class='ocrx_word' id='word_1_205' title='bbox 626 2811 694 2867; x_wconf 88' lang='lat' dir='ltr'><strong>erat</strong></span> <span class='ocrx_word' id='word_1_206' title='bbox 721 2810 811 2868; x_wconf 86' lang='lat' dir='ltr'><strong>vasto</strong></span> <span class='ocrx_word' id='word_1_207' title='bbox 844 2811 938 2887; x_wconf 89' lang='lat' dir='ltr'><strong>atque</strong></span> <span class='ocrx_word' id='word_1_208' title='bbox 973 2809 1081 2886; x_wconf 88' lang='lat' dir='ltr'><strong>aperto</strong></span> 
     </span>
     <span class='ocr_line' id='line_1_31' title="bbox 134 2885 1081 2974; baseline -0.002 -24"><span class='ocrx_word' id='word_1_209' title='bbox 134 2888 224 2970; x_wconf 91' lang='lat' dir='ltr'><strong>mari,</strong></span> <span class='ocrx_word' id='word_1_210' title='bbox 247 2888 369 2972; x_wconf 81' lang='lat' dir='ltr'><strong>magnis</strong></span> <span class='ocrx_word' id='word_1_211' title='bbox 393 2886 549 2970; x_wconf 88' lang='lat' dir='ltr'><strong>aestibus,</strong></span> <span class='ocrx_word' id='word_1_212' title='bbox 582 2888 664 2952; x_wconf 87' lang='lat' dir='ltr'><strong>raris</strong></span> <span class='ocrx_word' id='word_1_213' title='bbox 684 2909 722 2951; x_wconf 90' lang='lat' dir='ltr'><strong>ac</strong></span> <span class='ocrx_word' id='word_1_214' title='bbox 743 2907 842 2974; x_wconf 87' lang='lat' dir='ltr'><strong>prope</strong></span> <span class='ocrx_word' id='word_1_215' title='bbox 872 2885 965 2950; x_wconf 89' lang='lat' dir='ltr'><strong>nullis</strong></span> <span class='ocrx_word' id='word_1_216' title='bbox 986 2885 1081 2972; x_wconf 90' lang='lat' dir='ltr'><strong>porti-</strong></span> 
     </span>
     <span class='ocr_line' id='line_1_32' title="bbox 132 2970 594 3058; baseline 0 -22"><span class='ocrx_word' id='word_1_217' title='bbox 132 2970 202 3055; x_wconf 89' lang='lat' dir='ltr'><strong>bus,</strong></span> <span class='ocrx_word' id='word_1_218' title='bbox 225 2971 392 3036; x_wconf 89' lang='lat' dir='ltr'><strong>difficultas</strong></span> <span class='ocrx_word' id='word_1_219' title='bbox 413 2972 594 3058; x_wconf 84' lang='lat' dir='ltr'><strong>navigandi.</strong></span> 
     </span>
    </p>

    <p class='ocr_par' dir='ltr' id='par_1_8' title="bbox 199 3055 1081 3144">
     <span class='ocr_line' id='line_1_33' title="bbox 199 3055 1081 3144; baseline -0.005 -22"><span class='ocrx_word' id='word_1_220' title='bbox 199 3057 248 3122; x_wconf 84' lang='lat'><strong>13.</strong></span> <span class='ocrx_word' id='word_1_221' title='bbox 270 3057 414 3144; x_wconf 87' lang='lat' dir='ltr'><strong>Namque</strong></span> <span class='ocrx_word' id='word_1_222' title='bbox 446 3059 588 3144; x_wconf 90' lang='lat' dir='ltr'><strong>ipsorum</strong></span> <span class='ocrx_word' id='word_1_223' title='bbox 616 3079 715 3123; x_wconf 89' lang='lat' dir='ltr'><strong>naves</strong></span> <span class='ocrx_word' id='word_1_224' title='bbox 756 3057 797 3121; x_wconf 90' lang='lat' dir='ltr'><strong>ad</strong></span> <span class='ocrx_word' id='word_1_225' title='bbox 832 3056 916 3120; x_wconf 89' lang='lat' dir='ltr'><strong>buno</strong></span> <span class='ocrx_word' id='word_1_226' title='bbox 954 3055 1081 3120; x_wconf 90' lang='lat' dir='ltr'><strong>modum</strong></span> 
     </span>
    </p>
   </div>
   <div class='ocr_carea' id='block_1_7' title="bbox 12 3139 1082 3231">
    <p class='ocr_par' dir='ltr' id='par_1_9' title="bbox 12 3139 1082 3231">
     <span class='ocr_line' id='line_1_34' title="bbox 12 3139 1082 3231; baseline -0.003 -22"><span class='ocrx_word' id='word_1_227' title='bbox 12 3223 15 3231; x_wconf 14' lang='grc' dir='ltr'><em>γ</em></span> <span class='ocrx_word' id='word_1_228' title='bbox 133 3143 234 3209; x_wconf 87' lang='lat' dir='ltr'><strong>factae</strong></span> <span class='ocrx_word' id='word_1_229' title='bbox 257 3153 458 3229; x_wconf 88' lang='lat' dir='ltr'><strong>armataeque</strong></span> <span class='ocrx_word' id='word_1_230' title='bbox 488 3152 592 3207; x_wconf 86' lang='lat' dir='ltr'><strong>erant:</strong></span> <span class='ocrx_word' id='word_1_231' title='bbox 623 3145 749 3209; x_wconf 84' lang='lat' dir='ltr'><strong>carinae</strong></span> <span class='ocrx_word' id='word_1_232' title='bbox 771 3141 932 3228; x_wconf 90' lang='lat' dir='ltr'><strong>aliquanto</strong></span> <span class='ocrx_word' id='word_1_233' title='bbox 964 3139 1082 3226; x_wconf 91' lang='lat' dir='ltr'><strong>planio-</strong></span> 
     </span>
    </p>
   </div>
   <div class='ocr_carea' id='block_1_8' title="bbox 133 3226 1084 3571">
    <p class='ocr_par' dir='ltr' id='par_1_10' title="bbox 133 3226 1084 3571">
     <span class='ocr_line' id='line_1_35' title="bbox 133 3226 1083 3317; baseline -0.001 -24"><span class='ocrx_word' id='word_1_234' title='bbox 133 3251 184 3293; x_wconf 88' lang='lat' dir='ltr'><strong>res</strong></span> <span class='ocrx_word' id='word_1_235' title='bbox 207 3251 301 3317; x_wconf 91' lang='lat' dir='ltr'><strong>quam</strong></span> <span class='ocrx_word' id='word_1_236' title='bbox 325 3237 505 3293; x_wconf 87' lang='lat' dir='ltr'><strong>nostrarum</strong></span> <span class='ocrx_word' id='word_1_237' title='bbox 534 3229 678 3312; x_wconf 89' lang='lat' dir='ltr'><strong>navium,</strong></span> <span class='ocrx_word' id='word_1_238' title='bbox 708 3249 770 3314; x_wconf 91' lang='lat' dir='ltr'><strong>quo</strong></span> <span class='ocrx_word' id='word_1_239' title='bbox 798 3226 919 3290; x_wconf 90' lang='lat' dir='ltr'><strong>facilius</strong></span> <span class='ocrx_word' id='word_1_240' title='bbox 940 3226 1024 3292; x_wconf 83' lang='lat' dir='ltr'><strong>vada</strong></span> <span class='ocrx_word' id='word_1_241' title='bbox 1046 3247 1083 3292; x_wconf 90' lang='lat' dir='ltr'><strong>ac</strong></span> 
     </span>
     <span class='ocr_line' id='line_1_36' title="bbox 135 3309 1083 3400; baseline -0.002 -22"><span class='ocrx_word' id='word_1_242' title='bbox 135 3313 299 3381; x_wconf 85' lang='lat' dir='ltr'><strong>decessum</strong></span> <span class='ocrx_word' id='word_1_243' title='bbox 322 3321 426 3377; x_wconf 88' lang='lat' dir='ltr'><strong>aestus</strong></span> <span class='ocrx_word' id='word_1_244' title='bbox 449 3315 596 3399; x_wconf 88' lang='lat' dir='ltr'><strong>excipere</strong></span> <span class='ocrx_word' id='word_1_245' title='bbox 617 3321 767 3400; x_wconf 77' lang='lat' dir='ltr'><strong>possent3</strong></span> <span class='ocrx_word' id='word_1_246' title='bbox 788 3333 900 3398; x_wconf 86' lang='lat' dir='ltr'><strong>prorae</strong></span> <span class='ocrx_word' id='word_1_247' title='bbox 915 3309 1083 3377; x_wconf 88' lang='lat' dir='ltr'><strong>admodum</strong></span> 
     </span>
     <span class='ocr_line' id='line_1_37' title="bbox 135 3395 1083 3486; baseline -0.003 -20"><span class='ocrx_word' id='word_1_248' title='bbox 135 3407 256 3466; x_wconf 70' lang='lat' dir='ltr'><strong>erectae</strong></span> <span class='ocrx_word' id='word_1_249' title='bbox 277 3408 371 3484; x_wconf 88' lang='lat' dir='ltr'><strong>atque</strong></span> <span class='ocrx_word' id='word_1_250' title='bbox 390 3397 465 3462; x_wconf 88' lang='lat' dir='ltr'><strong>item</strong></span> <span class='ocrx_word' id='word_1_251' title='bbox 479 3420 601 3485; x_wconf 88' lang='lat' dir='ltr'><strong>puppes</strong></span> <span class='ocrx_word' id='word_1_252' title='bbox 617 3399 658 3462; x_wconf 84' lang='lat' dir='ltr'><strong>ad</strong></span> <span class='ocrx_word' id='word_1_253' title='bbox 671 3395 919 3486; x_wconf 85' lang='lat' dir='ltr'><strong>magnitudinem</strong></span> <span class='ocrx_word' id='word_1_254' title='bbox 933 3397 1083 3463; x_wconf 86' lang='lat' dir='ltr'><strong>fluctuum</strong></span> 
     </span>
     <span class='ocr_line' id='line_1_38' title="bbox 134 3483 1084 3571; baseline -0.002 -23"><span class='ocrx_word' id='word_1_255' title='bbox 134 3493 417 3571; x_wconf 84' lang='lat' dir='ltr'><strong>tempestatumque</strong></span> <span class='ocrx_word' id='word_1_256' title='bbox 445 3483 717 3567; x_wconf 82' lang='lat' dir='ltr'><strong>accommodatae3</strong></span> <span class='ocrx_word' id='word_1_257' title='bbox 748 3503 847 3547; x_wconf 85' lang='lat' dir='ltr'><strong>naves</strong></span> <span class='ocrx_word' id='word_1_258' title='bbox 878 3491 963 3549; x_wconf 85' lang='lat' dir='ltr'><strong>totae</strong></span> <span class='ocrx_word' id='word_1_259' title='bbox 983 3484 1084 3548; x_wconf 86' lang='lat' dir='ltr'><strong>factas</strong></span> 
     </span>
    </p>
   </div>
   <div class='ocr_carea' id='block_1_9' title="bbox 0 0 1276 3970">
    <p class='ocr_par' dir='ltr' id='par_1_11' title="bbox 0 0 1276 3970">
     <span class='ocr_line' id='line_1_39' title="bbox 0 0 1276 3970; baseline 0 0"><span class='ocrx_word' id='word_1_260' title='bbox 0 0 1276 3970; x_wconf 95' lang='lat' dir='ltr'><strong> </strong></span> 
     </span>
    </p>
   </div>
  </div>
 </body>
</html>
