<?xml version="1.0" encoding="UTF-8"?>
<!DOCTYPE html PUBLIC "-//W3C//DTD XHTML 1.0 Transitional//EN"
    "http://www.w3.org/TR/xhtml1/DTD/xhtml1-transitional.dtd">
<html xmlns="http://www.w3.org/1999/xhtml" xml:lang="en" lang="en">
 <head>
  <title>
</title>
<meta http-equiv="Content-Type" content="text/html;charset=utf-8" />
  <meta name='ocr-system' content='tesseract 3.04.00' />
  <meta name='ocr-capabilities' content='ocr_page ocr_carea ocr_par ocr_line ocrx_word'/>
</head>
<body>
  <div class='ocr_page' id='page_1' title='image "./ciuliicaesarisc01hirtgoog_0150.png"; bbox 0 0 2562 3966; ppageno 0'>
   <div class='ocr_carea' id='block_1_1' title="bbox 372 172 1086 268">
    <p class='ocr_par' dir='ltr' id='par_1_1' title="bbox 372 172 1086 268">
     <span class='ocr_line' id='line_1_1' title="bbox 372 172 1086 268; baseline -0.001 -2"><span class='ocrx_word' id='word_1_1' title='bbox 372 199 508 268; x_wconf 76' lang='lat' dir='ltr'><strong>corn.</strong></span> <span class='ocrx_word' id='word_1_2' title='bbox 530 172 694 266; x_wconf 77' lang='lat' dir='ltr'><strong>vr&#39;css.</strong></span> <span class='ocrx_word' id='word_1_3' title='bbox 716 199 852 266; x_wconf 76' lang='lat' dir='ltr'><strong>ss-sr.</strong></span> <span class='ocrx_word' id='word_1_4' title='bbox 1026 199 1086 266; x_wconf 72' lang='grc' dir='ltr'><strong>ιιι</strong></span> 
     </span>
    </p>
   </div>
   <div class='ocr_carea' id='block_1_2' title="bbox 127 368 1177 3522">
    <p class='ocr_par' dir='ltr' id='par_1_2' title="bbox 127 368 1103 1990">
     <span class='ocr_line' id='line_1_2' title="bbox 127 368 1087 470; baseline -0.002 -32"><span class='ocrx_word' id='word_1_5' title='bbox 127 373 414 438; x_wconf 69' lang='lat' dir='ltr'><strong>transmarinam</strong></span> <span class='ocrx_word' id='word_1_6' title='bbox 434 385 544 436; x_wconf 84' lang='lat' dir='ltr'><strong>rerum</strong></span> <span class='ocrx_word' id='word_1_7' title='bbox 561 371 673 436; x_wconf 84' lang='lat' dir='ltr'><strong>notitia</strong></span> <span class='ocrx_word' id='word_1_8' title='bbox 686 369 786 435; x_wconf 87' lang='lat' dir='ltr'><strong>multa</strong></span> <span class='ocrx_word' id='word_1_9' title='bbox 800 368 843 435; x_wconf 85' lang='lat' dir='ltr'><strong>ad</strong></span> <span class='ocrx_word' id='word_1_10' title='bbox 855 372 979 470; x_wconf 76' lang='lat' dir='ltr'><strong>copiam</strong></span> <span class='ocrx_word' id='word_1_11' title='bbox 993 378 1087 456; x_wconf 83' lang='lat' dir='ltr'><strong>atqua</strong></span> 
     </span>
     <span class='ocr_line' id='line_1_3' title="bbox 129 454 1087 542; baseline 0 -20"><span class='ocrx_word' id='word_1_12' title='bbox 129 480 207 522; x_wconf 90' lang='lat' dir='ltr'><strong>usus</strong></span> <span class='ocrx_word' id='word_1_13' title='bbox 222 457 371 542; x_wconf 80' lang='lat' dir='ltr'><strong>largitur3</strong></span> <span class='ocrx_word' id='word_1_14' title='bbox 394 455 546 542; x_wconf 84' lang='lat' dir='ltr'><strong>paulatim</strong></span> <span class='ocrx_word' id='word_1_15' title='bbox 567 455 737 522; x_wconf 72' lang='lat' dir='ltr'><strong>assuefacti</strong></span> <span class='ocrx_word' id='word_1_16' title='bbox 759 475 902 542; x_wconf 76' lang='lat' dir='ltr'><strong>superari</strong></span> <span class='ocrx_word' id='word_1_17' title='bbox 918 454 1087 542; x_wconf 85' lang='lat' dir='ltr'><strong>multisque</strong></span> 
     </span>
     <span class='ocr_line' id='line_1_4' title="bbox 128 539 1087 628; baseline -0.001 -20"><span class='ocrx_word' id='word_1_18' title='bbox 128 541 207 608; x_wconf 82' lang='lat' dir='ltr'><strong>victi</strong></span> <span class='ocrx_word' id='word_1_19' title='bbox 234 541 363 628; x_wconf 88' lang='lat' dir='ltr'><strong>procliis</strong></span> <span class='ocrx_word' id='word_1_20' title='bbox 392 564 433 606; x_wconf 87' lang='lat' dir='ltr'><strong>nc</strong></span> <span class='ocrx_word' id='word_1_21' title='bbox 461 563 497 606; x_wconf 88' lang='lat' dir='ltr'><strong>ss</strong></span> <span class='ocrx_word' id='word_1_22' title='bbox 523 539 651 626; x_wconf 87' lang='lat' dir='ltr'><strong>quidem</strong></span> <span class='ocrx_word' id='word_1_23' title='bbox 683 541 745 626; x_wconf 89' lang='lat' dir='ltr'><strong>ipsi</strong></span> <span class='ocrx_word' id='word_1_24' title='bbox 772 561 845 609; x_wconf 80' lang='lat' dir='ltr'><strong>cum</strong></span> <span class='ocrx_word' id='word_1_25' title='bbox 876 539 939 606; x_wconf 91' lang='lat' dir='ltr'><strong>illis</strong></span> <span class='ocrx_word' id='word_1_26' title='bbox 970 541 1087 607; x_wconf 81' lang='lat' dir='ltr'><strong>virtute</strong></span> 
     </span>
     <span class='ocr_line' id='line_1_5' title="bbox 127 635 327 694; baseline -0.015 0"><span class='ocrx_word' id='word_1_27' title='bbox 127 649 202 694; x_wconf 87' lang='lat' dir='ltr'><strong>com</strong></span> <span class='ocrx_word' id='word_1_28' title='bbox 225 635 327 692; x_wconf 72' lang='lat' dir='ltr'><strong>aratu.</strong></span> 
     </span>
     <span class='ocr_line' id='line_1_6' title="bbox 194 651 1088 797; baseline 0.001 -20"><span class='ocrx_word' id='word_1_29' title='bbox 194 651 246 778; x_wconf 66' lang='lat' dir='ltr'><strong>is.</strong></span> <span class='ocrx_word' id='word_1_30' title='bbox 268 711 373 776; x_wconf 87' lang='lat' dir='ltr'><strong>Huius</strong></span> <span class='ocrx_word' id='word_1_31' title='bbox 389 711 572 797; x_wconf 74' lang='lat' dir='ltr'>Hercyniae</span> <span class='ocrx_word' id='word_1_32' title='bbox 597 709 706 793; x_wconf 88' lang='lat' dir='ltr'><strong>silvae,</strong></span> <span class='ocrx_word' id='word_1_33' title='bbox 730 731 813 796; x_wconf 81' lang='lat' dir='ltr'><strong>quas</strong></span> <span class='ocrx_word' id='word_1_34' title='bbox 839 729 946 796; x_wconf 80' lang='lat' dir='ltr'><strong>supra</strong></span> <span class='ocrx_word' id='word_1_35' title='bbox 960 709 1088 778; x_wconf 79' lang='lat' dir='ltr'><strong>deman·</strong></span> 
     </span>
     <span class='ocr_line' id='line_1_7' title="bbox 128 795 1087 882; baseline 0 -20"><span class='ocrx_word' id='word_1_36' title='bbox 128 805 231 862; x_wconf 86' lang='lat' dir='ltr'><strong>strata</strong></span> <span class='ocrx_word' id='word_1_37' title='bbox 245 805 302 881; x_wconf 71' lang='lat' dir='ltr'><strong>est,</strong></span> <span class='ocrx_word' id='word_1_38' title='bbox 324 795 456 862; x_wconf 88' lang='lat' dir='ltr'><strong>latitudo</strong></span> <span class='ocrx_word' id='word_1_39' title='bbox 470 818 586 862; x_wconf 87' lang='lat' dir='ltr'><strong>novem</strong></span> <span class='ocrx_word' id='word_1_40' title='bbox 605 795 728 860; x_wconf 90' lang='lat' dir='ltr'><strong>dierum</strong></span> <span class='ocrx_word' id='word_1_41' title='bbox 741 797 802 860; x_wconf 87' lang='lat' dir='ltr'><strong>iter</strong></span> <span class='ocrx_word' id='word_1_42' title='bbox 816 795 964 882; x_wconf 80' lang='lat' dir='ltr'><strong>expedito</strong></span> <span class='ocrx_word' id='word_1_43' title='bbox 976 805 1087 882; x_wconf 78' lang='lat' dir='ltr'><strong>patet:</strong></span> 
     </span>
     <span class='ocr_line' id='line_1_8' title="bbox 130 879 1103 968; baseline 0.001 -21"><span class='ocrx_word' id='word_1_44' title='bbox 130 905 197 948; x_wconf 89' lang='lat' dir='ltr'><strong>non</strong></span> <span class='ocrx_word' id='word_1_45' title='bbox 211 883 296 948; x_wconf 88' lang='lat' dir='ltr'><strong>enim</strong></span> <span class='ocrx_word' id='word_1_46' title='bbox 308 881 402 947; x_wconf 73' lang='lat' dir='ltr'><strong>aliter</strong></span> <span class='ocrx_word' id='word_1_47' title='bbox 416 881 500 946; x_wconf 88' lang='lat' dir='ltr'><strong>liniri</strong></span> <span class='ocrx_word' id='word_1_48' title='bbox 513 890 625 967; x_wconf 87' lang='lat' dir='ltr'><strong>potest,</strong></span> <span class='ocrx_word' id='word_1_49' title='bbox 647 879 751 968; x_wconf 79' lang='lat' dir='ltr'><strong>neque</strong></span> <span class='ocrx_word' id='word_1_50' title='bbox 765 901 930 954; x_wconf 71' lang='lat' dir='ltr'><strong>mensuras</strong></span> <span class='ocrx_word' id='word_1_51' title='bbox 941 882 1103 948; x_wconf 78' lang='lat' dir='ltr'><strong>itinerum·</strong></span> 
     </span>
     <span class='ocr_line' id='line_1_9' title="bbox 128 965 1090 1052; baseline 0 -20"><span class='ocrx_word' id='word_1_52' title='bbox 128 976 298 1032; x_wconf 82' lang='lat' dir='ltr'><strong>noverunt.</strong></span> <span class='ocrx_word' id='word_1_53' title='bbox 343 965 453 1052; x_wconf 81' lang='lat' dir='ltr'><strong>Oritur</strong></span> <span class='ocrx_word' id='word_1_54' title='bbox 484 965 526 1033; x_wconf 90' lang='lat' dir='ltr'><strong>ab</strong></span> <span class='ocrx_word' id='word_1_55' title='bbox 554 965 774 1032; x_wconf 88' lang='lat' dir='ltr'><strong>Helvetiorum</strong></span> <span class='ocrx_word' id='word_1_56' title='bbox 802 974 834 1030; x_wconf 87' lang='lat' dir='ltr'><strong>et</strong></span> <span class='ocrx_word' id='word_1_57' title='bbox 853 965 1020 1034; x_wconf 76' lang='lat' dir='ltr'>Nemetum</span> <span class='ocrx_word' id='word_1_58' title='bbox 1057 975 1090 1032; x_wconf 88' lang='lat' dir='ltr'><strong>et</strong></span> 
     </span>
     <span class='ocr_line' id='line_1_10' title="bbox 130 1049 1089 1138; baseline 0 -22"><span class='ocrx_word' id='word_1_59' title='bbox 130 1052 347 1133; x_wconf 75' lang='lat' dir='ltr'><strong>Rauracorum</strong></span> <span class='ocrx_word' id='word_1_60' title='bbox 357 1051 474 1116; x_wconf 86' lang='lat' dir='ltr'><strong>finibus</strong></span> <span class='ocrx_word' id='word_1_61' title='bbox 489 1061 639 1138; x_wconf 85' lang='lat' dir='ltr'><strong>rectaque</strong></span> <span class='ocrx_word' id='word_1_62' title='bbox 654 1051 793 1118; x_wconf 86' lang='lat' dir='ltr'><strong>fluminis</strong></span> <span class='ocrx_word' id='word_1_63' title='bbox 804 1049 945 1116; x_wconf 82' lang='lat' dir='ltr'><strong>Danubii</strong></span> <span class='ocrx_word' id='word_1_64' title='bbox 959 1053 1089 1138; x_wconf 79' lang='lat' dir='ltr'><strong>regione</strong></span> 
     </span>
     <span class='ocr_line' id='line_1_11' title="bbox 155 1133 1088 1219; baseline 0 -17"><span class='ocrx_word' id='word_1_65' title='bbox 155 1139 269 1202; x_wconf 83' lang='lat' dir='ltr'><strong>ertinct</strong></span> <span class='ocrx_word' id='word_1_66' title='bbox 301 1137 343 1202; x_wconf 85' lang='lat' dir='ltr'><strong>ad</strong></span> <span class='ocrx_word' id='word_1_67' title='bbox 373 1137 453 1202; x_wconf 85' lang='lat' dir='ltr'><strong>fines</strong></span> <span class='ocrx_word' id='word_1_68' title='bbox 485 1135 646 1202; x_wconf 80' lang='lat' dir='ltr'><strong>Dacorum</strong></span> <span class='ocrx_word' id='word_1_69' title='bbox 678 1144 711 1201; x_wconf 91' lang='lat' dir='ltr'><strong>et</strong></span> <span class='ocrx_word' id='word_1_70' title='bbox 741 1133 925 1219; x_wconf 69' lang='lat' dir='ltr'><strong>Anartium</strong></span> <span class='ocrx_word' id='word_1_71' title='bbox 957 1137 1032 1203; x_wconf 86' lang='lat' dir='ltr'><strong>hinc</strong></span> <span class='ocrx_word' id='word_1_72' title='bbox 1054 1157 1088 1202; x_wconf 85' lang='lat' dir='ltr'><strong>se</strong></span> 
     </span>
     <span class='ocr_line' id='line_1_12' title="bbox 128 1160 1088 1307; baseline 0 -20"><span class='ocrx_word' id='word_1_73' title='bbox 128 1160 231 1304; x_wconf 56' lang='lat' dir='ltr'><strong>lectt</strong></span> <span class='ocrx_word' id='word_1_74' title='bbox 267 1223 465 1286; x_wconf 77' lang='lat' dir='ltr'><strong>sinistrorsus</strong></span> <span class='ocrx_word' id='word_1_75' title='bbox 506 1220 639 1288; x_wconf 83' lang='lat' dir='ltr'><strong>diversis</strong></span> <span class='ocrx_word' id='word_1_76' title='bbox 672 1219 713 1286; x_wconf 91' lang='lat' dir='ltr'><strong>ab</strong></span> <span class='ocrx_word' id='word_1_77' title='bbox 746 1219 875 1286; x_wconf 83' lang='lat' dir='ltr'><strong>flumine</strong></span> <span class='ocrx_word' id='word_1_78' title='bbox 906 1221 1088 1307; x_wconf 81' lang='lat' dir='ltr'><strong>regionibus</strong></span> 
     </span>
     <span class='ocr_line' id='line_1_13' title="bbox 128 1305 1088 1455; baseline -0.004 -79"><span class='ocrx_word' id='word_1_79' title='bbox 128 1305 365 1394; x_wconf 82' lang='lat' dir='ltr'><strong>multarumque</strong></span> <span class='ocrx_word' id='word_1_80' title='bbox 394 1307 536 1393; x_wconf 85' lang='lat' dir='ltr'><strong>gentium</strong></span> <span class='ocrx_word' id='word_1_81' title='bbox 567 1307 647 1372; x_wconf 85' lang='lat' dir='ltr'><strong>lines</strong></span> <span class='ocrx_word' id='word_1_82' title='bbox 678 1315 809 1455; x_wconf 52' lang='lat' dir='ltr'><strong>{raptor</strong></span> <span class='ocrx_word' id='word_1_83' title='bbox 840 1306 1088 1392; x_wconf 84' lang='lat' dir='ltr'><strong>magnitudinem</strong></span> 
     </span>
     <span class='ocr_line' id='line_1_14' title="bbox 132 1390 1090 1480; baseline 0.002 -24"><span class='ocrx_word' id='word_1_84' title='bbox 132 1393 273 1478; x_wconf 79' lang='lat' dir='ltr'><strong>attingit3</strong></span> <span class='ocrx_word' id='word_1_85' title='bbox 295 1414 398 1478; x_wconf 84' lang='lat' dir='ltr'><strong>neque</strong></span> <span class='ocrx_word' id='word_1_86' title='bbox 421 1393 588 1479; x_wconf 87' lang='lat' dir='ltr'><strong>quisquam</strong></span> <span class='ocrx_word' id='word_1_87' title='bbox 608 1398 658 1458; x_wconf 89' lang='lat' dir='ltr'><strong>est</strong></span> <span class='ocrx_word' id='word_1_88' title='bbox 701 1390 772 1456; x_wconf 84' lang='lat' dir='ltr'><strong>nius</strong></span> <span class='ocrx_word' id='word_1_89' title='bbox 801 1390 1005 1476; x_wconf 81' lang='lat' dir='ltr'><strong>Germaniae,</strong></span> <span class='ocrx_word' id='word_1_90' title='bbox 1035 1393 1090 1480; x_wconf 85' lang='lat' dir='ltr'><strong>qui</strong></span> 
     </span>
     <span class='ocr_line' id='line_1_15' title="bbox 133 1475 1090 1578; baseline 0.002 -36"><span class='ocrx_word' id='word_1_91' title='bbox 133 1499 169 1542; x_wconf 88' lang='lat' dir='ltr'><strong>sc</strong></span> <span class='ocrx_word' id='word_1_92' title='bbox 194 1487 250 1542; x_wconf 87' lang='lat' dir='ltr'><strong>aut</strong></span> <span class='ocrx_word' id='word_1_93' title='bbox 276 1477 381 1542; x_wconf 86' lang='lat' dir='ltr'><strong>adisse</strong></span> <span class='ocrx_word' id='word_1_94' title='bbox 414 1477 455 1542; x_wconf 86' lang='lat' dir='ltr'><strong>ad</strong></span> <span class='ocrx_word' id='word_1_95' title='bbox 483 1477 608 1542; x_wconf 88' lang='lat' dir='ltr'><strong>initium</strong></span> <span class='ocrx_word' id='word_1_96' title='bbox 636 1477 703 1544; x_wconf 88' lang='lat' dir='ltr'><strong>eius</strong></span> <span class='ocrx_word' id='word_1_97' title='bbox 732 1475 832 1542; x_wconf 84' lang='lat' dir='ltr'><strong>silvae</strong></span> <span class='ocrx_word' id='word_1_98' title='bbox 860 1475 959 1560; x_wconf 87' lang='lat' dir='ltr'><strong>dicat,</strong></span> <span class='ocrx_word' id='word_1_99' title='bbox 992 1499 1090 1578; x_wconf 77' lang='lat' dir='ltr'><strong>quum</strong></span> 
     </span>
     <span class='ocr_line' id='line_1_16' title="bbox 128 1561 1088 1648; baseline -0.003 -17"><span class='ocrx_word' id='word_1_100' title='bbox 128 1561 255 1631; x_wconf 81' lang='lat' dir='ltr'><strong>dierum</strong></span> <span class='ocrx_word' id='word_1_101' title='bbox 275 1563 336 1628; x_wconf 88' lang='lat' dir='ltr'><strong>iter</strong></span> <span class='ocrx_word' id='word_1_102' title='bbox 353 1569 403 1626; x_wconf 81' lang='lat' dir='ltr'><strong>LX</strong></span> <span class='ocrx_word' id='word_1_103' title='bbox 418 1563 624 1648; x_wconf 83' lang='lat' dir='ltr'><strong>processerit,</strong></span> <span class='ocrx_word' id='word_1_104' title='bbox 645 1571 713 1645; x_wconf 88' lang='lat' dir='ltr'><strong>aut,</strong></span> <span class='ocrx_word' id='word_1_105' title='bbox 736 1583 799 1648; x_wconf 88' lang='lat' dir='ltr'><strong>quo</strong></span> <span class='ocrx_word' id='word_1_106' title='bbox 823 1584 864 1627; x_wconf 84' lang='lat' dir='ltr'><strong>ex</strong></span> <span class='ocrx_word' id='word_1_107' title='bbox 877 1561 947 1628; x_wconf 88' lang='lat' dir='ltr'><strong>loco</strong></span> <span class='ocrx_word' id='word_1_108' title='bbox 961 1571 1088 1646; x_wconf 65' lang='lat' dir='ltr'><strong>ornatu,</strong></span> 
     </span>
     <span class='ocr_line' id='line_1_17' title="bbox 132 1647 1090 1797; baseline 0.001 -85"><span class='ocrx_word' id='word_1_109' title='bbox 132 1648 310 1734; x_wconf 84' lang='lat' dir='ltr'><strong>acceperit:</strong></span> <span class='ocrx_word' id='word_1_110' title='bbox 347 1647 509 1797; x_wconf 52' lang='lat' dir='ltr'><strong>mffllrue</strong></span> <span class='ocrx_word' id='word_1_111' title='bbox 545 1650 580 1712; x_wconf 92' lang='lat' dir='ltr'><strong>in</strong></span> <span class='ocrx_word' id='word_1_112' title='bbox 611 1670 650 1714; x_wconf 90' lang='lat' dir='ltr'><strong>ea</strong></span> <span class='ocrx_word' id='word_1_113' title='bbox 684 1669 803 1732; x_wconf 85' lang='lat' dir='ltr'><strong>genera</strong></span> <span class='ocrx_word' id='word_1_114' title='bbox 833 1647 970 1713; x_wconf 87' lang='lat' dir='ltr'><strong>ferarum</strong></span> <span class='ocrx_word' id='word_1_115' title='bbox 995 1649 1090 1714; x_wconf 84' lang='lat' dir='ltr'><strong>nasci</strong></span> 
     </span>
     <span class='ocr_line' id='line_1_18' title="bbox 127 1731 1090 1820; baseline 0 -22"><span class='ocrx_word' id='word_1_116' title='bbox 127 1741 273 1816; x_wconf 84' lang='lat' dir='ltr'><strong>constat,</strong></span> <span class='ocrx_word' id='word_1_117' title='bbox 307 1754 389 1820; x_wconf 87' lang='lat' dir='ltr'><strong>quae</strong></span> <span class='ocrx_word' id='word_1_118' title='bbox 416 1755 452 1797; x_wconf 86' lang='lat' dir='ltr'><strong>re</strong></span> <span class='ocrx_word' id='word_1_119' title='bbox 466 1733 547 1820; x_wconf 88' lang='lat' dir='ltr'><strong>&#39;quis</strong></span> <span class='ocrx_word' id='word_1_120' title='bbox 575 1735 610 1798; x_wconf 88' lang='lat' dir='ltr'><strong>in</strong></span> <span class='ocrx_word' id='word_1_121' title='bbox 637 1731 716 1797; x_wconf 89' lang='lat' dir='ltr'><strong>locis</strong></span> <span class='ocrx_word' id='word_1_122' title='bbox 747 1732 815 1797; x_wconf 87' lang='lat' dir='ltr'><strong>visa</strong></span> <span class='ocrx_word' id='word_1_123' title='bbox 841 1754 906 1799; x_wconf 90' lang='lat' dir='ltr'><strong>non</strong></span> <span class='ocrx_word' id='word_1_124' title='bbox 938 1733 1015 1816; x_wconf 78' lang='lat' dir='ltr'><strong>siut3</strong></span> <span class='ocrx_word' id='word_1_125' title='bbox 1047 1755 1090 1798; x_wconf 84' lang='lat' dir='ltr'><strong>ox</strong></span> 
     </span>
     <span class='ocr_line' id='line_1_19' title="bbox 132 1816 1090 1905; baseline 0.002 -23"><span class='ocrx_word' id='word_1_126' title='bbox 132 1817 249 1905; x_wconf 89' lang='lat' dir='ltr'><strong>quibus</strong></span> <span class='ocrx_word' id='word_1_127' title='bbox 272 1840 352 1905; x_wconf 89' lang='lat' dir='ltr'><strong>quae</strong></span> <span class='ocrx_word' id='word_1_128' title='bbox 366 1820 505 1884; x_wconf 85' lang='lat' dir='ltr'><strong>maximo</strong></span> <span class='ocrx_word' id='word_1_129' title='bbox 527 1817 675 1884; x_wconf 81' lang='lat' dir='ltr'><strong>differant</strong></span> <span class='ocrx_word' id='word_1_130' title='bbox 688 1816 729 1882; x_wconf 86' lang='lat' dir='ltr'><strong>ab</strong></span> <span class='ocrx_word' id='word_1_131' title='bbox 744 1818 858 1884; x_wconf 86' lang='lat' dir='ltr'><strong>ceteris</strong></span> <span class='ocrx_word' id='word_1_132' title='bbox 874 1827 906 1883; x_wconf 90' lang='lat' dir='ltr'><strong>ct</strong></span> <span class='ocrx_word' id='word_1_133' title='bbox 918 1819 1090 1905; x_wconf 84' lang='lat' dir='ltr'><strong>memoriae</strong></span> 
     </span>
     <span class='ocr_line' id='line_1_20' title="bbox 130 1898 703 1990; baseline 0.002 -23"><span class='ocrx_word' id='word_1_134' title='bbox 130 1898 301 1990; x_wconf 86' lang='lat' dir='ltr'><strong>prodenda</strong></span> <span class='ocrx_word' id='word_1_135' title='bbox 320 1903 498 1986; x_wconf 88' lang='lat' dir='ltr'><strong>videantur,</strong></span> <span class='ocrx_word' id='word_1_136' title='bbox 519 1903 600 1970; x_wconf 83' lang='lat' dir='ltr'><strong>haec</strong></span> <span class='ocrx_word' id='word_1_137' title='bbox 621 1911 703 1968; x_wconf 87' lang='lat' dir='ltr'><strong>sunt.</strong></span> 
     </span>
    </p>

    <p class='ocr_par' dir='ltr' id='par_1_3' title="bbox 128 1987 1090 2502">
     <span class='ocr_line' id='line_1_21' title="bbox 196 1987 1090 2074; baseline 0.001 -21"><span class='ocrx_word' id='word_1_138' title='bbox 196 1987 248 2053; x_wconf 79' lang='lat'><strong>26.</strong></span> <span class='ocrx_word' id='word_1_139' title='bbox 280 1987 341 2054; x_wconf 81' lang='lat' dir='ltr'><strong>Est</strong></span> <span class='ocrx_word' id='word_1_140' title='bbox 368 1987 426 2055; x_wconf 90' lang='lat' dir='ltr'><strong>bos</strong></span> <span class='ocrx_word' id='word_1_141' title='bbox 456 1990 543 2055; x_wconf 85' lang='lat' dir='ltr'><strong>cervi</strong></span> <span class='ocrx_word' id='word_1_142' title='bbox 570 1989 686 2074; x_wconf 78' lang='lat' dir='ltr'><strong>figura,</strong></span> <span class='ocrx_word' id='word_1_143' title='bbox 712 1989 801 2054; x_wconf 71' lang='lat' dir='ltr'><strong>ornus</strong></span> <span class='ocrx_word' id='word_1_144' title='bbox 823 2009 843 2052; x_wconf 82' lang='lat' dir='ltr'><strong>a</strong></span> <span class='ocrx_word' id='word_1_145' title='bbox 863 1987 968 2054; x_wconf 80' lang='lat' dir='ltr'><strong>media</strong></span> <span class='ocrx_word' id='word_1_146' title='bbox 988 1989 1090 2057; x_wconf 77' lang='lat' dir='ltr'><strong>fronte</strong></span> 
     </span>
     <span class='ocr_line' id='line_1_22' title="bbox 128 2072 1090 2160; baseline 0.005 -24"><span class='ocrx_word' id='word_1_147' title='bbox 128 2075 215 2146; x_wconf 85' lang='lat' dir='ltr'><strong>inter</strong></span> <span class='ocrx_word' id='word_1_148' title='bbox 236 2095 328 2138; x_wconf 88' lang='lat' dir='ltr'><strong>aures</strong></span> <span class='ocrx_word' id='word_1_149' title='bbox 351 2097 449 2139; x_wconf 89' lang='lat' dir='ltr'><strong>unum</strong></span> <span class='ocrx_word' id='word_1_150' title='bbox 470 2096 568 2140; x_wconf 86' lang='lat' dir='ltr'><strong>cornu</strong></span> <span class='ocrx_word' id='word_1_151' title='bbox 590 2075 714 2138; x_wconf 79' lang='lat' dir='ltr'><strong>exsistit</strong></span> <span class='ocrx_word' id='word_1_152' title='bbox 741 2072 899 2138; x_wconf 73' lang='lat' dir='ltr'><strong>excelsius</strong></span> <span class='ocrx_word' id='word_1_153' title='bbox 925 2075 1090 2160; x_wconf 69' lang='lat' dir='ltr'><strong>magisque</strong></span> 
     </span>
     <span class='ocr_line' id='line_1_23' title="bbox 130 2153 1089 2246; baseline 0.003 -24"><span class='ocrx_word' id='word_1_154' title='bbox 130 2157 288 2224; x_wconf 74' lang='lat' dir='ltr'><strong>directsm</strong></span> <span class='ocrx_word' id='word_1_155' title='bbox 315 2153 380 2242; x_wconf 88' lang='lat' dir='ltr'><strong>his,</strong></span> <span class='ocrx_word' id='word_1_156' title='bbox 414 2181 496 2246; x_wconf 87' lang='lat' dir='ltr'><strong>quae</strong></span> <span class='ocrx_word' id='word_1_157' title='bbox 524 2159 617 2224; x_wconf 89' lang='lat' dir='ltr'><strong>nobis</strong></span> <span class='ocrx_word' id='word_1_158' title='bbox 645 2169 720 2224; x_wconf 89' lang='lat' dir='ltr'><strong>nota</strong></span> <span class='ocrx_word' id='word_1_159' title='bbox 749 2167 835 2241; x_wconf 87' lang='lat' dir='ltr'><strong>sunt,</strong></span> <span class='ocrx_word' id='word_1_160' title='bbox 858 2157 1024 2224; x_wconf 86' lang='lat' dir='ltr'><strong>cornibus:</strong></span> <span class='ocrx_word' id='word_1_161' title='bbox 1047 2158 1089 2226; x_wconf 85' lang='lat' dir='ltr'><strong>ab</strong></span> 
     </span>
     <span class='ocr_line' id='line_1_24' title="bbox 129 2243 1089 2331; baseline 0.002 -24"><span class='ocrx_word' id='word_1_162' title='bbox 129 2243 202 2308; x_wconf 85' lang='lat' dir='ltr'><strong>cius</strong></span> <span class='ocrx_word' id='word_1_163' title='bbox 225 2265 348 2310; x_wconf 90' lang='lat' dir='ltr'><strong>summo</strong></span> <span class='ocrx_word' id='word_1_164' title='bbox 371 2245 451 2309; x_wconf 87' lang='lat' dir='ltr'><strong>sicut</strong></span> <span class='ocrx_word' id='word_1_165' title='bbox 473 2243 598 2330; x_wconf 85' lang='lat' dir='ltr'><strong>palmae</strong></span> <span class='ocrx_word' id='word_1_166' title='bbox 619 2245 762 2331; x_wconf 71' lang='lat' dir='ltr'><strong>nuruique</strong></span> <span class='ocrx_word' id='word_1_167' title='bbox 784 2243 847 2308; x_wconf 86' lang='lat' dir='ltr'><strong>late</strong></span> <span class='ocrx_word' id='word_1_168' title='bbox 862 2243 1089 2309; x_wconf 81' lang='lat' dir='ltr'><strong>diffunduntur.</strong></span> 
     </span>
     <span class='ocr_line' id='line_1_25' title="bbox 132 2323 1090 2416; baseline 0 -22"><span class='ocrx_word' id='word_1_169' title='bbox 132 2323 256 2394; x_wconf 79' lang='lat' dir='ltr'><strong>Eadem</strong></span> <span class='ocrx_word' id='word_1_170' title='bbox 285 2338 334 2394; x_wconf 87' lang='lat' dir='ltr'><strong>est</strong></span> <span class='ocrx_word' id='word_1_171' title='bbox 360 2325 496 2396; x_wconf 82' lang='lat' dir='ltr'><strong>feminae</strong></span> <span class='ocrx_word' id='word_1_172' title='bbox 525 2332 685 2416; x_wconf 82' lang='lat' dir='ltr'><strong>marisque</strong></span> <span class='ocrx_word' id='word_1_173' title='bbox 710 2337 832 2412; x_wconf 86' lang='lat' dir='ltr'><strong>natura,</strong></span> <span class='ocrx_word' id='word_1_174' title='bbox 854 2328 968 2394; x_wconf 86' lang='lat' dir='ltr'><strong>eadem</strong></span> <span class='ocrx_word' id='word_1_175' title='bbox 989 2329 1090 2395; x_wconf 77' lang='lat' dir='ltr'><strong>tonna</strong></span> 
     </span>
     <span class='ocr_line' id='line_1_26' title="bbox 131 2414 606 2502; baseline 0.008 -22"><span class='ocrx_word' id='word_1_176' title='bbox 131 2436 165 2480; x_wconf 85' lang='lat' dir='ltr'><strong>m</strong></span> <span class='ocrx_word' id='word_1_177' title='bbox 232 2414 380 2502; x_wconf 85' lang='lat' dir='ltr'><strong>&#39;tudoque</strong></span> <span class='ocrx_word' id='word_1_178' title='bbox 402 2437 563 2480; x_wconf 89' lang='lat' dir='ltr'><strong>cornuum.</strong></span> <span class='ocrx_word' id='word_1_179' title='bbox 602 2479 606 2484; x_wconf 93' lang='grc'><em>,</em></span> 
     </span>
    </p>

    <p class='ocr_par' dir='ltr' id='par_1_4' title="bbox 128 2436 1177 3522">
     <span class='ocr_line' id='line_1_27' title="bbox 166 2436 1089 2586; baseline 0.001 -22"><span class='ocrx_word' id='word_1_180' title='bbox 166 2436 249 2564; x_wconf 50' lang='grc' dir='ltr'>Ἤ</span> <span class='ocrx_word' id='word_1_181' title='bbox 282 2497 363 2564; x_wconf 86' lang='lat' dir='ltr'><strong>Sunt</strong></span> <span class='ocrx_word' id='word_1_182' title='bbox 383 2500 476 2583; x_wconf 86' lang='lat' dir='ltr'><strong>item,</strong></span> <span class='ocrx_word' id='word_1_183' title='bbox 503 2521 585 2586; x_wconf 86' lang='lat' dir='ltr'><strong>quae</strong></span> <span class='ocrx_word' id='word_1_184' title='bbox 605 2497 805 2586; x_wconf 87' lang='lat' dir='ltr'><strong>appellantur</strong></span> <span class='ocrx_word' id='word_1_185' title='bbox 826 2498 921 2566; x_wconf 86' lang='lat' dir='ltr'><strong>alces.</strong></span> <span class='ocrx_word' id='word_1_186' title='bbox 967 2499 1089 2567; x_wconf 83' lang='lat' dir='ltr'><strong>Harum</strong></span> 
     </span>
     <span class='ocr_line' id='line_1_28' title="bbox 131 2583 1091 2672; baseline 0 -22"><span class='ocrx_word' id='word_1_187' title='bbox 131 2592 183 2650; x_wconf 81' lang='lat' dir='ltr'><strong>est</strong></span> <span class='ocrx_word' id='word_1_188' title='bbox 204 2583 376 2650; x_wconf 89' lang='lat' dir='ltr'><strong>consimilis</strong></span> <span class='ocrx_word' id='word_1_189' title='bbox 400 2606 439 2650; x_wconf 85' lang='lat' dir='ltr'><strong>ca</strong></span> <span class='ocrx_word' id='word_1_190' title='bbox 460 2585 505 2650; x_wconf 85' lang='lat' dir='ltr'><strong>ris</strong></span> <span class='ocrx_word' id='word_1_191' title='bbox 526 2585 630 2671; x_wconf 81' lang='lat' dir='ltr'><strong>figura</strong></span> <span class='ocrx_word' id='word_1_192' title='bbox 651 2593 684 2650; x_wconf 88' lang='lat' dir='ltr'><strong>et</strong></span> <span class='ocrx_word' id='word_1_193' title='bbox 703 2585 841 2650; x_wconf 85' lang='lat' dir='ltr'><strong>varietas</strong></span> <span class='ocrx_word' id='word_1_194' title='bbox 862 2584 1010 2672; x_wconf 86' lang='lat' dir='ltr'><strong>pellium,</strong></span> <span class='ocrx_word' id='word_1_195' title='bbox 1033 2584 1091 2650; x_wconf 87' lang='lat' dir='ltr'><strong>scd</strong></span> 
     </span>
     <span class='ocr_line' id='line_1_29' title="bbox 133 2667 1090 2756; baseline 0.001 -23"><span class='ocrx_word' id='word_1_196' title='bbox 133 2667 351 2756; x_wconf 75' lang='lat' dir='ltr'><strong>magnitudine</strong></span> <span class='ocrx_word' id='word_1_197' title='bbox 379 2689 422 2756; x_wconf 90' lang='lat' dir='ltr'><strong>pa</strong></span> <span class='ocrx_word' id='word_1_198' title='bbox 456 2692 474 2734; x_wconf 90' lang='lat' dir='ltr'><strong>o</strong></span> <span class='ocrx_word' id='word_1_199' title='bbox 503 2669 694 2737; x_wconf 85' lang='lat' dir='ltr'><strong>antecedunt</strong></span> <span class='ocrx_word' id='word_1_200' title='bbox 717 2669 844 2734; x_wconf 86' lang='lat' dir='ltr'><strong>mutilae</strong></span> <span class='ocrx_word' id='word_1_201' title='bbox 867 2693 907 2734; x_wconf 89' lang='lat' dir='ltr'><strong>ue</strong></span> <span class='ocrx_word' id='word_1_202' title='bbox 929 2679 1002 2736; x_wconf 90' lang='lat' dir='ltr'><strong>sunt</strong></span> <span class='ocrx_word' id='word_1_203' title='bbox 1023 2691 1090 2736; x_wconf 84' lang='lat' dir='ltr'><strong>cor-</strong></span> 
     </span>
     <span class='ocr_line' id='line_1_30' title="bbox 131 2693 1091 2841; baseline 0.003 -24"><span class='ocrx_word' id='word_1_204' title='bbox 131 2752 228 2820; x_wconf 74' lang='lat' dir='ltr'><strong>ussrus</strong></span> <span class='ocrx_word' id='word_1_205' title='bbox 251 2763 283 2818; x_wconf 89' lang='lat' dir='ltr'><strong>et</strong></span> <span class='ocrx_word' id='word_1_206' title='bbox 305 2775 398 2818; x_wconf 91' lang='lat' dir='ltr'><strong>crura</strong></span> <span class='ocrx_word' id='word_1_207' title='bbox 420 2755 489 2818; x_wconf 88' lang='lat' dir='ltr'><strong>siue</strong></span> <span class='ocrx_word' id='word_1_208' title='bbox 509 2753 602 2819; x_wconf 86' lang='lat' dir='ltr'><strong>nodis</strong></span> <span class='ocrx_word' id='word_1_209' title='bbox 623 2754 827 2840; x_wconf 80' lang='lat' dir='ltr'><strong>articulisque</strong></span> <span class='ocrx_word' id='word_1_210' title='bbox 846 2693 966 2822; x_wconf 63' lang='lat' dir='ltr'><strong>labent</strong></span> <span class='ocrx_word' id='word_1_211' title='bbox 985 2776 1091 2841; x_wconf 87' lang='lat' dir='ltr'><strong>neque</strong></span> 
     </span>
     <span class='ocr_line' id='line_1_31' title="bbox 128 2838 1092 2926; baseline 0 -22"><span class='ocrx_word' id='word_1_212' title='bbox 128 2838 248 2926; x_wconf 82' lang='lat' dir='ltr'><strong>quietis</strong></span> <span class='ocrx_word' id='word_1_213' title='bbox 271 2861 367 2904; x_wconf 89' lang='lat' dir='ltr'><strong>causa</strong></span> <span class='ocrx_word' id='word_1_214' title='bbox 380 2839 593 2926; x_wconf 88' lang='lat' dir='ltr'><strong>procumbunt</strong></span> <span class='ocrx_word' id='word_1_215' title='bbox 605 2861 719 2926; x_wconf 87' lang='lat' dir='ltr'><strong>neque,</strong></span> <span class='ocrx_word' id='word_1_216' title='bbox 746 2841 850 2926; x_wconf 89' lang='lat' dir='ltr'><strong>siquo</strong></span> <span class='ocrx_word' id='word_1_217' title='bbox 865 2841 1000 2906; x_wconf 80' lang='lat' dir='ltr'><strong>afflictae</strong></span> <span class='ocrx_word' id='word_1_218' title='bbox 1015 2861 1092 2905; x_wconf 87' lang='lat' dir='ltr'><strong>casu</strong></span> 
     </span>
     <span class='ocr_line' id='line_1_32' title="bbox 129 2920 1090 3012; baseline -0.002 -22"><span class='ocrx_word' id='word_1_219' title='bbox 129 2923 351 3007; x_wconf 83' lang='lat' dir='ltr'><strong>conciderunt,</strong></span> <span class='ocrx_word' id='word_1_220' title='bbox 374 2920 496 3009; x_wconf 82' lang='lat' dir='ltr'><strong>erigere</strong></span> <span class='ocrx_word' id='word_1_221' title='bbox 519 2947 589 2990; x_wconf 85' lang='lat' dir='ltr'><strong>sese</strong></span> <span class='ocrx_word' id='word_1_222' title='bbox 611 2934 666 2989; x_wconf 88' lang='lat' dir='ltr'><strong>aut</strong></span> <span class='ocrx_word' id='word_1_223' title='bbox 686 2923 853 2990; x_wconf 83' lang='lat' dir='ltr'><strong>sublevare</strong></span> <span class='ocrx_word' id='word_1_224' title='bbox 867 2935 1007 3012; x_wconf 88' lang='lat' dir='ltr'><strong>possunt.</strong></span> <span class='ocrx_word' id='word_1_225' title='bbox 1030 2925 1090 2990; x_wconf 87' lang='lat' dir='ltr'><strong>His</strong></span> 
     </span>
     <span class='ocr_line' id='line_1_33' title="bbox 130 3008 1177 3096; baseline -0.004 -23"><span class='ocrx_word' id='word_1_226' title='bbox 130 3019 210 3074; x_wconf 87' lang='lat' dir='ltr'><strong>sunt</strong></span> <span class='ocrx_word' id='word_1_227' title='bbox 247 3009 378 3074; x_wconf 69' lang='lat' dir='ltr'><strong>arbnes</strong></span> <span class='ocrx_word' id='word_1_228' title='bbox 410 3032 469 3096; x_wconf 88' lang='lat' dir='ltr'><strong>pro</strong></span> <span class='ocrx_word' id='word_1_229' title='bbox 501 3008 675 3075; x_wconf 86' lang='lat' dir='ltr'><strong>cubilibus:</strong></span> <span class='ocrx_word' id='word_1_230' title='bbox 709 3009 750 3074; x_wconf 88' lang='lat' dir='ltr'><strong>ad</strong></span> <span class='ocrx_word' id='word_1_231' title='bbox 783 3031 836 3074; x_wconf 90' lang='lat' dir='ltr'><strong>eas</strong></span> <span class='ocrx_word' id='word_1_232' title='bbox 866 3033 900 3092; x_wconf 78' lang='lat' dir='ltr'><strong>se</strong></span> <span class='ocrx_word' id='word_1_233' title='bbox 932 3009 1092 3096; x_wconf 89' lang='lat' dir='ltr'><strong>applicant</strong></span> <span class='ocrx_word' id='word_1_234' title='bbox 1174 3065 1177 3069; x_wconf 79' lang='grc'>,</span> 
     </span>
     <span class='ocr_line' id='line_1_34' title="bbox 131 3093 1091 3181; baseline 0 -23"><span class='ocrx_word' id='word_1_235' title='bbox 131 3101 230 3180; x_wconf 87' lang='lat' dir='ltr'><strong>atquc</strong></span> <span class='ocrx_word' id='word_1_236' title='bbox 257 3097 303 3160; x_wconf 87' lang='lat' dir='ltr'><strong>ita</strong></span> <span class='ocrx_word' id='word_1_237' title='bbox 324 3093 453 3180; x_wconf 89' lang='lat' dir='ltr'><strong>paulum</strong></span> <span class='ocrx_word' id='word_1_238' title='bbox 481 3093 574 3160; x_wconf 88' lang='lat' dir='ltr'><strong>modo</strong></span> <span class='ocrx_word' id='word_1_239' title='bbox 596 3094 768 3160; x_wconf 86' lang='lat' dir='ltr'><strong>reclinatae</strong></span> <span class='ocrx_word' id='word_1_240' title='bbox 795 3097 932 3180; x_wconf 79' lang='lat' dir='ltr'><strong>quietem</strong></span> <span class='ocrx_word' id='word_1_241' title='bbox 953 3097 1091 3181; x_wconf 88' lang='lat' dir='ltr'><strong>capiunt.</strong></span> 
     </span>
     <span class='ocr_line' id='line_1_35' title="bbox 131 3173 1091 3266; baseline 0.002 -24"><span class='ocrx_word' id='word_1_242' title='bbox 131 3173 279 3258; x_wconf 78' lang='lat' dir='ltr'><strong>Quarum</strong></span> <span class='ocrx_word' id='word_1_243' title='bbox 301 3201 343 3243; x_wconf 85' lang='lat' dir='ltr'><strong>ex</strong></span> <span class='ocrx_word' id='word_1_244' title='bbox 362 3179 504 3264; x_wconf 82' lang='lat' dir='ltr'><strong>vestigiis</strong></span> <span class='ocrx_word' id='word_1_245' title='bbox 527 3203 624 3266; x_wconf 91' lang='lat' dir='ltr'><strong>quum</strong></span> <span class='ocrx_word' id='word_1_246' title='bbox 648 3188 710 3244; x_wconf 86' lang='lat' dir='ltr'><strong>est</strong></span> <span class='ocrx_word' id='word_1_247' title='bbox 724 3180 978 3246; x_wconf 87' lang='lat' dir='ltr'><strong>animadversum</strong></span> <span class='ocrx_word' id='word_1_248' title='bbox 999 3203 1018 3244; x_wconf 92' lang='lat' dir='ltr'><strong>a</strong></span> <span class='ocrx_word' id='word_1_249' title='bbox 1038 3201 1091 3244; x_wconf 85' lang='lat' dir='ltr'><strong>ve·</strong></span> 
     </span>
     <span class='ocr_line' id='line_1_36' title="bbox 131 3262 1091 3350; baseline 0.002 -22"><span class='ocrx_word' id='word_1_250' title='bbox 131 3262 311 3347; x_wconf 82' lang='lat' dir='ltr'><strong>natoribus,</strong></span> <span class='ocrx_word' id='word_1_251' title='bbox 333 3285 396 3349; x_wconf 92' lang='lat' dir='ltr'><strong>quo</strong></span> <span class='ocrx_word' id='word_1_252' title='bbox 419 3286 453 3328; x_wconf 91' lang='lat' dir='ltr'><strong>se</strong></span> <span class='ocrx_word' id='word_1_253' title='bbox 474 3267 615 3350; x_wconf 84' lang='lat' dir='ltr'><strong>recipere</strong></span> <span class='ocrx_word' id='word_1_254' title='bbox 630 3266 820 3348; x_wconf 82' lang='lat' dir='ltr'><strong>consuerint,</strong></span> <span class='ocrx_word' id='word_1_255' title='bbox 843 3287 951 3330; x_wconf 89' lang='lat' dir='ltr'><strong>omnes</strong></span> <span class='ocrx_word' id='word_1_256' title='bbox 968 3287 1005 3330; x_wconf 88' lang='lat' dir='ltr'><strong>eo</strong></span> <span class='ocrx_word' id='word_1_257' title='bbox 1021 3263 1091 3330; x_wconf 87' lang='lat' dir='ltr'><strong>loco</strong></span> 
     </span>
     <span class='ocr_line' id='line_1_37' title="bbox 131 3347 1091 3433; baseline 0.002 -21"><span class='ocrx_word' id='word_1_258' title='bbox 131 3359 190 3413; x_wconf 84' lang='lat' dir='ltr'><strong>aut</strong></span> <span class='ocrx_word' id='word_1_259' title='bbox 211 3349 252 3414; x_wconf 91' lang='lat' dir='ltr'><strong>ab</strong></span> <span class='ocrx_word' id='word_1_260' title='bbox 274 3347 434 3414; x_wconf 88' lang='lat' dir='ltr'><strong>radicibus</strong></span> <span class='ocrx_word' id='word_1_261' title='bbox 457 3349 610 3415; x_wconf 87' lang='lat' dir='ltr'><strong>subruunt</strong></span> <span class='ocrx_word' id='word_1_262' title='bbox 631 3359 685 3414; x_wconf 90' lang='lat' dir='ltr'><strong>aut</strong></span> <span class='ocrx_word' id='word_1_263' title='bbox 695 3349 842 3414; x_wconf 84' lang='lat' dir='ltr'><strong>accidunt</strong></span> <span class='ocrx_word' id='word_1_264' title='bbox 860 3350 1000 3433; x_wconf 86' lang='lat' dir='ltr'><strong>arbores,</strong></span> <span class='ocrx_word' id='word_1_265' title='bbox 1023 3358 1091 3414; x_wconf 88' lang='lat' dir='ltr'><strong>tan·</strong></span> 
     </span>
     <span class='ocr_line' id='line_1_38' title="bbox 130 3433 1092 3522; baseline 0.001 -25"><span class='ocrx_word' id='word_1_266' title='bbox 130 3445 204 3498; x_wconf 79' lang='lat' dir='ltr'><strong>tum</strong></span> <span class='ocrx_word' id='word_1_267' title='bbox 225 3443 260 3498; x_wconf 92' lang='lat' dir='ltr'><strong>ut</strong></span> <span class='ocrx_word' id='word_1_268' title='bbox 282 3455 406 3498; x_wconf 89' lang='lat' dir='ltr'><strong>summa</strong></span> <span class='ocrx_word' id='word_1_269' title='bbox 427 3435 548 3522; x_wconf 86' lang='lat' dir='ltr'><strong>species</strong></span> <span class='ocrx_word' id='word_1_270' title='bbox 578 3457 687 3500; x_wconf 88' lang='lat' dir='ltr'><strong>earum</strong></span> <span class='ocrx_word' id='word_1_271' title='bbox 716 3437 866 3500; x_wconf 89' lang='lat' dir='ltr'><strong>stantium</strong></span> <span class='ocrx_word' id='word_1_272' title='bbox 886 3433 1092 3522; x_wconf 81' lang='lat' dir='ltr'><strong>relinquatur.</strong></span> 
     </span>
    </p>
   </div>
   <div class='ocr_carea' id='block_1_3' title="bbox 840 3517 886 3582">
    <p class='ocr_par' dir='ltr' id='par_1_5' title="bbox 840 3517 886 3582">
     <span class='ocr_line' id='line_1_39' title="bbox 840 3517 886 3582; baseline 0 -25"><span class='ocrx_word' id='word_1_273' title='bbox 840 3517 886 3582; x_wconf 75' lang='grc'><strong>9*</strong></span> 
     </span>
    </p>
   </div>
   <div class='ocr_carea' id='block_1_4' title="bbox 0 0 1293 3966">
    <p class='ocr_par' dir='ltr' id='par_1_6' title="bbox 0 0 1293 3966">
     <span class='ocr_line' id='line_1_40' title="bbox 0 0 1293 3966; baseline 0 0"><span class='ocrx_word' id='word_1_274' title='bbox 0 0 1293 3966; x_wconf 95' lang='lat' dir='ltr'><strong> </strong></span> 
     </span>
    </p>
   </div>
  </div>
 </body>
</html>
