2538 3978
433 219 576 297 CAPUT
598 229 735 295 28-30.
999 231 1058 294 157

12 415 16 454 Ι
94 401 304 488 prohiberent
326 413 358 468 et
380 407 501 469 eminus
524 423 566 466 ex
586 404 664 490 ripis
686 399 840 486 proelium
872 401 974 487 impar
1003 404 1060 466 ini·
1154 435 1156 440 ·

12 503 15 540 ¹
95 498 188 552 rent:
210 487 332 552 nullum
355 491 437 553 enim
459 509 643 574 processum
664 487 765 550 virtus
786 485 925 550 babebat
940 497 994 551 aut
1007 510 1061 573 pe-

12 567 14 628 l
94 573 232 638 riculum
255 576 383 660 ignavia
405 574 538 638 subibat.
577 570 668 651 Quae
695 595 748 636 res
777 572 918 636 incendit
950 573 1060 638 dolore

12 675 13 678 ’
94 659 214 722 milites
238 662 421 747 equitesque
443 671 577 740 nosnos,
601 661 686 748 quod
707 669 772 722 tarn
788 659 841 722 diu
857 663 925 743 pari
939 659 1060 744 proelio

95 765 170 808 cnm
192 745 417 812 Alexandrinis
440 756 625 810 certaretur.
648 747 760 830 Itaque
783 745 894 809 eodem
917 755 1059 830 tempore

98 833 223 916 equites
245 830 398 897 Germani
420 833 557 917 dispersi
578 831 661 896 vada
682 832 846 896 fluminum
871 840 1060 914 quaerentes

93 919 214 1000 partim
230 917 469 983 demissioribus
484 919 561 1004 ripis
577 918 696 982 flumen
711 927 885 996 tranferunt,
910 926 941 979 et
963 916 1058 998 legio-

93 1003 179 1064 narii
187 1005 310 1087 magnis
323 1003 489 1068 arboribus
503 1003 628 1084 excisis,
643 1022 726 1088 quae
736 1002 932 1086 longitudine
943 1011 1060 1064 uuam·

97 1107 161 1171 que
192 1088 292 1173 ripam
323 1091 552 1174 contingerent,
590 1089 740 1176 proiectis
764 1097 802 1152 r'r's·
831 1089 1059 1172 repentinoque

95 1193 116 1234 a
141 1194 216 1257 gere
238 1174 353 1238 iniecto
376 1176 496 1239 flumen
518 1179 723 1239 transierunt.
748 1172 891 1253 Quorum
907 1171 1058 1257 impetum

94 1195 177 1321 adeo
199 1260 431 1343 pertimuerunt
462 1261 580 1343 hostes,
618 1271 653 1324 ut
675 1263 709 1324 in
729 1260 806 1344 fuga
828 1281 917 1344 spem
948 1257 1059 1321 salutis

93 1341 297 1426 collocarent,
322 1347 379 1410 sed
400 1347 433 1410 id
454 1347 587 1411 frustra:
612 1368 749 1432 namque
765 1367 806 1408 ex
821 1367 860 1409 ea
875 1347 907 1408 fu
932 1343 1059 1428 apauci
1083 1399 1086 1406 .

92 1427 136 1490 ad
157 1449 266 1514 regem
288 1431 474 1517 refugerunt
495 1455 598 1518 paene
621 1434 706 1497 omni
721 1432 843 1516 reliqua
858 1367 1059 1494 multitudine

92 1513 271 1578 interfecta.

159 1599 210 1660 30.
235 1598 353 1665 Caesar
367 1623 402 1666 re
416 1603 670 1688 praeclarissime
686 1613 785 1689 gesta,
802 1625 898 1688 quum
921 1599 1057 1665 subitum

92 1683 265 1748 adventum
289 1709 379 1750 suum
401 1689 556 1753 iudicaret
571 1713 721 1775 magnum
743 1699 895 1754 terrorem
920 1687 1060 1750 Alexan·

93 1765 194 1831 drinis
223 1771 421 1856 iniecturum,
455 1777 598 1859 protinus
631 1778 733 1840 victor
766 1776 807 1839 ad
839 1783 944 1838 castra
971 1774 1057 1857 regis

91 1854 261 1938 pertendit.
284 1857 375 1922 Haec
397 1881 493 1946 quum
515 1873 546 1924 et
568 1883 664 1946 opere
679 1883 794 1946 magno
809 1860 928 1923 vallata
950 1868 981 1922 et
995 1857 1058 1921 loci

90 1948 205 2002 natura
236 1947 356 2006 munita
389 1946 654 2012 animadverteret
687 1946 923 2031 confertamque
957 1965 1057 2007 arma-

92 2035 197 2088 torum
211 2027 443 2094 multitudinem
458 2031 643 2097 collocatam
659 2034 692 2096 in
707 2031 792 2096 vallo
808 2031 939 2112 videret,
954 2029 1058 2092 lassos
1117 2073 1120 2078 -

91 2109 206 2173 itinere
233 2134 271 2176 ec
298 2115 481 2199 proeliando
503 2119 618 2182 milites
649 2117 690 2182 ad
718 2116 931 2202 oppugnanda
953 2124 1056 2178 castra

95 2195 267 2260 succedere
289 2199 397 2266 noluit.
421 2202 533 2288 Itaque
547 2227 612 2268 non
626 2225 741 2290 magno
763 2201 931 2266 intervallo
946 2199 1057 2263 relicto

92 2278 132 2342 ab
155 2279 245 2380 hoste
268 2295 372 2350 castra
400 2291 513 2372 posuit.
544 2289 676 2354 Postero
699 2289 750 2352 die
773 2286 954 2368 castellum·
970 2284 1055 2370 quod

91 2385 151 2428 rex
171 2387 205 2429 m
225 2370 371 2452 proximo
392 2375 462 2438 vico
485 2397 547 2438 non
572 2374 667 2462 longe
690 2398 708 2440 a
732 2375 797 2438 suis
821 2373 933 2437 castris
956 2371 1055 2434 muni·

95 2460 163 2513 erat
191 2451 392 2542 brachiisque
425 2481 497 2524 cum
520 2483 616 2545 opere
638 2472 815 2526 east-rorum
848 2460 1057 2522 coniunxerat

91 2535 153 2598 vici
169 2537 332 2604 obtinendi
347 2565 452 2624 causa,
469 2544 589 2610 Caesar
607 2554 779 2633 aggressus
795 2544 940 2609 omnibus
957 2544 1056 2627 copiis

93 2635 262 2770 θΧΡῑιὲηεῖ,
284 2649 349 2690 non
372 2630 455 2714 quod
484 2633 608 2697 minore·
634 2653 766 2697 numero
787 2631 923 2695 militum
945 2650 1055 2693 eonse-

94 2727 148 2791 qur
191 2708 297 2774 rflieile
318 2713 404 2778 factu
425 2726 560 2800 putaret,
578 2718 635 2784 sed
656 2729 691 2782 ut
713 2718 754 2782 ab
777 2740 815 2781 ea
837 2717 969 2782 victoria
983 2735 1055 2800 per·

92 2793 209 2856 territis
224 2794 451 2863 Alexandrinis
465 2805 607 2887 protinus
629 2804 733 2868 castra
747 2805 832 2888 regis
848 2808 1055 2889 oppugnaret.

93 2874 203 2962 Itaque
233 2902 270 2944 eo
300 2903 404 2967 cursu,
435 2909 497 2971 quo
524 2891 717 2975 refugientes
744 2889 980 2952 Alexandrinos
1013 2903 1053 2946 ex

95 2961 222 3028 castello
243 2967 277 3028 in
299 2979 401 3034 castra
423 2983 496 3036 sunt
522 2973 639 3050 milites
660 2975 803 3055 insecuti,
827 2968 1055 3038 munitionibus

95 3063 313 3116 successerunt
328 3057 482 3121 acerrime
506 3079 546 3123 ue
567 3061 690 3125 eminus
704 3059 855 3144 proeliari
870 3065 1052 3142 coeperunt.

93 3131 224 3198 Duabus
248 3140 450 3224 expertibus
472 3083 575 3208 allitus
596 3148 839 3231 oppugnationis
862 3143 977 3208 nostris
999 3139 1054 3202 de·

94 3216 199 3320 batur:
222 3243 294 3304 uns,
319 3245 411 3310 quem
434 3226 570 3294 liberum
599 3249 762 3296 accessum
783 3230 903 3296 habere
926 3227 1052 3290 demon·

94 3313 201 3388 stram
224 3307 332 3391 altera,
357 3334 438 3396 quse
453 3315 613 3381 mediocre
627 3315 830 3381 intervallum
851 3317 933 3380 inter
948 3320 1052 3375 eastra

95 3397 124 3450 et
150 3387 268 3489 flumen
296 3395 403 3461 Nilum
436 3399 584 3466 habebat
626 3401 766 3466 Maxima
798 3413 830 3466 et
863 3399 1053 3464 electissima

94 3474 256 3542 multitudo
286 3480 575 3554 Alexandrinorum
604 3485 795 3552 defendebat
821 3509 891 3551 eam
918 3493 1052 3569 partem,
