2534 3970
367 220 502 286 ΟΟΜΜ.
524 221 557 284 Π
579 221 672 286 CAP.
695 221 830 285 24-27,
1033 223 1075 288 49

122 410 159 454 ac
180 390 395 476 redintegrato
417 393 531 476 animo,
555 411 652 477 quum
672 413 729 476 pro
743 395 786 455 ‘so
801 393 933 477 quisque
953 391 987 457 in
1002 415 1074 458 con·

120 485 234 560 spectu
243 477 444 562 imperatoris
452 478 587 542 etiamin
596 477 745 540 extremis
757 477 822 540 suis
836 472 932 540 rebus
944 498 1072 563 operam

119 582 240 624 navare
255 570 393 647 cuperet,
415 562 544 647 paulum
558 562 844 646 hostium'impetus
858 559 999 625 tardatus
1015 571 1072 628 est

182 645 236 708 26.
261 645 389 728 Caesar,
412 669 509 734 quum
524 648 689 733 septimam
704 645 870 730 legionem,
889 667 970 730 quae
983 649 1073 712 iuxta

120 733 313 812 constiterat,
335 733 412 796 itam
433 733 540 817 urgeri
571 732 613 796 'ab
635 731 726 795 hoste
747 731 895 813 vidisset,
927 731 1071 798 tribunos

117 813 253 879 militum
274 818 402 898 monuit,
425 823 465 880 ut'
480 817 633 917 paulatim
653 834 725 880 sese
745 815 887 902 legiones
902 819 1070 902 coniunge

118 910 189 964 rent
218 910 253 964 et
286 921 439 966 conversa
467 915 559 987 s1gna
592 903 626 966 in
658 901 765 966 hostes
793 901 954 965 inferrent
998 902 1069 982 Quo

118 983 201 1049 facto
224 1007 322 1070 quum
345 985 424 1051 alius
447 986 698 1052 aliisubsidium
719 986 825 1067 ferret,
853 1006 958 1070 nequo
979 989 1067 1052 time·

116 1078 195 1153 rent,
218 1093 262 1135 ne
285 1073 389 1136 aversi
411 1071 452 1135 ab'
474 1072 565 1136 hoste
584 1072 894 1152 circumvenirentur,
911 1072 1066 1136 ¹audacius

116 1156 264 1220 resistere
287 1174 325 1220 ac
346 1155 457 1221 fortius
478 1177 621 1243 pugnare
644 1165 824 1242 coeperunt.
867 1155 997 1220 Interim
1010 1158 1067 1220 mi·

115 1238 184 1304 lites
207 1239 370 1326 legionum
392 1241 535 1324 duarum,
566 1264 646 1328 quae
678 1242 713 1304 in
741 1241 913 1305 novissimo
943 1243 1068 1326 agmine

115 1325 272 1424 praesidio
288 1325 521 1412 impedimentis
532 1327 664 1409 fuerant,
681 1325 801 1411 proelio
815 1327 958 1391 nuntiato
974 1347 1068 1391 cursu

114 1410 243 1475 incitato
265 1413 300 1474 in
322 1433 444 1476 summo
466 1411 547 1477 colle
569 1411 609 1475 ab
624 1409 767 1476 hostibus
783 1410 1066 1496 conspiciebantur,

117 1503 147 1558 st
167 1495 259 1560 'litus
281 1494 442 1561 Labienus
465 1498 577 1560 castis
598 1496 735 1560 hostium
756 1497 873 1580 potitus
895 1505 927 1559 et
941 1517 983 1559 ex
997 1495 1066 1561 loco

116 1583 297 1665 superiore,
329 1603 412 1729 quae
441 1603 493 1646 res
525 1583 560 1645 in
591 1583 707 1645 nostris
737 1583 848 1644 castris
870 1591 1065 1665 gererentur,

116 1665 313 1751 conspicatus
350 1667 484 1730 ecimam
505 1666 663 1752 legionem
686 1665 827 1731 subsidio
840 1668 956 1730 nostris
971 1667 1065 1729 misit

117 1747 187 1831 Qui,
209 1771 308 1836 quum
329 1771 372 1814 ox
393 1753 532 1838 equitum
555 1761 587 1816 et
601 1750 746 1816 calonum
759 1749 844 1836 fuga
867 1771 929 1835 quo
944 1753 977 1814 in
991 1749 1061 1816 loco

116 1854 165 1898 res
186 1845 287 1916 esset,
311 1845 489 1923 quantoque
510 1838 544 1900 in
564 1835 706 1922 periculo
737 1846 768 1899 et
789 1844 894 1899 eastra
915 1843 947 1900 et
967 1833 1064 1919 legio

117 1939 171 1981 nes
193 1929 223 1985 et
243 1922 418 2006 imperator
438 1931 629 2004 versaretur,
653 1921 885 2007 cognovissent,
922 1919 1002 1984 nihil
1024 1919 1064 1984 ad

117 2003 307 2070 celeritatem
329 2005 389 2071 sibi
409 2005 523 2092 reliqui
550 2006 702 2072 fecerunt.

176 2090 374 2156 atriorum
396 2091 533 2156 adventu
554 2101 643 2156 tauta
664 2113 771 2156 rerum
794 2093 993 2155 commutatio
1016 2098 1064 2154 est

117 2172 204 2257 iada,
225 2186 261 2240 ut
282 2179 380 2241 nostri
404 2178 498 2241 etiam
532 2178 587 2262 qui
613 2176 797 2240 vulneribus
831 2175 966 2240 confecti
991 2197 1064 2260 pro·
1144 2187 1149 2200 '

119 2259 314 2344 cubuissent,
349 2263 445 2325 scutis
477 2262 578 2326 innixi
609 2260 764 2347 proelium
796 2260 1062 2344 redintegrarent3

117 2351 179 2409 tum
200 2346 328 2411 calones
350 2349 534 2431 perterritos
556 2346 663 2411 hostes
678 2347 852 2430 conspicati
866 2347 960 2409 etiam
980 2345 1062 2408 iner-

117 2451 180 2494 mes
201 2432 330 2496 umetis
345 2440 565 2514 occurrerunt,
588 2432 709 2517 equites
731 2453 818 2512 vero,
840 2441 876 2494 ut
896 2429 1061 2514 turpitudi-

117 2535 185 2578 nem
205 2515 300 2601 fugae
330 2518 446 2580 virtute
472 2516 631 2599 delerent,
665 2515 810 2581 omnibus
839 2516 872 2578 in
901 2515 980 2580 locis
1004 2537 1061 2600 pu·

118 2609 224 2682 gnant,
246 2624 310 2687 quo
333 2623 367 2665 se
390 2600 570 2688 legionariis
595 2600 748 2664 militibus
769 2599 973 2687 praeferrent.
1017 2599 1061 2664 At

118 2681 216 2748 hostes
238 2687 334 2750 etiam
355 2687 388 2748 in
409 2697 552 2750 extrema
573 2709 630 2774 spe
652 2685 761 2749 salutis
779 2694 898 2748 tantam
912 2687 1060 2749 virtutem

117 2771 346 2852 praestiterunt,
379 2779 428 2856 ut,
459 2793 556 2871 quum
589 2772 684 2857 primi
720 2791 829 2835 eorum
861 2769 1058 2854 cecidissent,
1097 2783 1101 2792 '

118 2855 246 2938 proximi
266 2855 442 2920 iacentibus
463 2858 646 2920 msistarent
674 2865 769 2940 atque
798 2877 839 2919 ex
860 2877 969 2919 eorum
991 2865 1057 2920 cor'-

117 2939 240 3022 poribus
259 2950 451 3041 pugnarent3
473 2939 523 3005 bis
545 2941 675 3007 deiectis
698 2949 730 3004 et
751 2941 944 3005 coacervatis
966 2939 1057 3004 cada·

117 3022 246 3107 veribus,
262 3049 317 3112 qm
331 3035 541 3111 superessent,
563 3035 598 3091 ut
612 3049 654 3090 sx
673 3025 794 3091 tumulo
808 3024 873 3088 tela
885 3026 919 3088 in
932 3034 1058 3088 nostros

118 3109 300 3175 coniicerent
330 3119 362 3174 et
392 3110 458 3196 pila
485 3113 605 3175 interce
626 3121 661 3175 ta
688 3112 898 3174 remitterent:
930 3122 966 3172 ut
992 3130 1058 3173 non

118 3195 300 3280 nequiquam
320 3204 427 3260 tautae
448 3197 575 3260 virtutis
597 3134 741 3260 domines
762 3195 896 3260 iudicari
926 3193 1062 3260 deberet

120 3297 205 3341 ausos
238 3301 308 3345 esse
338 3281 473 3346 transire
504 3282 691 3346 latissimum
718 3280 850 3360 flumen,
883 3279 1058 3350 ascendere

120 3360 277 3428 altissimas
298 3367 393 3465 ripas,
425 3365 532 3430 subire
558 3367 792 3452 iniquissimum
819 3364 942 3448 locum3
975 3387 1055 3450 quae

119 3443 217 3588 saccilia
237 3471 279 3514 ex
299 3448 490 3516 difficillimis
512 3454 608 3516 animi
629 3449 812 3536 magnitudo
832 3448 1012 3596 qedegsrat.
