2538 3978
188 219 250 284 134
472 219 533 283 DE
554 218 697 283 BELLO
721 217 854 282 OIVlLl

252 391 321 453 106.
345 389 465 454 Caesar
484 404 601 475 paucos
624 389 692 453 dies
714 391 747 452 in
768 388 847 452 Asia
868 397 1016 470 moratus,
1045 410 1144 473 quum

188 475 329 540 audisset
364 475 549 560 Pompeium
582 475 680 560 Cypri
712 475 824 556 visum3
858 476 1037 540 coniectans
1071 495 1144 537 eurn

188 561 370 646 Aegyptum
392 561 453 624 iter
476 559 592 624 habere
614 570 743 646 propter
771 559 1022 624 necessitudines
1051 559 1144 642 regni

186 646 389 732 reliquasque
411 646 478 708 eius
502 645 564 708 loci
579 646 828 731 opportunitates
844 665 914 707 cum
930 644 1053 728 legione
1068 663 1143 724 una,

187 751 281 816 quam
304 753 339 793 se
355 753 395 793 ex
410 729 575 793 Thessalia
591 732 680 815 sequi
694 731 838 810 iusserat,
862 739 894 792 et
915 729 1023 810 altera,
1048 751 1144 814 quam
1246 783 1247 814 r

188 835 231 880 ex
253 815 375 878 Achaia
397 837 416 878 a
439 814 477 893 Q.
500 815 591 880 Fufio
614 816 718 900 legato
741 824 939 896 evocaverat,
970 814 1143 899 equitibus-

187 922 248 986 que
273 907 362 964 DCCC
385 909 416 962 et
437 901 572 963 navibus
600 900 703 985 longis
735 899 866 963 Rhodiis
894 907 918 960 X
942 909 973 963 et
994 900 1142 962 Asiaticis

209 988 295 1048 aucis
318 985 544 1048 Alexandriam
566 987 720 1071 pervenit.
742 984 779 1046 In
795 984 844 1048 his
860 994 950 1048 erant
963 983 1142 1070 legionibus

185 1007 347 1133 bominum
370 1070 458 1133 milia
479 1073 541 1134 tria
564 1078 622 1152 Οὓς
645 1070 761 1156 reliqui
781 1069 966 1134 vulneribus
990 1092 1029 1132 ex
1051 1091 1142 1154 proe-

185 1153 236 1218 liis
260 1164 291 1218 et
312 1154 422 1219 labore
445 1177 483 1218 ac
504 1157 720 1241 magnitudine
753 1156 874 1219 itineris
907 1156 1040 1218 confecti
1069 1175 1143 1217 con-

185 1243 275 1324 sequi
296 1263 359 1304 non
374 1249 549 1326 potuerant.
573 1241 638 1306 Sed
653 1240 922 1305 Caesar'oonfisus
937 1240 1143 1303 famarerum

185 1334 346 1409 gestarum
369 1327 498 1389 infirmis
522 1325 646 1390 auxiliis
675 1326 833 1410 proficisci
854 1348 918 1390 non
940 1324 1143 1388 dubitaverat

186 1431 286 1495 aeque
324 1428 449 1474 omnem
483 1412 543 1475 sibi
575 1411 680 1475 locum
712 1419 813 1473 tutum
843 1411 912 1474 fore
945 1411 1140 1473 existimans.

184 1494 400 1559 Alexandriae
421 1496 460 1558 de
482 1497 613 1582 Pompei
644 1504 744 1559 morte
778 1496 940 1581 cognoscit
972 1511 1065 1580 atque
1094 1494 1138 1558 ibi

183 1581 319 1666 primum
343 1605 360 1643 e
382 1603 463 1644 nave
487 1584 652 1665 egrediens
675 1580 843 1645 clamorem
876 1580 1010 1644 militum
1042 1580 1138 1662 audit,

184 1687 262 1750 quos
285 1687 341 1728 rex
371 1669 404 1729 in
434 1666 549 1750 oppido
583 1665 734 1752 praesidii
767 1687 864 1729 causa
894 1664 1074 1750 reliquerat,
1109 1676 1141 1728 et

184 1753 377 1814 coneursum
393 1750 432 1814 ad
456 1771 489 1813 se
512 1752 581 1817 fieri
601 1751 697 1832 videt,
722 1750 806 1836 quod
820 1751 923 1814 fasces
946 1752 1139 1813 anteferren-

183 1843 243 1898 tur.
266 1835 304 1898 ln
326 1837 385 1900 hoc
401 1839 501 1900 omnis
517 1836 681 1900 multitudo
697 1837 891 1899 maiestatem
907 1838 1026 1920 regiam
1041 1836 1138 1899 minui

205 1920 399 1984 raedicabat.
432 1921 502 1986 Hoc
536 1922 645 1986 sedato
673 1920 808 1984 tumultu
831 1921 961 1984 crebrae
984 1920 1139 1984 continuis

139 2047 143 2054 ,
182 1941 293 2069 diebus
317 2029 359 2070 ex
380 2027 535 2070 concursu
549 2007 756 2071 multitudinis
772 2007 996 2070 concitationes
1010 2005 1138 2087 fiebant,

183 2091 423 2176 compluresque
456 2092 571 2157 milites
601 2093 694 2156 huius
716 2090 803 2154 urbis
826 2090 972 2156 omnibus
994 2091 1139 2176 partibus

182 2175 457 2239 interficiebantur.

185 2272 187 2277 '
248 2262 317 2324 107.
352 2260 474 2340 Quibus
507 2262 602 2327 rebus
635 2261 865 2326 animadversis
905 2260 1046 2347 legiones
1079 2261 1140 2326 sibi

181 2343 261 2408 alias
285 2369 326 2410 ex
347 2348 426 2409 Asia
448 2347 562 2413 adduci
583 2349 683 2429 iussit,
707 2367 784 2433 quas
807 2366 848 2410 ex
869 2347 1067 2432 Pompeianis
1082 2349 1138 2411 mi·

181 2429 288 2494 litibus
312 2434 499 2496 confecerat.
522 2433 596 2518 lpse
617 2436 701 2497 enim
723 2433 902 2497 necessario
925 2434 1030 2496 etesiis
1053 2438 1139 2496 t'ene·

155 2514 292 2599 ,Abatur3
330 2518 383 2603 qui
415 2518 637 2604 navigantibus
660 2518 855 2582 Alexandria
883 2527 957 2580 sunt
979 2517 1136 2580 adversis·

181 2602 252 2664 simi
273 2604 369 2667 venti.
392 2602 521 2667 Interim
545 2605 776 2668 controversias
797 2623 909 2686 regum
932 2601 973 2666 ad
987 2601 1139 2687 populum

180 2685 357 2750 Romanum
373 2688 519 2770 studea,
544 2689 626 2774 quod
648 2699 732 2753 esset
754 2686 873 2768 consul,
896 2689 1054 2774 pertinere
1084 2709 1138 2752 ex-

178 2773 322 2836 istimans
345 2782 438 2857 atque
461 2795 498 2838 eo
520 2775 621 2858 magia
644 2775 748 2838 officio
772 2795 828 2836 suo
851 2773 1030 2853 convenire,
1053 2773 1139 2857 quod

180 2859 342 2942 superiore
364 2858 529 2922 consulatu
552 2881 623 2922 cum
645 2869 735 2944 patre
757 2857 938 2922 Ptolemaeo
962 2867 993 2920 et
1014 2855 1085 2942 lege
1106 2867 1139 2920 et

181 2942 453 3007 senatusconsulto
477 2944 610 3008 societas
633 2953 701 3008 erat
722 2944 814 3024 faeta,
837 2943 974 3008 ostendit
995 2941 1055 3005 sibi
1069 2940 1137 3026 pla·

180 3050 252 3092 cere
286 3048 394 3112 regem
426 3029 642 3094 Ptolemaeum
676 3038 769 3114 atque
793 3031 859 3092 eius
882 3051 1022 3093 sororem
1044 3025 1137 3091 Cleo·

180 3124 298 3199 patrem
333 3116 502 3196 exercitus,
538 3137 615 3200 qnos
649 3114 812 3196 haberent,
846 3114 1002 3177 dimittere
1037 3120 1068 3176 et
1096 3111 1137 3175 de

60 3207 62 3212 ’
179 3199 402 3263 controversiis
424 3202 492 3263 iure
514 3199 599 3284 apud
614 3222 648 3263 se
663 3202 767 3285 potins
784 3221 878 3286 quam
893 3199 975 3264 inter
990 3219 1024 3262 se
1040 3199 1137 3261 armis

178 3283 265 3346 disce
288 3295 365 3347 tare.

247 3307 314 3433 ills.
338 3367 418 3432 Erat
439 3371 472 3432 in
494 3371 716 3454 procuratione
738 3371 830 3454 regni
850 3391 907 3454 pro
930 3378 979 3432 ter
1000 3376 1135 3432 aetatem

185 3455 272 3515 nueri
294 3454 447 3518 nutricius
470 3457 547 3538 eius,
571 3455 733 3520 eunuchus
755 3455 882 3518 nomine
903 3391 1069 3516 lothinus.
1103 3452 1136 3516 Is
