2562 3970
425 191 559 258 OOMM.
583 192 615 256 Π
637 191 729 258 ΟΑΡ.
752 191 845 255 tue.
1069 191 1110 254 51

157 367 235 426 locrs
257 363 437 448 prospicere
458 364 492 426 in
514 363 634 446 urbem,
658 373 693 427 ut
720 363 822 427 omnis
851 365 1007 444 iuuentus,
1031 381 1113 448 quae

157 446 290 533 publicis
318 443 469 513 'custodiis
498 451 570 514 ino
616 449 668 514 ido
703 457 907 529 remanserat,
941 467 1113 532 omnesque

156 533 328 618 superioris
350 533 463 602 aetatis
484 556 555 598 cum
572 471 686 598 liberis
709 541 802 620 atque
824 533 975 598 uxoribus
997 541 1051 596 aut
1073 531 1114 596 de

156 639 245 680 muro
268 617 308 682 ad
323 618 446 683 coelum
460 641 573 684 manus
588 619 762 700 tenderent,
778 627 833 682 aut
853 617 972 703 templa
983 617 1114 682 deorum

156 702 380 772 immortalium
408 704 532 770 adirent
562 714 593 769 et
622 714 694 770 ante
725 703 893 768 simulacra
914 703 1046 788 proiecti
1067 703 1114 766 vi-

155 791 287 854 ctoriam
309 789 349 854 ab
373 789 432 854 diis
456 799 675 876 exposcerent.
707 789 818 875 Neque
849 798 919 852 erat
948 789 1114 874 quisquam

157 875 307 956 omnium,
341 875 416 960 quin
447 876 482 938 in
514 877 581 942 eius
614 875 677 938 diei
709 896 785 939 casu
818 896 945 939 suarum
975 873 1115 938 omnium

155 957 350 1024 fortunarum
372 972 520 1026 eventum
548 962 721 1030 consistere
751 961 950 1026 existimaret.
980 957 1062 1022 Nam
1082 966 1116 1024 et

155 1041 280 1111 honesti
301 1067 343 1110 ex
364 1046 526 1112 iuventute
553 1056 585 1110 et
611 1049 762 1132 cuiusque
789 1047 899 1110 aetatis
929 1044 1116 1130 amplissimi

154 1131 339 1196 nominatim
361 1132 485 1196 evocati
507 1143 601 1218 atque
623 1131 781 1196 obsecrati
802 1152 901 1194 naves
923 1129 1115 1196 conscende·

154 1223 235 1296 rant,
259 1223 302 1298 ut,
326 1218 352 1280 si
374 1216 450 1302 quid
471 1217 598 1284 adversi
612 1216 787 1300 accidisset,
809 1238 851 1280 ne
873 1214 916 1280 ad
937 1214 1116 1280 conandum

155 1299 284 1386 quidem
300 1299 361 1364 sibi
376 1303 544 1388 quicquam
557 1301 671 1389 reliqui
690 1302 757 1368 lore
771 1302 930 1384 viderent,
946 1301 973 1364 si
988 1321 1115 1386 supera-

154 1387 285 1470 vissent,
312 1385 365 1452 vel
392 1387 572 1453 domesticis
600 1386 712 1473 opibus
737 1386 791 1452 vel
820 1387 961 1452 externis
989 1385 1115 1453 auxiliis

156 1471 196 1536 de
218 1469 321 1536 salute
342 1471 429 1537 urbis
452 1474 656 1538 confiderent.

220 1555 251 1620 6.
274 1555 451 1624 Commisso
472 1558 594 1644 proelio
616 1557 869 1625 Massiliensibus
891 1580 944 1624 res
965 1556 1053 1626 nulla
1075 1555 1116 1621 ad

155 1643 305 1708 virtutem
327 1642 441 1726 defuit3
464 1644 522 1708 sed
549 1666 706 1710 memores
734 1665 844 1712 eorum
864 1651 1115 1729 praeceptorum,

157 1748 238 1812 quae
259 1728 353 1813 paulo
375 1738 448 1794 ante
469 1728 510 1794 ab
533 1733 598 1796 suis
628 1738 826 1816 acceperant,
853 1728 914 1794 hoc
935 1729 1040 1793 animo
1062 1728 1115 1792 de·

158 1811 332 1897 certabant,
365 1824 400 1899 ut
431 1813 554 1880 nullum
586 1815 673 1880 aliud
704 1825 828 1901 tempus
860 1814 902 1880 ad
938 1812 1116 1878 conandum

155 1895 293 1963 habituri
314 1900 512 1984 viderentur,
542 1911 574 1967 et
595 1901 709 1988 quibus
737 1903 772 1965 in
799 1922 907 1986 pugna
927 1901 1013 1964 vitae
1034 1900 1116 1983 peri·

158 1982 265 2048 culum
286 1985 445 2050 accideret
457 2009 522 2052 non
541 1989 586 2050 ita
606 1986 704 2052 multo
727 2009 762 2051 se
783 1986 977 2072 reliquorum
999 1985 1114 2050 civium

156 2067 254 2134 fatum
283 2071 471 2136 antecedere
504 2073 734 2156 existimarent3
765 2071 878 2158 quibus
911 2069 994 2136 urbe
1024 2078 1117 2154 capta

156 2153 269 2218 eadem
298 2167 382 2221 esset
408 2155 485 2225 belli
498 2157 626 2223 fortuna
643 2157 801 2244 patienda.
830 2157 1039 2241 Diductisque
1060 2177 1115 2220 no·

156 2240 229 2304 stris
256 2239 410 2340 paulatim
431 2243 566 2308 navibus
590 2253 621 2307 et
654 2244 785 2309 artificio
817 2243 1063 2329 gubernatorum
1084 2249 1117 2304 et

156 2324 322 2390 mobilitati
343 2329 471 2391 navium
493 2328 581 2394 locus
601 2327 744 2412 dabann,
767 2338 800 2393 et
822 2327 995 2414 siquando
1017 2326 1116 2392 nostri

156 2409 336 2476 facultatem
358 2415 443 2478 nacti
464 2413 578 2480 ferreis
599 2413 746 2478 manibus
762 2415 885 2479 iniectis
907 2435 1022 2478 navem
1043 2411 1115 2476 reli·

155 2506 316 2644 §arerent
349 2498 488 2587 undique
524 2501 589 2564 suis
626 2499 842 2566 laborantibus
879 2497 1113 2564 succurrebant

186 2603 267 2668 eque
299 2605 375 2649 vero
403 2587 560 2649 coniuncti
576 2583 710 2650 nibisis
743 2587 917 2651 cornminus
944 2583 1115 2670 pugnando

156 2666 345 2733 deficiebant
370 2691 474 2755 neque
502 2669 635 2735 multum
661 2670 820 2735 cedebant
844 2672 960 2736 virtute
988 2669 1113 2734 nostris.

155 2751 256 2816 Simul
277 2776 319 2818 ex
340 2754 515 2820 minoribus
530 2754 665 2820 navibus
686 2777 803 2842 magna
816 2756 865 2821 vis
881 2756 1002 2820 eminus
1017 2755 1115 2818 missa

156 2837 289 2904 telorum
319 2839 419 2904 multa
443 2841 559 2905 nostris
592 2841 632 2906 de
658 2843 830 2926 improviso
862 2838 1114 2926 imprudentibus

155 2933 249 3008 atque
278 2925 436 3010 impeditis
465 2925 598 2990 vulnera
625 2925 811 2991 inferebant.
841 2925 1114 3011 Conspicataeque

155 3030 253 3074 naves
275 3012 419 3074 triremes
435 3011 515 3077 duae
529 3033 644 3076 navem
659 3011 701 3075 D.
716 3011 816 3092 Bruti,
831 3033 913 3098 quae
935 3033 976 3074 ex
996 3009 1114 3092 insigni

154 3091 246 3158 facile
275 3097 404 3180 agnosci
432 3105 565 3182 poterat,
596 3096 718 3162 duabus
747 3119 789 3162 ex
816 3095 959 3182 pentibus
988 3115 1058 3158 sese
1079 3095 1114 3158 in

155 3200 225 3243 eam
257 3179 475 3246 incitaverant.
509 3180 574 3246 Sed
609 3191 731 3246 tanturn
762 3203 798 3246 re
833 3182 961 3268 provisa
995 3179 1129 3267 Brutus

154 3262 316 3330 celeritate
338 3268 430 3330 navis
454 3268 560 3331 enisus
582 3276 639 3347 est,
662 3277 697 3331 ut
717 3288 815 3353 parvo
838 3274 996 3331 momento
1026 3274 1112 3328 ante-

155 3347 290 3415 cederet.
320 3349 398 3416 Illae
427 3351 506 3418 adeo
532 3352 672 3437 graviter
699 3353 782 3418 inter
809 3373 843 3417 se
870 3352 1018 3416 incitatae
1039 3371 1113 3418 con·

156 3431 313 3519 dixerunt,
346 3446 381 3504 ut
408 3437 683 3504 vehementissime
715 3447 924 3586 utraque4epr
956 3455 1112 3502 concursu
