2538 3978
229 217 289 281 158
488 215 619 279 BELLI
640 213 941 282 ALEXANDRINI

227 411 309 475 quae
330 387 512 452 facillimum
535 387 655 452 aditum
676 387 838 470 habebatq
852 388 1021 474 plurimum
1044 389 1197 474 proficie

225 474 304 538 bant
325 477 358 537 in
369 495 404 536 re
427 473 559 536 ellendis
574 471 841 560 vulnerandisque
852 477 977 556 nostris,
991 476 1044 560 qui
1056 475 1196 559 regione

226 559 364 622 fluminis
386 495 450 622 alli
471 556 728 644 propugnabant:
746 560 879 624 diversis
895 561 978 623 enim
1000 558 1073 624 telis
1089 559 1196 624 nostri

226 644 413 730 figebantur,
436 645 563 708 adversi
585 666 626 708 ex
640 644 725 709 vallo
748 654 937 726 metrorum,-
950 646 1053 708 aversi
1076 644 1195 708 ex'flu·
1244 707 1245 736 q

227 733 321 811 mine,
346 731 378 792 in
408 751 470 814 quo
499 729 616 794 multae
645 751 754 812 naves,
776 732 948 794 instructae
977 729 1195 794 funditoribus
1244 737 1245 816 J

227 825 258 878 et
280 816 460 898 sagittariis,
484 825 610 879 nostros
632 815 870 900 impugnabant.
1244 829 1245 838 ¹

289 901 340 964 31.
366 899 494 983 Caesar,
519 922 614 985 quum
628 901 753 963 videret
774 900 889 964 milites
912 904 1014 966 acrius
1058 900 1195 964 roeliari

224 1008 288 1050 non
302 1008 397 1070 posse
411 1007 471 1048 neo
486 995 591 1049 tamen
613 985 745 1048 multum
766 986 877 1071 profici
902 923 1193 1072 propterlooorum

225 1070 444 1152 difficultatem
473 1093 632 1157 quumque
662 1073 801 1134 animum
830 1071 1010 1136 adverteret
1040 1069 1193 1135 excelsis-

225 1157 339 1220 simum
362 1154 465 1219 locum
481 1165 656 1219 castrorum
678 1155 824 1219 relictum
841 1179 910 1220 esse
933 1156 972 1220 ab
996 1155 1192 1220 Alexandri-

224 1243 283 1323 nis,
307 1240 393 1326 quod
414 1252 446 1304 et
474 1264 532 1326 per
555 1263 588 1306 sc
616 1243 754 1304 munitus
778 1251 870 1323 esset,
895 1252 926 1306 et
948 1243 1049 1305 studio
1072 1243 1193 1324 partim

224 1327 386 1412 pugnandi
418 1328 533 1411 partim
567 1327 730 1411 spectandi
763 1325 1019 1392 decucurrissent
1050 1328 1082 1389 in
1118 1347 1193 1390 eum

224 1413 337 1494 locum,
367 1414 400 1476 in
430 1435 491 1497 quo
518 1412 729 1498 pugnabatur,
761 1410 906 1478 cohortes
933 1412 987 1476 illo
1020 1413 1192 1475 cucumae

225 1508 329 1561 castra
352 1511 382 1561 et
405 1521 561 1560 summum
583 1497 688 1562 locum
719 1499 852 1584 aggredi
873 1499 965 1561 iussit
986 1499 1088 1583 iisque
1113 1495 1192 1560 Oar-

223 1583 364 1646 iulennm
386 1584 552 1669 praefecit,‹
570 1593 602 1646 et
629 1584 727 1647 animi
748 1584 965 1669 magnitudine
988 1583 1088 1646 atrei
1110 1581 1191 1644 mili-

223 1671 300 1732 taris
323 1672 454 1746 scientia
468 1671 572 1756 virum
592 1678 815 1754 praestantem.
840 1669 911 1748 Quo
927 1678 962 1732 ut
982 1679 1115 1732 ventum
1131 1675 1189 1746 est,

246 1757 333 1818 aucis
356 1753 596 1819 defendentibus
625 1757 839 1832 munitionem,
862 1756 978 1819 nostris
1000 1761 1112 1818 contra
1133 1753 1190 1814 mi·

221 1777 330 1904 litibus
346 1843 498 1904 acerrime
519 1840 734 1925 pugnantibus
750 1840 875 1906 diverso
892 1839 1028 1904 clamore
1052 1847 1083 1902 et
1097 1859 1190 1922 proe·
1244 1887 1245 1920 q

222 1925 265 1990 lio
288 1928 447 2011 perterriti
461 1925 671 1990 Alexandrini
692 1927 886 2012 trepidantes
902 1928 935 1989 in
958 1945 1067 1990 omnes
1081 1932 1190 2008 partes
1244 1931 1245 1938 ’

222 2021 399 2075 castrorum
421 2013 602 2076 discurrere
625 2023 806 2098 coeperunt.
830 2011 973 2090 Quorum
994 2008 1188 2096 perturbati·
1244 2003 1245 2022 ¹

222 2119 283 2161 one
313 2107 493 2164 nostrorum
522 2099 618 2160 animi
641 2098 721 2161 adeo
752 2107 824 2160 sunt
851 2098 983 2178 incitati,
1017 2104 1051 2158 ut
1084 2113 1188 2178 paene

221 2182 335 2248 eodem
361 2192 503 2268 tempore
534 2183 750 2260 err-,omnibus
778 2182 929 2268 partibus,
957 2183 1051 2266 primi
1080 2189 1189 2245 tamen

222 2264 436 2332 editissimum¹
462 2278 636 2332 castrorum
666 2269 771 2332 locum
794 2276 962 2353 caperent3
986 2289 1027 2330 ex
1049 2287 1112 2350 quo
1136 2264 1189 2328 de·

221 2363 383 2418 currentes
413 2376 562 2440 magnam
590 2353 822 2418 multitudinem
852 2353 988 2416 hostium
1014 2353 1048 2414 in
1076 2351 1189 2414 castris

220 2439 456 2504 interfecerunt.
491 2440 586 2518 Quod
614 2440 791 2526 perieulum
814 2439 957 2524 plerique
978 2436 1190 2500 Alexandrini

219 2526 380 2608 fugientes.
393 2529 566 2590 acervatim
590 2548 624 2590 se
640 2525 680 2606 de
696 2525 780 2590 vallo
795 2527 1044 2610 praecipitarunt
1065 2523 1099 2584 in
1116 2543 1188 2584 eam
1243 2595 1245 2602 Α

220 2620 353 2696 partem,
382 2633 464 2697 quae
494 2611 616 2676 flumini
645 2622 713 2676 erat
740 2612 899 2675 adiuncta.
929 2609 1053 2672 Horum
1075 2608 1188 2692 primis

219 2698 253 2758 in
275 2697 286 2760 i
310 2719 345 2760 sa
366 2697 452 2761 fossa
467 2699 650 2762 munitionis
666 2719 783 2782 magna
796 2697 890 2760 ruina
913 2694 1072 2779 oppressis
1089 2694 1186 2756 ceteri

219 2719 394 2848 faciliorem
416 2783 528 2867 sugam
546 2783 736 2847 habuerunt.
775 2782 907 2846 Constat
928 2781 1047 2865 fugisse
1070 2799 1111 2841 ex
1134 2799 1185 2840 ca*

219 2868 294 2932 stris
316 2891 426 2952 regem
447 2871 550 2954 ipsum
565 2876 791 2954 receptumque
806 2868 840 2932 in
853 2889 968 2930 narem
985 2862 1186 2928 multitudine

219 2974 339 3035 eorum,
364 2955 419 3039 qui
440 2955 488 3026 ad
502 2956 664 3038 proximas
680 2975 789 3018 naves
812 2952 1015 3034 adnatabant,
1039 2949 1185 3012 demerso

218 3041 346 3124 navigio
368 3041 509 3124 perisse.
640 3100 643 3106 .
676 3097 677 3100 ,
1062 3075 1065 3086 »

283 3126 334 3189 32.
356 3125 404 3190 Re
419 3125 599 3190 felicissime
622 3124 850 3211 celerrimeque
873 3133 963 3209 gesta
979 3119 1099 3185 Caesar
1120 3141 1184 3184 ma·

174 3283 175 3287 ,
217 3233 305 3296 gnae
322 3211 475 3276 victoriae
496 3211 612 3276 fiducia
632 3211 777 3295 proximo
800 3211 943 3274 terrestri
971 3209 1084 3272 itinere
1109 3204 1185 3267 Ale-

217 3298 385 3361 xandriam
418 3319 490 3365 cnm
513 3296 689 3383 equitibus·
711 3295 872 3360 contendit
905 3304 999 3380 atque
1028 3313 1066 3354 ea
1094 3299 1185 3376 parte

220 3383 329 3467 oppidi
357 3384 460 3446 victor
474 3383 615 3463 introiit,
661 3403 721 3446 uae
750 3381 910 3466 praesidio
940 3378 1075 3444 bostium
1098 3385 1185 3438 tene-

219 3464 322 3531 batur.
345 3468 456 3552 Neque
473 3491 544 3536 eum
560 3399 725 3534 consilium
741 3486 832 3531 suum
847 3464 971 3550 fefellit,¹
985 3464 1061 3551 quin
1076 3463 1184 3528 hostes
