2534 3970
420 231 554 299 OOMM.
576 231 607 296 V
628 231 721 297 OAP.
743 235 837 297 4-8.
1063 231 1103 298 91

150 404 242 488 vidit,
273 404 358 468 omni
379 426 441 490 spe
449 402 638 489 impetrandi
663 403 789 468 ademta
805 404 964 506 principes
980 402 1105 469 Galliae

153 489 337 570 sollicitare,
362 511 512 555 sevocare
540 487 679 572 singulos
702 488 884 574 hortanque
907 489 1028 575 coepit,
1058 489 1104 554 uti

145 577 188 638 -in
211 576 383 639 continenti
404 575 732 653 remanerent3-metu
752 575 921 638 territare:
949 595 1014 638 non
1036 574 1105 638 sine

152 681 251 724 causa
272 658 351 740 fieri,
373 669 409 723 ut
423 658 528 724 Gallia
549 660 634 723 omni
658 657 1049 745 nobilitatespoliaretur3
1071 658 1106 724 id

153 767 227 810 esse
249 744 416 808 consilium
439 743 595 825 Caesaris,
618 753 669 826 ut,
692 746 771 829 quos
793 745 827 806 in
849 741 1105 826 conspectuGal·

152 831 216 894 liae
237 829 416 894 interlicere
437 838 611 911 vereretur,
634 828 692 904 hos
715 849 824 894 omnes
854 830 887 892 in
908 827 1106 894 Britanniam

153 915 317 980 traductos
339 911 487 998 necaret3
508 912 604 983 fidem
625 913 756 999 reliquis
778 915 987 998 interponere,
1010 915 1105 977 iusiu-

152 1000 289 1064 randum
310 1021 450 1086 posoere,
473 1009 524 1081 ut,
548 998 632 1086 quod
661 1021 731 1064 esse
754 1019 795 1061 ex
827 1019 886 1062 usu
909 997 1033 1062 Galliae
1060 999 1106 1084 in·
1143 997 1147 1005 “

153 1085 361 1165 tellexissent,
385 1086 542 1150 communi
571 1083 701 1149 consilio
724 1082 987 1148 administrarent
1016 1083 1107 1148 Haeo

154 1193 176 1234 a
197 1169 410 1255 compluribus
432 1171 473 1234 ad
495 1169 665 1235 Caesarem
687 1167 919 1234 deferebantur.

221 1257 250 1319 7.
287 1255 414 1334 Quare
437 1257 564 1340 cognita
586 1253 714 1337 Caesar,
737 1253 822 1339 quod
843 1263 964 1318 tantum
987 1255 1107 1319 civitati

153 1341 307 1406 Haeduae
330 1340 490 1426 dignitatis
510 1339 680 1421 tribuebat,
708 1338 916 1404 coercendum
938 1349 1031 1425 atque
1053 1339 1107 1404 de·

153 1426 348 1510 terrendum,
372 1425 620 1513 quibuscumque
634 1425 731 1491 rebus
745 1433 863 1510 posset,
878 1423 1107 1509 Dumnorigem

155 1511 327 1593 statuebat,
358 1509 443 1596 quod
463 1510 588 1598 longius
611 1511 679 1574 eius
701 1512 870 1576 amentiam
891 1506 1041 1594 progredi
1062 1511 1108 1574 vi-

156 1597 269 1680 debat,
299 1597 569 1682 prospiciendum,
598 1618 639 1660 ne
668 1596 744 1682 quid
773 1594 834 1658 sibi
855 1615 893 1658 ac
914 1595 1108 1680 reipublicae

154 1703 272 1748 nocere
293 1691 408 1767 posset
452 1681 563 1766 Itaque
585 1680 652 1744 dies
675 1682 799 1746 circiter
820 1685 900 1741 XXV
921 1681 956 1742 in
978 1702 1015 1745 eo
1037 1679 1108 1746 loco

156 1777 376 1850 commoratus,
401 1767 485 1854 quod
500 1767 600 1832 Corus
622 1775 736 1830 ventus
757 1765 990 1850 navigationem
1012 1767 1055 1828 im
1078 1787 1108 1830 e·

157 1851 273 1934 diebat,
297 1853 351 1938 qui
378 1875 527 1938 magnam
555 1860 678 1938 partem
708 1855 808 1916 omnis
830 1851 982 1936 temporis
1003 1853 1037 1914 in
1083 1851 1108 1914 ‘s

155 1937 235 2003 locis
264 1937 341 2002 flare
371 1939 547 2020 consuevit,
581 1937 677 2001 dabat
705 1959 850 2023 operam,
883 1946 918 2000 ut
945 1937 979 2000 in
1005 1936 1108 2002 officio

156 2024 388 2108 Dumnorigem
411 2025 601 2113 contineret,
629 2023 727 2087 nihilo
749 2032 855 2086 tamen
878 2025 980 2087 secius
1003 2023 1109 2088 omnia

158 2111 226 2174 eius
255 2107 386 2173 consilia
414 2118 637 2194 cognosceret:
670 2108 798 2172 tandem
824 2109 971 2173 idoneam
997 2117 1108 2174 nactus

155 2201 377 2280 tempestatem
390 2193 506 2258 milites
527 2195 713 2281 equitesque
736 2194 949 2259 conscendere
962 2195 996 2257 in
1010 2213 1108 2258 naves

156 2279 254 2344 iubet.
296 2278 341 2342 At
362 2281 500 2343 omnium
520 2278 678 2364 impeditis
701 2280 814 2343 animis
835 2279 1015 2346 Dumnorix
1037 2301 1109 2345 cum

157 2363 316 2452 equitibus
348 2363 553 2430 Haeduorum
585 2387 605 2427 a
637 2365 747 2428 castris
778 2365 932 2430 insciente
969 2362 1109 2429 Caesare

157 2451 286 2515 domum
312 2449 476 2514 discedere
503 2450 616 2535 coepit.
660 2449 732 2530 Qua
758 2472 793 2514 re
820 2453 962 2515 nuntiata
990 2448 1109 2513 ansar

155 2536 337 2599 intermissa
350 2535 542 2621 profectione
565 2542 660 2619 atque
678 2535 823 2599 omnibus
838 2536 934 2600 rebus
956 2535 1109 2622 postposi-

157 2623 198 2685 tis
220 2642 368 2704 magnam
389 2629 512 2705 partem
538 2620 695 2706 equitatus
717 2619 758 2684 ad
781 2642 853 2684 eum
880 2621 1108 2708 insequendum

157 2707 254 2770 mittit
274 2704 454 2791 retrahique
468 2707 617 2790 imperat,
642 2706 668 2768 si
682 2707 747 2770 vim
761 2705 859 2770 faeiat
871 2729 974 2792 neque
988 2713 1109 2792 pareat,

156 2788 293 2854 interfici
302 2789 399 2876 iubet,
422 2790 501 2855 nihil
522 2791 607 2853 hunc
627 2813 662 2854 se
681 2790 811 2856 absente
832 2814 889 2877 pro
912 2814 989 2856 sano
1012 2792 1109 2855 factu-

156 2897 230 2939 rum
251 2875 429 2957 arbitratus,
453 2877 507 2962 qui
520 2878 695 2961 praesentis
716 2877 884 2962 imperium
906 2875 1109 2960 neglexisset.

156 2959 216 3024 Ille
240 2962 323 3024 enim
344 2971 511 3026 revocatus
532 2963 679 3025 resistere
701 2983 739 3025 ac
761 2983 796 3025 se
822 2983 918 3026 manu
940 2960 1109 3025 defendero

159 3067 350 3130 suorumque
375 3045 471 3108 fidem
499 3045 667 3131 implorare
695 3049 798 3132 coepit
820 3069 915 3132 saepe
943 3045 1109 3110 clamitans

158 3129 293 3194 liberum
322 3151 357 3194 se
385 3130 568 3216 liberaeque
598 3153 668 3196 esse
697 3133 843 3196 civitatis.
887 3131 956 3206 Illi,
987 3141 1021 3194 ut
1043 3149 1110 3195 erat

157 3217 353 3302 imperatum,
377 3217 609 3280 circumsistunt
622 3215 781 3281 hominem
797 3227 890 3302 atque
904 3215 1108 3280 interficiunt:

161 3309 192 3363 at
214 3303 334 3386 equites
356 3299 483 3364 Haedui
504 3301 546 3364 ad
568 3299 738 3366 Caesarem
767 3323 876 3366 omnes
898 3309 1109 3365 revertuntur.

222 3385 252 3448 8.
285 3384 345 3448 His
377 3384 473 3449 rebus
499 3387 597 3470 gestis
618 3385 760 3451 Labieno
782 3386 815 3450 in
837 3386 1016 3450 continente
1039 3407 1109 3450 cum

155 3469 264 3534 tribus
281 3469 458 3554 legionibus
481 3481 512 3536 et
534 3472 674 3557 equitum
696 3469 823 3534 milibus
846 3469 972 3534 duobus
991 3470 1106 3536 relicto
