2562 3970
336 233 338 240 '
420 279 556 350 oouu.
578 285 611 350 rr
632 284 726 351 ors.
747 285 863 354 “r-ro.
1069 261 1118 352 '53

159 455 201 522 eb
234 456 383 524 extremis
412 456 597 542 parietibus,
635 457 748 544 quibus
786 457 1014 544 suspenderent
1047 479 1118 523 eam

157 543 436 626 contignationem,
466 565 553 629 quae,
575 547 655 608 turri
678 544 853 627 tegimento
887 551 971 608 esset
1002 543 1117 626 firtura,

158 649 317 714 supraque
340 649 378 692 ea
398 630 488 712 tigna
509 629 628 694 directo
654 637 852 696 transversas
874 628 981 694 trebes
1002 630 1117 694 iniece-
1238 689 1242 698 .

158 721 232 778 runt
254 735 371 814 easque
398 712 511 778 axibus
533 713 748 800 religaverunt
763 713 835 800 (has
849 713 943 800 paulo
957 714 1118 800 longiores

155 807 253 885 atque
265 801 496 882 emmentioros,
519 823 615 888 quam
630 801 764 866 extremi
778 799 913 886 parietes
929 810 1027 883 erant,
1043 800 1116 874 effe-

158 893 275 967 cerant,
298 893 334 950 ut
355 894 449 968 esset,
471 885 527 950 ubi
552 887 724 971 tegimenta
773 885 966 971 rsepondere
987 893 1117 972 possent

158 968 200 1034 ad
232 969 447 1036 detendendos
479 975 559 1037 ictus
593 993 631 1036 ac
662 907 871 1057 repellendos,
906 993 1004 1058 quum
1034 972 1117 1036 inter

156 1077 230 1120 eam
252 1057 517 1141 contignationem
539 1060 675 1144 parietes
698 1056 950 1142 exstruerentur)
984 1079 1117 1142 eamque

137 1140 445 1206 ¹contabulationem
474 1165 628 1207 summam
656 1140 807 1207 lateribus
829 1141 958 1228 lutoque
979 1150 1118 1208 constra-

155 1235 280 1310 ¹verunt,
302 1249 344 1292 ne
365 1227 442 1313 quid
462 1229 545 1314 ignis
573 1228 708 1293 hostium
735 1249 851 1292 nocere
873 1236 988 1312 posset,
1013 1235 1117 1292 cento-

156 1333 290 1398 nesque,
310 1313 440 1398 insuper
475 1315 659 1395 iniecerunt,
693 1335 734 1378 ne
767 1321 821 1376 aut
853 1311 918 1376 tela
952 1313 1116 1381 tormentis

156 1398 299 1463 immisse
330 1397 555 1464 tabulationem
587 1399 829 1484 perfringerent,
870 1407 924 1462 aut
963 1419 1042 1468 saxa
1074 1419 1117 1461 ex

156 1493 228 1548 cata
250 1482 325 1548 ultis
353 1482 528 1548 latericium
556 1485 759 1550 discuterent.
789 1482 910 1548 Storias
938 1493 1043 1548 autem
1075 1505 1116 1548 ex

156 1505 284 1635 funins
299 1571 472 1634 ancorariis
483 1579 547 1636 tres
561 1571 596 1634 in
609 1567 837 1654 longitudinem
850 1571 1007 1654 parietum
1021 1569 1115 1640 turris

156 1653 237 1718 lates
266 1661 316 1716 1111
342 1655 441 1741 pedes
462 1654 605 1720 fecenmt
633 1677 750 1742 easque
777 1654 941 1718 extribus
963 1654 1115 1740 partibus,

157 1761 239 1824 quae
261 1739 303 1804 ad
323 1739 429 1805 hostes
451 1740 637 1825 vergebant,
660 1739 870 1806 eminentibus
891 1739 1034 1811 trabibus
1057 1741 1115 1804 oir-

154 1846 229 1888 -cum
245 1825 360 1890 :turrim
381 1825 632 1912 praependentes
659 1825 900 1912 religaveruntp
913 1824 997 1912 quod
1018 1825 1116 1889 unum

155 1930 258 1996 genus
284 1911 446 1996 tegimenti
474 1911 545 1976 aliis
573 1911 654 1982 locis,
670 1921 761 1978 erent
787 1911 911 1996 experti
936 1909 1023 1975 nullo
1051 1909 1116 1976 telo

156 2016 261 2081 neque
275 2004 430 2062 tormento
445 1998 548 2061 traiici
562 2019 666 2082 posse.
687 1997 753 2062 Ubi
766 2018 842 2061 vero
858 2018 906 2069 ea¹
917 2018 992 2081 pars
1007 1997 1116 2078 turris,

157 2102 239 2166 quae
266 2090 333 2146 erat
353 2082 502 2168 perlecta,
529 2091 613 2149 tecta
640 2093 734 2169 atque
755 2083 876 2146 munita
898 2091 946 2146 est
967 2080 1007 2146 ab
1030 2083 1116 2147 omni

110 2203 112 2208 ·
157 2167 224 2230 ictu
244 2165 390 2251 hostium,
405 2167 529 2254 pluteos
545 2168 587 2232 ad
602 2168 665 2234 alia
680 2190 774 2254 opera
789 2168 1005 2251 abduxerunt,
1020 2168 1115 2232 turris

155 2260 278 2316 tectum
301 2275 359 2339 por
386 2275 421 2318 sc
449 2254 554 2340 ipsum
575 2254 790 2402 pressionibus
819 2275 860 2317 ex
881 2255 1116 2338 contignatione

155 2341 259 2423 prima
281 2340 474 2424 suspendere
495 2360 534 2404 ac
547 2348 579 2404 to
593 2340 659 2404 lere
675 2347 862 2425 coeperunt3
878 2337 940 2420 ubi,
964 2347 1116 2428 quantum

156 2425 325 2488 storiarum
340 2424 487 2490 demissio
520 2424 685 2507 atiebatur,
700 2433 821 2490 tantum
835 2423 1012 2490 elevabant.
1028 2424 1116 2490 lutra

155 2508 235 2574 haee
257 2511 428 2594 tegimenta
448 2447 548 2575 abditi
567 2519 663 2597 atque
677 2511 790 2575 muniti
803 2511 940 2596 parietes
961 2510 1114 2584 lateribus

155 2595 365 2660 exstruebant
377 2616 486 2659 rursus
509 2618 549 2660 ue
565 2597 627 2660 alia
663 2598 804 2660 ressione
820 2595 861 2659 ad
882 2595 1115 2669 aedificandum
1160 2609 1162 2614 ’

154 2679 217 2747 sibi
237 2678 342 2745 locum
371 2703 412 2745 ex
435 2619 590 2750 edibbant.
666 2683 678 2746 i
706 2691 830 2768 tempus
857 2681 986 2752 alterius
1009 2691 1114 2746 conta

155 2763 323 2830 bulationis
338 2704 515 2850 videbatur,
530 2769 618 2852 tigna
637 2770 712 2832 item
725 2777 761 2830 ut
783 2767 882 2852 primo
905 2775 989 2852 tecta
1011 2775 1114 2832 extre—

155 2851 214 2915 mis
248 2850 401 2917 lateribus
418 2853 632 2917 =instruebant
667 2875 769 2939 exque
806 2875 844 2916 ea
880 2853 1114 2936 contignatione

153 2958 265 3000 rursus
277 2959 431 3003 summam
446 2937 920 3024 contabulationemstoriasque
935 2937 1113 3001 elevabant.

152 3021 203 3086 Ita
225 3031 292 3087 tuto
314 3044 353 3086 ao
380 3024 448 3089 sine
476 3021 541 3088 ullo
562 3023 694 3088 vulnere
721 3045 759 3088 ac
803 3022 921 3088 erioulo
944 3044 1002 3086 sex
1023 3021 1113 3094 tubu-

153 3106 219 3172 lata
241 3116 467 3173 exstruxerunt
487 3108 705 3194 fenestrasque
727 3045 841 3195 quibus
856 3111 889 3177 in
910 3106 988 3171 loeis
1001 3109 1113 3172 ¹visum

154 3201 204 3258 est
225 3193 267 3258 ad
288 3201 446 3258 tormenta
471 3193 623 3260 mittenda
644 3196 678 3258 in
701 3194 850 3260 struendo
864 3192 1069 3278 reliquerunt.
1104 3241 1106 3246 .

219 3279 269 3343 10.
292 3278 356 3344 Ubi
382 3301 424 3344 ex
451 3299 489 3343 ea
516 3281 596 3344 turri
625 3302 705 3366 quae
735 3281 853 3354 circum
881 3285 988 3344 essent
1017 3298 1113 3363 opera

153 3365 236 3427 tueri
248 3386 291 3428 se
313 3386 407 3450 posse
423 3364 533 3431 conlisi
548 3373 636 3448 sunt,
657 3364 833 3430 musculum
852 3363 948 3450 pedes
970 3370 1023 3426 XX
1045 3363 1112 3428 lon·

153 3469 228 3598 gum
250 3471 292 3513 ex
311 3450 444 3514 materia
472 3449 622 3536 bipedali,
645 3471 739 3538 quem
760 3472 780 3514 a
800 3450 881 3514 turri
907 3449 1049 3514 latericia
1071 3448 1113 3512 ad
1174 3529 1179 3543 Ι

176 3535 290 3600 ostium
311 3536 422 3600 turrim
444 3557 630 3623 murumque
656 3535 876 3622 perducerent,
898 3534 1004 3602 faeere
1026 3535 1115 3600 insti·
