2490 3974
176 201 238 266 179
436 199 566 264 BELLI
587 199 890 264 ALEXANDRINI

175 370 414 438 intercludebat
449 370 515 445 Sic,
535 381 602 434 erat
638 370 752 434 dubius
785 372 891 453 unirni,
925 380 1030 436 utrum
1058 371 1156 436 nihil

175 458 287 524 timere
320 479 361 522 an
394 457 500 522 omnia
532 457 629 522 licere
650 456 768 522 mallet
803 455 929 523 Sanatis
950 457 1153 522 vulneribus

173 544 308 608 arcessit
330 565 450 626 omnes,
474 543 528 642 qui
551 541 612 606 sibi
637 544 788 627 pecunias
810 563 967 629 expensas
989 541 1152 624 tulerant,

174 637 386 715 acceptasque
409 651 463 692 ees
478 627 567 692 rubet
587 628 715 711 referri,
739 627 853 714 quibus
875 649 987 714 parum
1009 626 1151 690 videba-

173 721 226 777 tur
246 715 436 798 imposuisse
460 715 573 795 oneris,
596 712 783 798 ampliorem
804 713 972 799 pecuniam
993 715 1150 797 imperat.

174 796 326 885 Equitum
349 808 454 862 autem
475 798 690 864 Romanorum
711 797 868 864 delectum
889 799 1042 880 instituit,
1059 820 1149 883 quos

174 904 218 948 ex
232 883 379 947 omnibus
395 883 603 948 conventibus
616 883 811 970 coloniisque
827 885 1022 968 conscriptos
1039 891 1149 947 nans-

174 970 299 1032 marina
320 968 433 1032 militia
477 970 642 1032 crterritoe
671 969 712 1033 ud
734 969 922 1033 sacramenti
951 968 1148 1053 redemptio-

174 1075 248 1117 nem
262 1052 408 1118 vocabat
424 991 576 1138 lCagnum
597 1052 655 1119 hoc
677 1054 737 1119 fuit
751 1052 898 1138 vectigal,
915 1054 1017 1116 maius
1031 1061 1147 1116 tamen

174 1136 306 1202 creabat
328 1138 444 1202 odium.
468 1139 528 1202 Hie
551 1139 658 1202 rebus·
672 1140 820 1204 coniectis
843 1148 943 1202 totum
964 1139 1146 1202 exercitum

172 1220 302 1305 lustrat3
324 1221 475 1308 legiones,
500 1245 578 1310 quas
601 1224 634 1287 in
656 1223 798 1288 Africam
826 1223 977 1288 ducturus
1005 1231 1084 1306 erat,
1109 1233 1146 1288 et

173 1307 295 1372 auxilia
316 1309 410 1372 mittit
432 1309 474 1372 ad
495 1310 669 1373 traiectum.
696 1309 770 1395 Ipse
800 1309 942 1391 classem,
966 1331 1060 1395 quam
1084 1329 1144 1394 pa-

173 1390 276 1476 rabat,
298 1402 334 1456 ut
355 1395 534 1479 inspiceret,
550 1393 709 1478 Hispalim
724 1395 846 1459 accedit
855 1394 964 1481 ibique
985 1403 1143 1471 moratur,

173 1487 344 1626 propterea
352 1478 436 1564 quod
444 1479 582 1544 edictum
590 1480 1056 1580 totaprovinciaproposuerat:
1070 1479 1143 1565 qui-

196 1566 392 1648 uspecunias
401 1565 597 1649 imperasset,
612 1587 716 1652 neque
730 1564 945 1645 contuhssent,
962 1563 1141 1628 eeadirent.

236 1648 405 1727 5111111
432 1650 575 1714 evocatio
602 1651 808 1716 vehementer
835 1671 944 1715 omnes
987 1647 1141 1713 turbavit.

173 1732 306 1799 Interim
327 1734 365 1797 L.
387 1734 499 1816 Titius,
523 1737 578 1821 qui
607 1757 645 1800 co
667 1745 813 1822 tempore
833 1733 980 1799 tribunus
1001 1733 1142 1798 militum

172 1819 206 1882 in
227 1818 354 1906 legione
382 1819 556 1884 vernacula
584 1821 697 1904 firerat,
726 1821 852 1884 nuntiat
878 1841 947 1884 cam
970 1843 989 1884 a
1010 1820 1140 1905 legione

173 1911 263 1987 XXX,
287 1927 383 1991 quam
406 1904 445 1984 Q.
470 1904 600 1970 Cassius
623 1904 746 1990 legatus
762 1905 856 1970 simul
878 1905 1023 1987 ducebat,
1040 1926 1138 1990 quum

171 1989 214 2054 ad
242 1990 392 2075 oppidum
421 1990 548 2076 Leptim
577 1999 683 2056 castra
710 1990 849 2072 haberet,
878 1990 1031 2056 seditione
1053 1989 1139 2054 facta

172 2074 412 2141 centurionibus
435 2076 554 2178 aliquot
577 2078 700 2159 occisis,
724 2078 778 2163 qui
793 2079 884 2160 signa
904 2075 974 2140 tolli
995 2097 1060 2141 non
1081 2097 1138 2162 pa·

171 2159 340 2243 tiebantur,
364 2161 548 2226 discessisse
572 2171 603 2226 et
625 2161 667 2226 sd
688 2161 860 2226 secundam
883 2160 914 2226 le
938 2162 1041 2226 ‘ouem
1063 2177 1137 2224 con·

171 2243 322 2328 tendisse,
361 2268 443 2332 quae
470 2246 512 2311 ad
541 2247 656 2312 fretum
686 2247 748 2312 alio
770 2248 886 2311 itinere
932 2245 1135 2310 educebatur.

172 2328 308 2415 Cognita
329 2353 365 2395 re
387 2343 484 2397 noctu
505 2355 577 2396 cum
600 2343 625 2394 V
648 2331 829 2398 cohortibus
851 2333 1136 2398 unetvicesimano-

170 2437 241 2479 rum
271 2415 441 2502 egreditur,
474 2439 567 2481 mune
599 2419 755 2504 pervenit
786 2417 836 2481 Ibi
865 2440 938 2482 eum
967 2417 1060 2500 diem,
1090 2428 1134 2499 ut,

170 2499 247 2586 quid
269 2511 426 2586 ageretur,
452 2504 657 2589 perspiceret,
687 2513 827 2568 moratus
851 2501 1040 2568 Carmonem
1062 2523 1136 2565 con·

169 2584 280 2650 tendit.
303 2587 365 2650 Hic
394 2610 490 2675 quum
513 2587 596 2674 legio
618 2595 698 2652 XXX
721 2599 752 2654 et
778 2595 843 2652 XXl
866 2597 898 2652 et
919 2587 1065 2652 cohortes
1088 2595 1135 2650 1111

170 2694 212 2737 ex
234 2681 260 2734 V
289 2671 414 2756 legione
443 2683 591 2760 totusque
620 2676 822 2741 convenisset
851 2675 1018 2761 equitatus,
1048 2672 1135 2736 audit

169 2765 220 2823 llll
248 2757 393 2822 cohortes
423 2781 444 2822 a
464 2759 646 2824 vernaculis
680 2782 849 2847 oppressas
882 2759 924 2824 ad
953 2756 1134 2824 Obuculum

169 2864 241 2908 cum
269 2841 319 2906 his
347 2843 388 2908 ad
416 2845 588 2910 secundam
617 2848 802 2931 pervenisse
830 2867 1003 2931 omnesque
1031 2842 1077 2907 ibi
1099 2865 1133 2906 se

169 2929 373 2995 coniunxisse
395 2939 427 2994 et
448 2930 485 2993 T.
509 2931 661 2997 Thorium
688 2931 890 2996 Italicensem
913 2930 1026 2994 ducem
1048 2926 1132 2992 dele-

168 3015 261 3099 gisse.
287 3012 442 3079 Celeriter
462 3014 569 3081 habito
591 3017 723 3082 consilio
739 3016 925 3082 Marcellum
940 3012 1131 3096 Cordubam,

167 3108 203 3164 ut
225 3121 295 3163 eam
317 3101 351 3162 in
379 3110 537 3186 potestate
565 3102 726 3183 retineret,
758 3101 796 3180 Q.
826 3101 971 3166 Caesium
994 3098 1131 3183 legatum

168 3183 326 3269 Hispalim
348 3188 451 3253 mittit
467 3187 581 3262 Paucis
604 3189 633 3251 ei
656 3186 768 3252 diebus
790 3189 919 3252 affertur
941 3192 1130 3250 conventum

168 3267 410 3335 Cordubensem
437 3271 478 3336 ab
502 3294 539 3337 eo
562 3271 717 3336 defecisse
739 3272 986 3356 Marcellumque
1008 3277 1062 3332 aut
1076 3290 1129 3332 vo·

168 3353 288 3420 luntate
318 3365 372 3420 aut
401 3358 590 3422 necessitate
620 3358 792 3422 abductum
815 3363 963 3442 (namque
985 3353 1019 3418 id
1040 3354 1128 3417 varie

167 3440 384 3528 nuntiabatur)
418 3445 597 3508 consentire
631 3465 703 3508 cum
737 3440 1015 3521 Cordubensibus3
1051 3437 1128 3502 dues
