<?xml version="1.0" encoding="UTF-8"?>
<!DOCTYPE html PUBLIC "-//W3C//DTD XHTML 1.0 Transitional//EN"
    "http://www.w3.org/TR/xhtml1/DTD/xhtml1-transitional.dtd">
<html xmlns="http://www.w3.org/1999/xhtml" xml:lang="en" lang="en">
 <head>
  <title>
</title>
<meta http-equiv="Content-Type" content="text/html;charset=utf-8" />
  <meta name='ocr-system' content='tesseract 3.04.00' />
  <meta name='ocr-capabilities' content='ocr_page ocr_carea ocr_par ocr_line ocrx_word'/>
</head>
<body>
  <div class='ocr_page' id='page_1' title='image "./ciuliicaesarisc01hirtgoog_0378.png"; bbox 0 0 2562 3970; ppageno 0'>
   <div class='ocr_carea' id='block_1_1' title="bbox 316 243 1266 312">
    <p class='ocr_par' dir='ltr' id='par_1_1' title="bbox 316 243 1266 312">
     <span class='ocr_line' id='line_1_1' title="bbox 316 243 1266 312; baseline 0.003 -2"><span class='ocrx_word' id='word_1_1' title='bbox 316 287 317 290; x_wconf 59' lang='lat'><em>=</em></span> <span class='ocrx_word' id='word_1_2' title='bbox 387 243 522 310; x_wconf 84' lang='lat' dir='ltr'><strong>OOMM.</strong></span> <span class='ocrx_word' id='word_1_3' title='bbox 544 245 561 308; x_wconf 90' lang='lat' dir='ltr'>I</span> <span class='ocrx_word' id='word_1_4' title='bbox 583 244 676 310; x_wconf 83' lang='lat' dir='ltr'>OAP.</span> <span class='ocrx_word' id='word_1_5' title='bbox 699 245 835 310; x_wconf 76' lang='lat'><strong>52-57.</strong></span> <span class='ocrx_word' id='word_1_6' title='bbox 1046 248 1084 312; x_wconf 85' lang='lat'>31</span> <span class='ocrx_word' id='word_1_7' title='bbox 1265 249 1266 262; x_wconf 59' lang='lat'>¹</span> 
     </span>
    </p>
   </div>
   <div class='ocr_carea' id='block_1_2' title="bbox 129 414 1146 2014">
    <p class='ocr_par' dir='ltr' id='par_1_2' title="bbox 131 414 1088 1098">
     <span class='ocr_line' id='line_1_2' title="bbox 133 414 1088 503; baseline 0.004 -25"><span class='ocrx_word' id='word_1_8' title='bbox 133 437 225 480; x_wconf 88' lang='lat' dir='ltr'>suum</span> <span class='ocrx_word' id='word_1_9' title='bbox 246 414 399 478; x_wconf 72' lang='lat' dir='ltr'>acastus</span> <span class='ocrx_word' id='word_1_10' title='bbox 421 423 497 478; x_wconf 84' lang='lat' dir='ltr'>XXII</span> <span class='ocrx_word' id='word_1_11' title='bbox 525 414 703 503; x_wconf 79' lang='lat' dir='ltr'>militesque</span> <span class='ocrx_word' id='word_1_12' title='bbox 732 415 781 480; x_wconf 90' lang='lat' dir='ltr'>his</span> <span class='ocrx_word' id='word_1_13' title='bbox 807 417 943 482; x_wconf 89' lang='lat' dir='ltr'>navibus</span> <span class='ocrx_word' id='word_1_14' title='bbox 971 417 1088 482; x_wconf 88' lang='lat' dir='ltr'>flumen</span> 
     </span>
     <span class='ocr_line' id='line_1_3' title="bbox 131 501 1087 587; baseline 0.003 -23"><span class='ocrx_word' id='word_1_15' title='bbox 131 507 323 585; x_wconf 62' lang='lat' dir='ltr'>transportat</span> <span class='ocrx_word' id='word_1_16' title='bbox 348 501 622 586; x_wconf 75' lang='lat' dir='ltr'>continentemque</span> <span class='ocrx_word' id='word_1_17' title='bbox 652 501 741 586; x_wconf 83' lang='lat' dir='ltr'>ripae</span> <span class='ocrx_word' id='word_1_18' title='bbox 768 501 887 566; x_wconf 84' lang='lat' dir='ltr'>collem</span> <span class='ocrx_word' id='word_1_19' title='bbox 917 503 1087 587; x_wconf 83' lang='lat' dir='ltr'>improviso</span> 
     </span>
     <span class='ocr_line' id='line_1_4' title="bbox 132 583 1088 672; baseline -0.001 -21"><span class='ocrx_word' id='word_1_20' title='bbox 132 593 275 671; x_wconf 83' lang='lat' dir='ltr'>occupat.</span> <span class='ocrx_word' id='word_1_21' title='bbox 303 583 398 649; x_wconf 90' lang='lat' dir='ltr'>Hunc</span> <span class='ocrx_word' id='word_1_22' title='bbox 428 585 581 666; x_wconf 79' lang='lat' dir='ltr'>celeriter,</span> <span class='ocrx_word' id='word_1_23' title='bbox 612 586 794 672; x_wconf 74' lang='lat' dir='ltr'><strong>priusquam</strong></span> <span class='ocrx_word' id='word_1_24' title='bbox 823 585 864 652; x_wconf 90' lang='lat' dir='ltr'>ab</span> <span class='ocrx_word' id='word_1_25' title='bbox 897 587 1088 653; x_wconf 85' lang='lat' dir='ltr'>adversariis</span> 
     </span>
     <span class='ocr_line' id='line_1_5' title="bbox 132 669 1088 758; baseline 0 -23"><span class='ocrx_word' id='word_1_26' title='bbox 132 673 294 750; x_wconf 85' lang='lat' dir='ltr'>sentiatur,</span> <span class='ocrx_word' id='word_1_27' title='bbox 328 671 508 734; x_wconf 85' lang='lat' dir='ltr'>communit</span> <span class='ocrx_word' id='word_1_28' title='bbox 540 669 614 734; x_wconf 89' lang='lat' dir='ltr'>Huc</span> <span class='ocrx_word' id='word_1_29' title='bbox 645 669 802 755; x_wconf 88' lang='lat' dir='ltr'>legionem</span> <span class='ocrx_word' id='word_1_30' title='bbox 833 681 943 758; x_wconf 88' lang='lat' dir='ltr'>postea</span> <span class='ocrx_word' id='word_1_31' title='bbox 974 673 1088 738; x_wconf 77' lang='lat' dir='ltr'>uafioit</span> 
     </span>
     <span class='ocr_line' id='line_1_6' title="bbox 132 755 1087 856; baseline -0.002 -34"><span class='ocrx_word' id='word_1_32' title='bbox 132 765 226 856; x_wconf 76' lang='lat' dir='ltr'>atque</span> <span class='ocrx_word' id='word_1_33' title='bbox 245 777 289 820; x_wconf 89' lang='lat' dir='ltr'>ex</span> <span class='ocrx_word' id='word_1_34' title='bbox 316 763 449 841; x_wconf 81' lang='lat' dir='ltr'>utraque</span> <span class='ocrx_word' id='word_1_35' title='bbox 476 765 567 840; x_wconf 84' lang='lat' dir='ltr'>parte</span> <span class='ocrx_word' id='word_1_36' title='bbox 588 765 716 841; x_wconf 85' lang='lat' dir='ltr'>pontem</span> <span class='ocrx_word' id='word_1_37' title='bbox 736 757 878 839; x_wconf 86' lang='lat' dir='ltr'>instituit,</span> <span class='ocrx_word' id='word_1_38' title='bbox 900 755 997 821; x_wconf 85' lang='lat' dir='ltr'>biduo</span> <span class='ocrx_word' id='word_1_39' title='bbox 1018 780 1087 843; x_wconf 90' lang='lat' dir='ltr'>per·</span> 
     </span>
     <span class='ocr_line' id='line_1_7' title="bbox 131 840 1088 928; baseline -0.001 -22"><span class='ocrx_word' id='word_1_40' title='bbox 131 841 206 906; x_wconf 78' lang='lat' dir='ltr'>ficit.</span> <span class='ocrx_word' id='word_1_41' title='bbox 233 840 284 904; x_wconf 81' lang='lat' dir='ltr'>lta</span> <span class='ocrx_word' id='word_1_42' title='bbox 310 849 501 905; x_wconf 79' lang='lat' dir='ltr'>commeatus</span> <span class='ocrx_word' id='word_1_43' title='bbox 523 849 555 905; x_wconf 91' lang='lat' dir='ltr'>et</span> <span class='ocrx_word' id='word_1_44' title='bbox 583 842 636 926; x_wconf 93' lang='lat' dir='ltr'>qui</span> <span class='ocrx_word' id='word_1_45' title='bbox 664 842 811 906; x_wconf 82' lang='lat' dir='ltr'>frumenti</span> <span class='ocrx_word' id='word_1_46' title='bbox 839 863 935 906; x_wconf 86' lang='lat' dir='ltr'>causa</span> <span class='ocrx_word' id='word_1_47' title='bbox 961 865 1088 928; x_wconf 90' lang='lat' dir='ltr'>proces·</span> 
     </span>
     <span class='ocr_line' id='line_1_8' title="bbox 132 925 1088 1012; baseline 0.002 -22"><span class='ocrx_word' id='word_1_48' title='bbox 132 934 238 990; x_wconf 87' lang='lat' dir='ltr'>serant</span> <span class='ocrx_word' id='word_1_49' title='bbox 270 933 337 989; x_wconf 90' lang='lat' dir='ltr'>tuto</span> <span class='ocrx_word' id='word_1_50' title='bbox 366 925 408 990; x_wconf 84' lang='lat' dir='ltr'>ad</span> <span class='ocrx_word' id='word_1_51' title='bbox 435 947 469 990; x_wconf 89' lang='lat' dir='ltr'>se</span> <span class='ocrx_word' id='word_1_52' title='bbox 495 927 610 1012; x_wconf 79' lang='lat' dir='ltr'>recipit</span> <span class='ocrx_word' id='word_1_53' title='bbox 638 937 670 992; x_wconf 90' lang='lat' dir='ltr'>et</span> <span class='ocrx_word' id='word_1_54' title='bbox 690 949 757 990; x_wconf 86' lang='lat' dir='ltr'>rem</span> <span class='ocrx_word' id='word_1_55' title='bbox 778 927 1013 992; x_wconf 80' lang='lat' dir='ltr'>frumentariam</span> <span class='ocrx_word' id='word_1_56' title='bbox 1035 950 1088 992; x_wconf 86' lang='lat' dir='ltr'>ex·</span> 
     </span>
     <span class='ocr_line' id='line_1_9' title="bbox 132 1010 383 1098; baseline -0.016 -20"><span class='ocrx_word' id='word_1_57' title='bbox 132 1011 242 1098; x_wconf 81' lang='lat' dir='ltr'>pedire</span> <span class='ocrx_word' id='word_1_58' title='bbox 264 1011 326 1074; x_wconf 83' lang='lat' dir='ltr'>inc‘</span> <span class='ocrx_word' id='word_1_59' title='bbox 350 1010 383 1074; x_wconf 89' lang='lat' dir='ltr'>it.</span> 
     </span>
    </p>

    <p class='ocr_par' dir='ltr' id='par_1_3' title="bbox 129 1033 1146 2014">
     <span class='ocr_line' id='line_1_10' title="bbox 194 1033 1089 1182; baseline 0 -22"><span class='ocrx_word' id='word_1_60' title='bbox 194 1095 246 1160; x_wconf 79' lang='lat'>55.</span> <span class='ocrx_word' id='word_1_61' title='bbox 268 1033 391 1162; x_wconf 59' lang='lat' dir='ltr'>nollem</span> <span class='ocrx_word' id='word_1_62' title='bbox 413 1097 464 1160; x_wconf 90' lang='lat' dir='ltr'>die</span> <span class='ocrx_word' id='word_1_63' title='bbox 491 1097 632 1182; x_wconf 86' lang='lat' dir='ltr'>equiturn</span> <span class='ocrx_word' id='word_1_64' title='bbox 657 1119 805 1182; x_wconf 86' lang='lat' dir='ltr'>magnam</span> <span class='ocrx_word' id='word_1_65' title='bbox 827 1107 949 1182; x_wconf 87' lang='lat' dir='ltr'>partem</span> <span class='ocrx_word' id='word_1_66' title='bbox 970 1097 1089 1162; x_wconf 90' lang='lat' dir='ltr'>flumen</span> 
     </span>
     <span class='ocr_line' id='line_1_11' title="bbox 131 1180 1087 1268; baseline 0 -22"><span class='ocrx_word' id='word_1_67' title='bbox 131 1182 264 1246; x_wconf 70' lang='lat' dir='ltr'>naiecit.</span> <span class='ocrx_word' id='word_1_68' title='bbox 288 1180 352 1260; x_wconf 80' lang='lat' dir='ltr'>Qui</span> <span class='ocrx_word' id='word_1_69' title='bbox 365 1181 564 1268; x_wconf 77' lang='lat' dir='ltr'>inopinantes</span> <span class='ocrx_word' id='word_1_70' title='bbox 578 1182 780 1267; x_wconf 77' lang='lat' dir='ltr'>pabulatores</span> <span class='ocrx_word' id='word_1_71' title='bbox 803 1191 834 1246; x_wconf 90' lang='lat' dir='ltr'>et</span> <span class='ocrx_word' id='word_1_72' title='bbox 856 1183 923 1246; x_wconf 89' lang='lat' dir='ltr'>sine</span> <span class='ocrx_word' id='word_1_73' title='bbox 945 1182 1010 1248; x_wconf 91' lang='lat' dir='ltr'>ullo</span> <span class='ocrx_word' id='word_1_74' title='bbox 1026 1183 1087 1246; x_wconf 90' lang='lat' dir='ltr'>dis-</span> 
     </span>
     <span class='ocr_line' id='line_1_12' title="bbox 131 1268 1087 1353; baseline 0.001 -22"><span class='ocrx_word' id='word_1_75' title='bbox 131 1269 249 1353; x_wconf 86' lang='lat' dir='ltr'>sipatos</span> <span class='ocrx_word' id='word_1_76' title='bbox 270 1268 382 1332; x_wconf 90' lang='lat' dir='ltr'>timore</span> <span class='ocrx_word' id='word_1_77' title='bbox 403 1268 546 1352; x_wconf 78' lang='lat' dir='ltr'>aggressi</span> <span class='ocrx_word' id='word_1_78' title='bbox 575 1290 724 1353; x_wconf 86' lang='lat' dir='ltr'>magnum</span> <span class='ocrx_word' id='word_1_79' title='bbox 745 1289 913 1332; x_wconf 88' lang='lat' dir='ltr'>numerum</span> <span class='ocrx_word' id='word_1_80' title='bbox 933 1269 1087 1333; x_wconf 90' lang='lat' dir='ltr'>iumento-</span> 
     </span>
     <span class='ocr_line' id='line_1_13' title="bbox 130 1351 1087 1438; baseline 0 -20"><span class='ocrx_word' id='word_1_81' title='bbox 130 1375 201 1418; x_wconf 81' lang='lat' dir='ltr'>rum</span> <span class='ocrx_word' id='word_1_82' title='bbox 211 1362 307 1438; x_wconf 86' lang='lat' dir='ltr'>etque</span> <span class='ocrx_word' id='word_1_83' title='bbox 317 1351 479 1416; x_wconf 90' lang='lat' dir='ltr'>hominum</span> <span class='ocrx_word' id='word_1_84' title='bbox 490 1354 693 1437; x_wconf 86' lang='lat' dir='ltr'>intercipiunt</span> <span class='ocrx_word' id='word_1_85' title='bbox 705 1351 885 1418; x_wconf 82' lang='lat' dir='ltr'>cohortibus</span> <span class='ocrx_word' id='word_1_86' title='bbox 907 1375 947 1416; x_wconf 87' lang='lat' dir='ltr'>ue</span> <span class='ocrx_word' id='word_1_87' title='bbox 958 1355 1087 1422; x_wconf 86' lang='lat' dir='ltr'>cetratis</span> 
     </span>
     <span class='ocr_line' id='line_1_14' title="bbox 131 1437 1087 1524; baseline -0.002 -22"><span class='ocrx_word' id='word_1_88' title='bbox 131 1437 271 1503; x_wconf 86' lang='lat' dir='ltr'>subsidio</span> <span class='ocrx_word' id='word_1_89' title='bbox 283 1438 388 1502; x_wconf 88' lang='lat' dir='ltr'>missis</span> <span class='ocrx_word' id='word_1_90' title='bbox 400 1437 670 1502; x_wconf 88' lang='lat' dir='ltr'>scienterinduas</span> <span class='ocrx_word' id='word_1_91' title='bbox 681 1448 786 1524; x_wconf 82' lang='lat' dir='ltr'>partes</span> <span class='ocrx_word' id='word_1_92' title='bbox 802 1460 872 1502; x_wconf 89' lang='lat' dir='ltr'>sese</span> <span class='ocrx_word' id='word_1_93' title='bbox 910 1437 1087 1520; x_wconf 68' lang='lat' dir='ltr'>‘stribuunq</span> 
     </span>
     <span class='ocr_line' id='line_1_15' title="bbox 130 1521 1088 1608; baseline -0.002 -20"><span class='ocrx_word' id='word_1_94' title='bbox 130 1521 185 1588; x_wconf 88' lang='lat' dir='ltr'>alii</span> <span class='ocrx_word' id='word_1_95' title='bbox 216 1532 252 1588; x_wconf 90' lang='lat' dir='ltr'>ut</span> <span class='ocrx_word' id='word_1_96' title='bbox 283 1522 421 1608; x_wconf 85' lang='lat' dir='ltr'>praedae</span> <span class='ocrx_word' id='word_1_97' title='bbox 452 1523 612 1608; x_wconf 86' lang='lat' dir='ltr'>praesidio</span> <span class='ocrx_word' id='word_1_98' title='bbox 644 1526 716 1606; x_wconf 85' lang='lat' dir='ltr'>sint,</span> <span class='ocrx_word' id='word_1_99' title='bbox 748 1522 804 1586; x_wconf 82' lang='lat' dir='ltr'>alii</span> <span class='ocrx_word' id='word_1_100' title='bbox 832 1534 867 1586; x_wconf 92' lang='lat' dir='ltr'>ut</span> <span class='ocrx_word' id='word_1_101' title='bbox 888 1522 1088 1588; x_wconf 82' lang='lat' dir='ltr'>venientibus</span> 
     </span>
     <span class='ocr_line' id='line_1_16' title="bbox 130 1607 1084 1694; baseline 0 -22"><span class='ocrx_word' id='word_1_102' title='bbox 130 1608 279 1673; x_wconf 86' lang='lat' dir='ltr'>resistant</span> <span class='ocrx_word' id='word_1_103' title='bbox 303 1617 398 1694; x_wconf 87' lang='lat' dir='ltr'>atque</span> <span class='ocrx_word' id='word_1_104' title='bbox 428 1630 482 1674; x_wconf 89' lang='lat' dir='ltr'>eos</span> <span class='ocrx_word' id='word_1_105' title='bbox 507 1608 695 1694; x_wconf 80' lang='lat' dir='ltr'>propellant,</span> <span class='ocrx_word' id='word_1_106' title='bbox 724 1631 883 1692; x_wconf 88' lang='lat' dir='ltr'>unamque</span> <span class='ocrx_word' id='word_1_107' title='bbox 915 1607 1084 1688; x_wconf 88' lang='lat' dir='ltr'>cohortem,</span> 
     </span>
     <span class='ocr_line' id='line_1_17' title="bbox 131 1695 1086 1778; baseline -0.001 -21"><span class='ocrx_word' id='word_1_108' title='bbox 131 1714 211 1778; x_wconf 86' lang='lat' dir='ltr'>quae</span> <span class='ocrx_word' id='word_1_109' title='bbox 239 1702 360 1760; x_wconf 84' lang='lat' dir='ltr'>temero</span> <span class='ocrx_word' id='word_1_110' title='bbox 386 1701 462 1772; x_wconf 83' lang='lat' dir='ltr'>ante</span> <span class='ocrx_word' id='word_1_111' title='bbox 491 1703 612 1758; x_wconf 85' lang='lat' dir='ltr'>ceteras</span> <span class='ocrx_word' id='word_1_112' title='bbox 641 1707 733 1758; x_wconf 88' lang='lat' dir='ltr'>extra</span> <span class='ocrx_word' id='word_1_113' title='bbox 754 1695 855 1758; x_wconf 87' lang='lat' dir='ltr'>aciem</span> <span class='ocrx_word' id='word_1_114' title='bbox 876 1701 1086 1778; x_wconf 72' lang='lat' dir='ltr'>procurarat,</span> 
     </span>
     <span class='ocr_line' id='line_1_18' title="bbox 131 1777 1087 1864; baseline -0.001 -23"><span class='ocrx_word' id='word_1_115' title='bbox 131 1777 288 1842; x_wconf 84' lang='lat' dir='ltr'>seclusam</span> <span class='ocrx_word' id='word_1_116' title='bbox 302 1779 343 1843; x_wconf 90' lang='lat' dir='ltr'>ab</span> <span class='ocrx_word' id='word_1_117' title='bbox 364 1777 496 1864; x_wconf 88' lang='lat' dir='ltr'>reliquis</span> <span class='ocrx_word' id='word_1_118' title='bbox 511 1779 762 1844; x_wconf 69' lang='lat' dir='ltr'>nucumveniunt</span> <span class='ocrx_word' id='word_1_119' title='bbox 783 1788 876 1864; x_wconf 89' lang='lat' dir='ltr'>atque</span> <span class='ocrx_word' id='word_1_120' title='bbox 896 1778 1087 1848; x_wconf 68' lang='lat' dir='ltr'>interficiunt</span> 
     </span>
     <span class='ocr_line' id='line_1_19' title="bbox 129 1863 1146 1957; baseline 0 -31"><span class='ocrx_word' id='word_1_121' title='bbox 129 1863 366 1949; x_wconf 87' lang='lat' dir='ltr'>incolumesque</span> <span class='ocrx_word' id='word_1_122' title='bbox 398 1885 470 1928; x_wconf 86' lang='lat' dir='ltr'>cum</span> <span class='ocrx_word' id='word_1_123' title='bbox 499 1887 616 1950; x_wconf 82' lang='lat' dir='ltr'>magna</span> <span class='ocrx_word' id='word_1_124' title='bbox 640 1864 758 1949; x_wconf 80' lang='lat' dir='ltr'>praeda</span> <span class='ocrx_word' id='word_1_125' title='bbox 790 1863 902 1928; x_wconf 91' lang='lat' dir='ltr'>eodem</span> <span class='ocrx_word' id='word_1_126' title='bbox 933 1873 1027 1948; x_wconf 87' lang='lat' dir='ltr'>ponte</span> <span class='ocrx_word' id='word_1_127' title='bbox 1054 1863 1086 1926; x_wconf 93' lang='lat' dir='ltr'>in</span> <span class='ocrx_word' id='word_1_128' title='bbox 1139 1943 1146 1957; x_wconf 37' lang='grc'><strong><em>1</em></strong></span> 
     </span>
     <span class='ocr_line' id='line_1_20' title="bbox 131 1957 514 2014; baseline 0 0"><span class='ocrx_word' id='word_1_129' title='bbox 131 1957 236 2014; x_wconf 84' lang='lat' dir='ltr'>castra</span> <span class='ocrx_word' id='word_1_130' title='bbox 255 1958 467 2014; x_wconf 81' lang='lat' dir='ltr'>reverumun.</span> <span class='ocrx_word' id='word_1_131' title='bbox 512 1969 514 1972; x_wconf 89' lang='grc'><strong><em>·</em></strong></span> 
     </span>
    </p>
   </div>
   <div class='ocr_carea' id='block_1_3' title="bbox 129 2033 1087 2268">
    <p class='ocr_par' dir='ltr' id='par_1_4' title="bbox 129 2033 1087 2268">
     <span class='ocr_line' id='line_1_21' title="bbox 194 2033 1087 2120; baseline 0 -22"><span class='ocrx_word' id='word_1_132' title='bbox 194 2033 246 2098; x_wconf 85' lang='grc'>56.</span> <span class='ocrx_word' id='word_1_133' title='bbox 268 2033 355 2098; x_wconf 88' lang='lat' dir='ltr'>Dum</span> <span class='ocrx_word' id='word_1_134' title='bbox 375 2033 455 2100; x_wconf 81' lang='lat' dir='ltr'>haec</span> <span class='ocrx_word' id='word_1_135' title='bbox 477 2034 518 2098; x_wconf 89' lang='lat' dir='ltr'>ad</span> <span class='ocrx_word' id='word_1_136' title='bbox 536 2034 674 2098; x_wconf 81' lang='lat' dir='ltr'>ilerdam</span> <span class='ocrx_word' id='word_1_137' title='bbox 689 2045 851 2120; x_wconf 81' lang='lat' dir='ltr'>gemmtur,</span> <span class='ocrx_word' id='word_1_138' title='bbox 874 2033 1087 2100; x_wconf 81' lang='lat' dir='ltr'>Massilienses</span> 
     </span>
     <span class='ocr_line' id='line_1_22' title="bbox 129 2118 1087 2268; baseline 0.003 -87"><span class='ocrx_word' id='word_1_139' title='bbox 129 2119 180 2182; x_wconf 87' lang='lat' dir='ltr'>usi</span> <span class='ocrx_word' id='word_1_140' title='bbox 200 2118 238 2183; x_wconf 88' lang='lat' dir='ltr'>L.</span> <span class='ocrx_word' id='word_1_141' title='bbox 259 2119 392 2184; x_wconf 89' lang='lat' dir='ltr'>Domitii</span> <span class='ocrx_word' id='word_1_142' title='bbox 421 2119 551 2184; x_wconf 86' lang='lat' dir='ltr'>consilio</span> <span class='ocrx_word' id='word_1_143' title='bbox 580 2141 678 2184; x_wconf 85' lang='lat' dir='ltr'>navos</span> <span class='ocrx_word' id='word_1_144' title='bbox 706 2120 816 2205; x_wconf 85' lang='lat' dir='ltr'>longas</span> <span class='ocrx_word' id='word_1_145' title='bbox 838 2120 1010 2268; x_wconf 84' lang='lat' dir='ltr'>expediunt</span> <span class='ocrx_word' id='word_1_146' title='bbox 1030 2143 1087 2184; x_wconf 90' lang='lat' dir='ltr'>nu·</span> 
     </span>
    </p>
   </div>
   <div class='ocr_carea' id='block_1_4' title="bbox 15 2205 1086 2290">
    <p class='ocr_par' dir='ltr' id='par_1_5' title="bbox 15 2205 1086 2290">
     <span class='ocr_line' id='line_1_23' title="bbox 15 2205 1086 2290; baseline 0 -22"><span class='ocrx_word' id='word_1_147' title='bbox 15 2251 18 2258; x_wconf 80' lang='lat'><em>-</em></span> <span class='ocrx_word' id='word_1_148' title='bbox 128 2226 216 2270; x_wconf 90' lang='lat' dir='ltr'>mero</span> <span class='ocrx_word' id='word_1_149' title='bbox 238 2211 324 2286; x_wconf 81' lang='lat' dir='ltr'>XVII,</span> <span class='ocrx_word' id='word_1_150' title='bbox 348 2227 481 2290; x_wconf 87' lang='lat' dir='ltr'>quarum</span> <span class='ocrx_word' id='word_1_151' title='bbox 503 2215 593 2270; x_wconf 86' lang='lat' dir='ltr'>orant</span> <span class='ocrx_word' id='word_1_152' title='bbox 613 2212 651 2266; x_wconf 82' lang='lat' dir='ltr'>xi</span> <span class='ocrx_word' id='word_1_153' title='bbox 673 2213 784 2270; x_wconf 85' lang='lat' dir='ltr'>tectae.</span> <span class='ocrx_word' id='word_1_154' title='bbox 825 2206 925 2270; x_wconf 90' lang='lat' dir='ltr'>Muta</span> <span class='ocrx_word' id='word_1_155' title='bbox 946 2205 1007 2268; x_wconf 90' lang='lat' dir='ltr'>huc</span> <span class='ocrx_word' id='word_1_156' title='bbox 1027 2207 1086 2268; x_wconf 89' lang='lat' dir='ltr'>mi·</span> 
     </span>
    </p>
   </div>
   <div class='ocr_carea' id='block_1_5' title="bbox 123 2289 1090 3574">
    <p class='ocr_par' dir='ltr' id='par_1_6' title="bbox 128 2289 1088 3124">
     <span class='ocr_line' id='line_1_24' title="bbox 129 2289 1087 2376; baseline 0 -22"><span class='ocrx_word' id='word_1_157' title='bbox 129 2311 209 2354; x_wconf 86' lang='lat' dir='ltr'>nora</span> <span class='ocrx_word' id='word_1_158' title='bbox 222 2290 352 2376; x_wconf 83' lang='lat' dir='ltr'>navigia</span> <span class='ocrx_word' id='word_1_159' title='bbox 365 2289 494 2371; x_wconf 86' lang='lat' dir='ltr'>addunt,</span> <span class='ocrx_word' id='word_1_160' title='bbox 506 2300 542 2354; x_wconf 93' lang='lat' dir='ltr'>ut</span> <span class='ocrx_word' id='word_1_161' title='bbox 555 2291 626 2376; x_wconf 87' lang='lat' dir='ltr'>ipsa</span> <span class='ocrx_word' id='word_1_162' title='bbox 640 2290 839 2356; x_wconf 84' lang='lat' dir='ltr'>multitidine</span> <span class='ocrx_word' id='word_1_163' title='bbox 853 2300 960 2355; x_wconf 87' lang='lat' dir='ltr'>nostra</span> <span class='ocrx_word' id='word_1_164' title='bbox 976 2289 1087 2354; x_wconf 78' lang='lat' dir='ltr'>classis</span> 
     </span>
     <span class='ocr_line' id='line_1_25' title="bbox 130 2375 1088 2461; baseline 0.001 -22"><span class='ocrx_word' id='word_1_165' title='bbox 130 2384 296 2441; x_wconf 74' lang='lat' dir='ltr'>terreatur.</span> <span class='ocrx_word' id='word_1_166' title='bbox 318 2375 472 2461; x_wconf 84' lang='lat' dir='ltr'>Magnum</span> <span class='ocrx_word' id='word_1_167' title='bbox 485 2399 652 2440; x_wconf 89' lang='lat' dir='ltr'>numerum</span> <span class='ocrx_word' id='word_1_168' title='bbox 675 2378 916 2460; x_wconf 84' lang='lat' dir='ltr'>sagittariorum,</span> <span class='ocrx_word' id='word_1_169' title='bbox 938 2397 1088 2461; x_wconf 87' lang='lat' dir='ltr'>magnum</span> 
     </span>
     <span class='ocr_line' id='line_1_26' title="bbox 129 2459 1088 2547; baseline 0.001 -23"><span class='ocrx_word' id='word_1_170' title='bbox 129 2459 324 2542; x_wconf 87' lang='lat' dir='ltr'>Albicorum,</span> <span class='ocrx_word' id='word_1_171' title='bbox 355 2460 531 2547; x_wconf 84' lang='lat' dir='ltr'>dequibus</span> <span class='ocrx_word' id='word_1_172' title='bbox 561 2483 657 2547; x_wconf 88' lang='lat' dir='ltr'>supra</span> <span class='ocrx_word' id='word_1_173' title='bbox 685 2461 931 2526; x_wconf 86' lang='lat' dir='ltr'>demonstratum</span> <span class='ocrx_word' id='word_1_174' title='bbox 951 2470 1010 2543; x_wconf 90' lang='lat' dir='ltr'>est,</span> <span class='ocrx_word' id='word_1_175' title='bbox 1031 2463 1088 2525; x_wconf 89' lang='lat' dir='ltr'>im·</span> 
     </span>
     <span class='ocr_line' id='line_1_27' title="bbox 128 2545 1088 2632; baseline -0.003 -20"><span class='ocrx_word' id='word_1_176' title='bbox 128 2555 250 2630; x_wconf 78' lang='lat' dir='ltr'>porrum</span> <span class='ocrx_word' id='word_1_177' title='bbox 271 2555 366 2631; x_wconf 89' lang='lat' dir='ltr'>atque</span> <span class='ocrx_word' id='word_1_178' title='bbox 388 2545 446 2611; x_wconf 85' lang='lat' dir='ltr'>hos</span> <span class='ocrx_word' id='word_1_179' title='bbox 474 2549 623 2631; x_wconf 86' lang='lat' dir='ltr'>praemiis</span> <span class='ocrx_word' id='word_1_180' title='bbox 651 2546 990 2632; x_wconf 86' lang='lat' dir='ltr'>pollicitationibusque</span> <span class='ocrx_word' id='word_1_181' title='bbox 1011 2546 1088 2610; x_wconf 88' lang='lat' dir='ltr'>inci·</span> 
     </span>
     <span class='ocr_line' id='line_1_28' title="bbox 128 2630 1088 2719; baseline 0 -25"><span class='ocrx_word' id='word_1_182' title='bbox 128 2640 205 2694; x_wconf 90' lang='lat' dir='ltr'>tant.</span> <span class='ocrx_word' id='word_1_183' title='bbox 229 2630 340 2695; x_wconf 81' lang='lat' dir='ltr'>Certae</span> <span class='ocrx_word' id='word_1_184' title='bbox 363 2631 588 2717; x_wconf 86' lang='lat' dir='ltr'>sibideposcit</span> <span class='ocrx_word' id='word_1_185' title='bbox 610 2653 708 2697; x_wconf 89' lang='lat' dir='ltr'>naves</span> <span class='ocrx_word' id='word_1_186' title='bbox 735 2631 893 2698; x_wconf 86' lang='lat' dir='ltr'>Domitius</span> <span class='ocrx_word' id='word_1_187' title='bbox 915 2642 1008 2719; x_wconf 86' lang='lat' dir='ltr'>atque</span> <span class='ocrx_word' id='word_1_188' title='bbox 1029 2631 1088 2695; x_wconf 88' lang='lat' dir='ltr'>has</span> 
     </span>
     <span class='ocr_line' id='line_1_29' title="bbox 129 2715 1087 2803; baseline -0.001 -23"><span class='ocrx_word' id='word_1_189' title='bbox 129 2716 249 2782; x_wconf 87' lang='lat' dir='ltr'>colonis</span> <span class='ocrx_word' id='word_1_190' title='bbox 263 2716 516 2802; x_wconf 86' lang='lat' dir='ltr'>pastoribusque,</span> <span class='ocrx_word' id='word_1_191' title='bbox 532 2739 611 2803; x_wconf 88' lang='lat' dir='ltr'>quos</span> <span class='ocrx_word' id='word_1_192' title='bbox 627 2739 734 2782; x_wconf 87' lang='lat' dir='ltr'>secum</span> <span class='ocrx_word' id='word_1_193' title='bbox 747 2717 929 2798; x_wconf 87' lang='lat' dir='ltr'>adduxerat,</span> <span class='ocrx_word' id='word_1_194' title='bbox 943 2715 1087 2803; x_wconf 88' lang='lat' dir='ltr'>complet.</span> 
     </span>
     <span class='ocr_line' id='line_1_30' title="bbox 129 2801 1088 2888; baseline -0.003 -22"><span class='ocrx_word' id='word_1_195' title='bbox 129 2801 183 2866; x_wconf 78' lang='lat' dir='ltr'>sie</span> <span class='ocrx_word' id='word_1_196' title='bbox 212 2801 357 2866; x_wconf 87' lang='lat' dir='ltr'>omnibus</span> <span class='ocrx_word' id='word_1_197' title='bbox 384 2801 479 2866; x_wconf 89' lang='lat' dir='ltr'>rebus</span> <span class='ocrx_word' id='word_1_198' title='bbox 507 2803 660 2867; x_wconf 84' lang='lat' dir='ltr'>instructa</span> <span class='ocrx_word' id='word_1_199' title='bbox 694 2801 795 2868; x_wconf 88' lang='lat' dir='ltr'>classe</span> <span class='ocrx_word' id='word_1_200' title='bbox 829 2825 944 2888; x_wconf 86' lang='lat' dir='ltr'>magna</span> <span class='ocrx_word' id='word_1_201' title='bbox 971 2801 1088 2866; x_wconf 89' lang='lat' dir='ltr'>fiducia</span> 
     </span>
     <span class='ocr_line' id='line_1_31' title="bbox 129 2885 1087 2975; baseline -0.004 -23"><span class='ocrx_word' id='word_1_202' title='bbox 129 2886 171 2952; x_wconf 85' lang='lat' dir='ltr'>ad</span> <span class='ocrx_word' id='word_1_203' title='bbox 191 2897 317 2953; x_wconf 88' lang='lat' dir='ltr'>nostras</span> <span class='ocrx_word' id='word_1_204' title='bbox 331 2909 430 2952; x_wconf 86' lang='lat' dir='ltr'>naves</span> <span class='ocrx_word' id='word_1_205' title='bbox 451 2887 636 2972; x_wconf 87' lang='lat' dir='ltr'>procedunt,</span> <span class='ocrx_word' id='word_1_206' title='bbox 658 2888 771 2975; x_wconf 88' lang='lat' dir='ltr'>quibus</span> <span class='ocrx_word' id='word_1_207' title='bbox 785 2897 931 2974; x_wconf 85' lang='lat' dir='ltr'>praeerat</span> <span class='ocrx_word' id='word_1_208' title='bbox 944 2886 986 2950; x_wconf 92' lang='lat' dir='ltr'>D.</span> <span class='ocrx_word' id='word_1_209' title='bbox 1009 2885 1087 2949; x_wconf 90' lang='lat' dir='ltr'>Bru·</span> 
     </span>
     <span class='ocr_line' id='line_1_32' title="bbox 128 2971 1086 3059; baseline -0.003 -22"><span class='ocrx_word' id='word_1_210' title='bbox 128 2981 189 3037; x_wconf 85' lang='lat' dir='ltr'>tus.</span> <span class='ocrx_word' id='word_1_211' title='bbox 222 2972 294 3036; x_wconf 87' lang='lat' dir='ltr'>Hae</span> <span class='ocrx_word' id='word_1_212' title='bbox 327 2973 369 3037; x_wconf 91' lang='lat' dir='ltr'>ad</span> <span class='ocrx_word' id='word_1_213' title='bbox 399 2971 544 3055; x_wconf 86' lang='lat' dir='ltr'>insulam,</span> <span class='ocrx_word' id='word_1_214' title='bbox 578 2995 660 3059; x_wconf 85' lang='lat' dir='ltr'>quae</span> <span class='ocrx_word' id='word_1_215' title='bbox 693 2983 741 3038; x_wconf 88' lang='lat' dir='ltr'>est</span> <span class='ocrx_word' id='word_1_216' title='bbox 767 2984 876 3039; x_wconf 89' lang='lat' dir='ltr'>contra</span> <span class='ocrx_word' id='word_1_217' title='bbox 903 2971 1086 3051; x_wconf 84' lang='lat' dir='ltr'>Massiliam,</span> 
     </span>
     <span class='ocr_line' id='line_1_33' title="bbox 129 3056 863 3124; baseline -0.008 -2"><span class='ocrx_word' id='word_1_218' title='bbox 129 3061 282 3122; x_wconf 83' lang='lat' dir='ltr'>stationes</span> <span class='ocrx_word' id='word_1_219' title='bbox 303 3056 497 3124; x_wconf 88' lang='lat' dir='ltr'>obtinebant.</span> <span class='ocrx_word' id='word_1_220' title='bbox 532 3075 539 3090; x_wconf 58' lang='grc'><em>“</em></span> <span class='ocrx_word' id='word_1_221' title='bbox 861 3111 863 3116; x_wconf 92' lang='grc'>.</span> 
     </span>
    </p>

    <p class='ocr_par' dir='ltr' id='par_1_7' title="bbox 123 3139 1090 3574">
     <span class='ocr_line' id='line_1_34' title="bbox 191 3139 1090 3223; baseline -0.002 -17"><span class='ocrx_word' id='word_1_222' title='bbox 191 3143 243 3206; x_wconf 84' lang='grc'>57.</span> <span class='ocrx_word' id='word_1_223' title='bbox 255 3143 334 3207; x_wconf 84' lang='lat' dir='ltr'>Erat</span> <span class='ocrx_word' id='word_1_224' title='bbox 348 3142 446 3208; x_wconf 88' lang='lat' dir='ltr'>multo</span> <span class='ocrx_word' id='word_1_225' title='bbox 460 3143 590 3208; x_wconf 83' lang='lat' dir='ltr'>inferior</span> <span class='ocrx_word' id='word_1_226' title='bbox 602 3165 733 3209; x_wconf 87' lang='lat' dir='ltr'>numero</span> <span class='ocrx_word' id='word_1_227' title='bbox 744 3145 872 3208; x_wconf 84' lang='lat' dir='ltr'>navium</span> <span class='ocrx_word' id='word_1_228' title='bbox 882 3143 1015 3223; x_wconf 72' lang='lat' dir='ltr'>Brutus,</span> <span class='ocrx_word' id='word_1_229' title='bbox 1031 3139 1090 3204; x_wconf 88' lang='lat' dir='ltr'>sed</span> 
     </span>
     <span class='ocr_line' id='line_1_35' title="bbox 128 3227 1087 3313; baseline -0.001 -22"><span class='ocrx_word' id='word_1_230' title='bbox 128 3227 247 3292; x_wconf 83' lang='lat' dir='ltr'>electos</span> <span class='ocrx_word' id='word_1_231' title='bbox 267 3250 311 3292; x_wconf 84' lang='lat' dir='ltr'>ex</span> <span class='ocrx_word' id='word_1_232' title='bbox 332 3227 478 3294; x_wconf 89' lang='lat' dir='ltr'>omnibus</span> <span class='ocrx_word' id='word_1_233' title='bbox 504 3228 682 3313; x_wconf 87' lang='lat' dir='ltr'>legionibus</span> <span class='ocrx_word' id='word_1_234' title='bbox 703 3229 887 3294; x_wconf 85' lang='lat' dir='ltr'>fortissimos</span> <span class='ocrx_word' id='word_1_235' title='bbox 913 3227 1010 3309; x_wconf 85' lang='lat' dir='ltr'>viros,</span> <span class='ocrx_word' id='word_1_236' title='bbox 1033 3248 1087 3290; x_wconf 88' lang='lat' dir='ltr'>an·</span> 
     </span>
     <span class='ocr_line' id='line_1_36' title="bbox 123 3312 1086 3398; baseline -0.002 -22"><span class='ocrx_word' id='word_1_237' title='bbox 123 3313 319 3398; x_wconf 87' lang='lat' dir='ltr'>tesignanos,</span> <span class='ocrx_word' id='word_1_238' title='bbox 342 3313 551 3395; x_wconf 78' lang='lat' dir='ltr'>centuriones,</span> <span class='ocrx_word' id='word_1_239' title='bbox 581 3312 702 3378; x_wconf 81' lang='lat' dir='ltr'>Caesar</span> <span class='ocrx_word' id='word_1_240' title='bbox 723 3317 754 3379; x_wconf 90' lang='lat' dir='ltr'>ei</span> <span class='ocrx_word' id='word_1_241' title='bbox 775 3313 870 3378; x_wconf 86' lang='lat' dir='ltr'>classi</span> <span class='ocrx_word' id='word_1_242' title='bbox 891 3312 1086 3394; x_wconf 84' lang='lat' dir='ltr'>attribueret,</span> 
     </span>
     <span class='ocr_line' id='line_1_37' title="bbox 126 3397 1087 3484; baseline 0.001 -23"><span class='ocrx_word' id='word_1_243' title='bbox 126 3398 183 3484; x_wconf 90' lang='lat' dir='ltr'>qui</span> <span class='ocrx_word' id='word_1_244' title='bbox 204 3397 265 3462; x_wconf 89' lang='lat' dir='ltr'>sibi</span> <span class='ocrx_word' id='word_1_245' title='bbox 285 3397 320 3462; x_wconf 89' lang='lat' dir='ltr'>id</span> <span class='ocrx_word' id='word_1_246' title='bbox 340 3401 479 3464; x_wconf 87' lang='lat' dir='ltr'>muneris</span> <span class='ocrx_word' id='word_1_247' title='bbox 502 3399 760 3484; x_wconf 69' lang='lat' dir='ltr'>depoposcerunt</span> <span class='ocrx_word' id='word_1_248' title='bbox 776 3399 820 3463; x_wconf 87' lang='lat' dir='ltr'>Hi</span> <span class='ocrx_word' id='word_1_249' title='bbox 840 3420 952 3464; x_wconf 88' lang='lat' dir='ltr'>manus</span> <span class='ocrx_word' id='word_1_250' title='bbox 966 3397 1087 3462; x_wconf 82' lang='lat' dir='ltr'>ferreas</span> 
     </span>
     <span class='ocr_line' id='line_1_38' title="bbox 126 3482 1087 3574; baseline 0 -26"><span class='ocrx_word' id='word_1_251' title='bbox 126 3491 230 3574; x_wconf 35' lang='lat' dir='ltr'>atque,</span> <span class='ocrx_word' id='word_1_252' title='bbox 246 3482 443 3570; x_wconf 84' lang='lat' dir='ltr'>harpagones</span> <span class='ocrx_word' id='word_1_253' title='bbox 472 3495 663 3570; x_wconf 82' lang='lat' dir='ltr'>paraverant</span> <span class='ocrx_word' id='word_1_254' title='bbox 689 3506 867 3572; x_wconf 85' lang='lat' dir='ltr'>magnoque</span> <span class='ocrx_word' id='word_1_255' title='bbox 895 3505 1026 3549; x_wconf 88' lang='lat' dir='ltr'>numero</span> <span class='ocrx_word' id='word_1_256' title='bbox 1041 3485 1087 3570; x_wconf 88' lang='lat' dir='ltr'>pi·</span> 
     </span>
    </p>
   </div>
   <div class='ocr_carea' id='block_1_6' title="bbox 0 0 1286 3970">
    <p class='ocr_par' dir='ltr' id='par_1_8' title="bbox 0 0 1286 3970">
     <span class='ocr_line' id='line_1_39' title="bbox 0 0 1286 3970; baseline 0 1"><span class='ocrx_word' id='word_1_257' title='bbox 0 0 1286 3970; x_wconf 95' lang='lat' dir='ltr'> </span> 
     </span>
    </p>
   </div>
  </div>
 </body>
</html>
