2534 3970
190 226 232 290 36
446 223 508 288 DE
528 224 673 290 BELLO
696 223 886 290 GALLIOO

466 480 502 545 O.
524 479 632 546 IULII
655 479 864 546 CAESARIS

221 616 322 728 llll
373 615 661 729 Bllbbtl
713 615 1108 754 alubret

344 807 711 873 commentantes
734 807 983 873 SECUNDUS.
1037 843 1041 848 =

587 951 740 962 ——4-

457 1027 868 1078 ARGUMENTUM.

187 1113 227 1180 [A.
248 1113 278 1163 U.
298 1113 326 1163 Ο.
346 1113 414 1180 697]
452 1113 547 1162 Omnes
567 1113 666 1178 Belgae
690 1129 768 1178 quum
790 1118 881 1162 contra
903 1113 1027 1180 populum
1047 1115 1141 1167 Roma·

219 1197 280 1231 num
297 1183 474 1232 coniurassent
492 1185 517 1230 et
532 1181 638 1242 Bibrax,
658 1181 936 1247 oppidum'Bemorum,
955 1183 998 1247 qui
1016 1184 1066 1234 soli
1083 1200 1141 1236 cum

219 1251 252 1300 iis
269 1250 353 1299 facere
370 1249 519 1310 noluerant,
543 1255 736 1315 oppugnarent,
759 1250 844 1299 missis
867 1249 1013 1302 accesere
1036 1253 1140 1304 auxiliis

219 1318 252 1368 ab
271 1318 406 1368 obsidione
429 1319 589 1367 deterrentur
607 1333 629 1366 8
650 1319 746 1378 1-10;
773 1317 934 1368 discedentes
953 1318 1049 1370 Caesar
1070 1320 1141 1372 inse·

219 1391 291 1436 cubis
309 1387 336 1434 in
353 1387 438 1452 sugam
458 1386 560 1435 coniicit
578 1402 599 1434 c.
620 1387 668 1440 11.,
689 1384 881 1448 suessionibus,
898 1385 1060 1450 Bellovacis,
1079 1388 1140 1440 Arn-

219 1454 302 1503 bianis
319 1455 346 1502 in
363 1454 439 1504 fidem
451 1454 563 1518 acceptis
577 1453 673 1503 Caesar
690 1455 801 1503 Nervios
817 1467 873 1502 cum
886 1455 962 1504 sociis
974 1455 1139 1508 Atrebatibus
1235 1495 1240 1503 .

219 1527 244 1572 et
262 1523 451 1572 Veromanduis
469 1522 569 1571 fortiter
586 1527 761 1586 repugnantes
780 1520 893 1571 debellat
910 1538 931 1572 c.
952 1524 1060 1585 12-28,
1078 1526 1139 1576 item

216 1591 365 1640 Aduatucos
378 1607 399 1640 8.
412 1591 521 1640 29-33.
539 1590 685 1640 1118888188·
705 1595 794 1654 gentes
805 1591 834 1638 P.
854 1589 962 1642 Crassus
974 1593 1002 1640 in
1013 1593 1139 1643 dicionem

216 1659 307 1724 populi
323 1658 433 1708 Romani
455 1659 556 1724 redegit
579 1673 600 1707 8
619 1660 661 1708 34.
698 1657 775 1708 Omni
798 1657 884 1708 Galba
906 1665 998 1724 pacata
1021 1659 1139 1726 legiones

217 1729 245 1775 in
261 1727 369 1777 hiberna
387 1727 548 1777 deducuntur
565 1741 586 1776 a
605 1728 646 1775 35.

247 1931 275 1993 1.
303 1929 407 2008 Quum
430 1938 514 1993 esset
536 1928 656 1993 Caesar
676 1929 710 1992 in
732 1930 875 1994 citeriore
898 1928 1004 1995 Gallia
1028 1932 1070 2012 [in
1091 1931 1138 1996 hi·

182 2016 309 2097 bernisl,
333 2018 377 2078 ita
399 2017 444 2078 uti
466 2036 561 2099 supra
573 2014 863 2096 demonstravimus,
887 2015 990 2080 crebri
1009 2015 1050 2080 ad
1065 2039 1138 2081 eum

180 2122 321 2164 rumores
337 2099 558 2181 afferebantur,
582 2100 758 2185 litterisque
772 2101 847 2164 item
866 2099 1000 2164 Labieni
1022 2103 1139 2166 certior

144 2223 146 2227 ·
179 2184 277 2249 fiebat
298 2207 406 2249 omnes
428 2185 554 2269 Belgas,
577 2206 673 2270 quam
695 2187 820 2249 tertiam
842 2207 911 2249 esse
927 2184 1137 2272 (1811188888-

179 2279 243 2334 tem
266 2269 454 2352 dixeramus,
478 2279 588 2334 contra
606 2270 757 2355 populum
771 2270 948 2334 Romanum
970 2272 1137 2336 coniurare

180 2354 369 2440 obsidesque
390 2355 472 2418 inter
494 2377 528 2419 se
551 2355 636 2418 dare.
676 2353 871 2419 Coniurandi
892 2355 949 2418 has
972 2378 1042 2420 esse
1065 2378 1137 2421 cau·

180 2462 246 2502 sas:
269 2441 413 2524 primum,
431 2440 515 2526 quod
529 2450 724 2523 vererentur,
747 2463 788 2504 ne
804 2441 888 2504 omni
926 2450 1016 2505 acata
1031 2439 1137 2506 Gallia

178 2524 220 2587 ad
241 2546 295 2588 eos
318 2527 475 2589 exercitus
498 2534 606 2590 noster
635 2525 861 2608 adduceretur,
892 2463 1020 2609 diinde,
1050 2526 1137 2612 quod

178 2608 218 2672 ab
247 2608 406 2674 nonnullis
437 2609 538 2674 Gallis
572 2609 826 2692 sollicitarentur,
858 2611 972 2694 partim
1002 2612 1071 2696 qui,
1101 2621 1137 2675 ut

179 2693 354 2758 Germanos
384 2695 499 2759 diutius
528 2697 562 2759 in
591 2694 698 2760 Gallia
726 2695 848 2759 versari
876 2695 1059 2776 noluerant,
1089 2697 1136 2760 ita

177 2778 286 2865 populi
300 2778 433 2844 Romani
455 2783 629 2845 exercitum
647 2780 787 2844 hiemare
809 2789 902 2864 atque
924 2782 1133 2846 inveterasce-

177 2887 212 2928 re
234 2866 267 2927 in
289 2863 394 2929 Gallia
415 2866 547 2931 moleste
568 2864 721 2948 ferebant,
750 2867 864 2951 partim
886 2867 940 2951 qui
961 2864 1135 2930 mobilitate

178 2959 210 3014 et
230 2949 359 3014 levitate
381 2953 479 3014 animi
499 2953 592 3016 novis
613 2952 657 3013 im
682 2952 754 3015 eriis
778 2950 963 3032 studebant,
987 2949 1028 3015 ab
1057 2972 1136 3015 non·

177 3034 273 3099 nullis
303 3036 411 3117 etiam,
463 3036 526 3102 uod
552 3038 586 3100 in
677 3036 720 3100 lia
741 3058 760 3098 a
782 3035 1011 3121 potentioribus
1040 3045 1136 3122 atque

177 3121 225 3201 iis,
242 3123 295 3205 qui
317 3119 358 3184 ad
379 3060 601 3186 conducendos
616 3120 761 3184 homines
783 3120 949 3184 facultates
963 3119 1135 3203 habebant,

176 3204 273 3290 vulgo
295 3225 395 3290 regna
409 3206 653 3291 occupabantur,
677 3207 730 3291 qui
751 3207 855 3270 minus
874 3205 966 3271 facile
982 3228 1052 3271 eam
1066 3228 1135 3270 rem

176 3291 309 3374 imperio
332 3299 439 3354 nostro
462 3292 614 3378 consequi
634 3300 790 3378 poterant.
1055 3347 1057 3352 ,

241 3375 271 3438 2.
293 3374 352 3438 His
374 3377 492 3438 nuntiis
514 3375 690 3461 litterisque
712 3384 884 3440 commotus
915 3374 1034 3441 Caesar
1056 3374 1135 3440 duas

177 3459 320 3545 legiones
341 3461 375 3523 in
397 3461 540 3526 citeriore
556 3460 663 3526 Gallia
682 3483 781 3526 noras
797 3462 984 3548 conscripsit
1005 3468 1037 3526 et
1057 3461 1135 3524 inita
