2490 3974
190 244 253 308 234
499 241 626 306 BELLI
647 240 836 306 AFRICAE

189 413 298 478 habita
326 413 504 478 cohortatur
532 435 650 494 omnes,
674 413 739 475 irut
760 421 870 497 portae
899 423 1101 498 sperentur:
1131 438 1178 481 se

188 502 222 563 in
259 497 294 562 C.
332 497 479 562 Caesaris
516 497 683 562 clementia
715 518 863 582 magnam
896 519 985 582 spem
1016 498 1173 566 habere.

188 583 297 670 ltaque
319 585 416 668 portis
443 583 608 668 patefactis
636 581 732 646 Utica
759 605 905 667 egressus
935 582 1070 648 Caesari
1099 587 1171 649 im·

187 670 326 754 peratori
347 668 474 733 obviam
495 667 712 754 proficiscitur.
739 667 886 749 Messala,
902 678 938 732 ut
958 679 1027 733 erat
1047 670 1102 734 im
1131 693 1170 734 e-

186 764 297 836 ratum,
320 753 446 818 Uticam
467 753 613 839 pervenit
635 753 843 839 omnibusque
865 755 963 838 portis
986 765 1081 820 custo
1113 757 1168 820 'as

209 843 282 904 onit.

185 861 207 924 p
251 924 302 988 89.
327 923 447 989 Caesar
467 925 626 988 interime
645 923 773 1009 Thapso
795 945 982 1008 progressus
996 923 1165 1000 Ussetam

185 1011 340 1094 pervenit,
376 1008 431 1072 ubi
467 1008 571 1095 Scipio
607 1031 759 1094 magnum
791 1009 938 1072 frumenti
969 1031 1161 1090 numerum,

187 1116 356 1175 armorum,
384 1093 518 1159 telorum
548 1104 787 1178 ceterarumque
816 1116 922 1157 rorum
953 1116 1025 1158 oum
1047 1115 1161 1179 parvo

185 1179 342 1264 praesidio
378 1177 540 1244 habuerat.
583 1179 622 1243 Id
658 1179 831 1244 adveniens
853 1181 986 1264 potitur3
1030 1179 1160 1242 deinde

185 1264 395 1330 Adrumctum
417 1265 569 1349 pervenit
593 1263 664 1343 Quo
697 1286 792 1348 quum
821 1265 888 1328 sine
911 1287 1000 1329 mora
1020 1266 1158 1328 introis-

186 1359 243 1431 set,
266 1350 372 1432 armis,
394 1348 549 1414 frumento
604 1349 777 1434 ecuniaque
805 1349 1002 1413 considerata
1031 1347 1073 1428 Q.
1099 1349 1157 1413 Li-

184 1435 284 1520 gario,
313 1433 349 1498 C.
378 1432 528 1499 Considio
557 1372 631 1516 filio,
661 1435 715 1521 qui
736 1443 802 1498 tum
823 1433 869 1498 ibi
890 1434 1023 1517 strarant,
1046 1435 1155 1498 vitam

185 1522 350 1584 concessit.
386 1518 512 1584 Deinde
548 1519 659 1585 eodem
695 1518 747 1582 die
784 1519 961 1606 Adrumeto
997 1541 1154 1604 egressus

183 1603 327 1668 Livineio
348 1603 471 1688 Regulo
493 1627 565 1668 cum
593 1601 720 1690 legione
747 1604 792 1668 ibi
814 1603 924 1668 relicto
950 1603 1077 1668 Uticam
1102 1605 1153 1668 ire

184 1689 352 1754 contendit.
390 1689 451 1756 Cui
485 1690 519 1753 in
539 1691 652 1753 itinere
684 1691 720 1754 fit
753 1689 866 1754 obvius
895 1689 934 1754 L.
965 1688 1088 1754 Caesar
1121 1698 1153 1753 et

185 1774 288 1841 subito
322 1797 356 1840 se
386 1777 428 1842 ad
457 1797 561 1859 genua
591 1776 725 1859 proiecit
754 1776 852 1839 vitam
874 1796 914 1838 ue
948 1774 1008 1838 sibi
1040 1797 1151 1860 neque

185 1859 319 1946 amplius
342 1863 510 1948 quicquam
539 1860 736 1961 deprecatur.
767 1861 827 1924 Cui
854 1798 885 1924 i)

887 1881 979 1924 aesar
999 1858 1094 1923 facile
1120 1868 1151 1923 et
1221 1897 1222 1945 ,

184 1968 242 2030 pro
265 1955 378 2011 natura
401 1969 459 2011 sua
480 1955 511 2009 ct
531 1966 588 2029 pro
610 1946 751 2015 instituto
780 1945 945 2026 concessit,
967 1945 1044 2008 item
1067 1942 1149 2009 Cae·

184 2030 291 2112 cinae,
319 2033 333 2063 *
365 2030 484 2111 Ceteio,
507 2030 542 2094 P.
572 2029 672 2111 Atrio,
701 2030 738 2094 L.
768 2029 879 2095 Cellae
929 2033 989 2095 atri
1015 2038 1049 2095 et
1069 2029 1148 2112 filio,

182 2115 225 2179 M.
252 2115 366 2202 Eppio,
393 2117 437 2182 M.
467 2115 603 2202 Aquino,
632 2114 763 2180 Catonis
795 2115 861 2181 filio
927 2115 1147 2262 amasippique

183 2199 292 2266 liberis
315 2225 356 2266 ex
379 2225 437 2266 sua
457 2199 683 2266 consuetudine
710 2199 821 2265 tribuit
843 2201 1032 2285 circiterque
1125 2201 1146 2248 '-

182 2285 276 2350 nibus
298 2289 439 2351 accensis
461 2286 588 2350 Uticam
609 2287 755 2371 pervenit
770 2294 868 2372 atque
890 2294 980 2350 extra
994 2285 1145 2370 oppidum

184 2392 223 2434 ea
243 2382 336 2436 nocte
358 2373 483 2436 mansit.
1220 2423 1221 2446 ἶ

247 2455 298 2520 90.
321 2456 452 2521 Postero
475 2457 526 2520 dic
548 2477 640 2520 mane
669 2459 703 2520 in
725 2455 874 2542 oppidum
896 2456 1018 2520 introiit
1040 2457 1141 2519 conci·
1220 2461 1221 2476 ²

184 2563 306 2626 cneque
328 2541 483 2606 advocata
503 2540 671 2606 Uticenses
686 2541 806 2607 incolas
822 2541 1003 2606 cohortatus
1026 2542 1142 2624 gratias

183 2649 241 2711 pro
264 2647 372 2690 eorum
395 2649 471 2712 erga
493 2648 527 2689 se
543 2626 645 2690 studio
668 2629 742 2712 agit,
759 2628 845 2691 cives
867 2637 972 2691 autem
985 2625 1141 2690 Romanos

182 2712 393 2795 negotiatores
415 2721 447 2775 et
469 2734 532 2792 eos,
556 2713 609 2797 qui
631 2714 714 2776 inter
743 2716 807 2776 CCC
830 2713 982 2798 pecunias
1004 2710 1138 2775 contule-

182 2807 255 2860 rant
275 2796 361 2866 Varo
385 2808 416 2863 et
438 2796 588 2882 Scipioni,
611 2796 718 2860 multis
740 2797 848 2862 verbis
871 2806 1035 2862 accusatos
1057 2796 1139 2861 etde

182 2903 290 2946 eorum
314 2881 486 2946 sceleribus
509 2882 651 2966 longiore
681 2882 788 2946 habita
815 2884 955 2947 oratione
977 2881 1018 2946 ad
1040 2891 1138 2946 extre·

181 2989 277 3050 muni,
300 2978 335 3032 ut
357 2969 424 3032 siue
446 2980 531 3031 matu
552 2967 725 3052 prodirent,
742 2967 852 3032 edicit:
869 2990 903 3032 se
925 2968 971 3045 cis
991 2965 1138 3032 duntaxat

102 3090 106 3098 ·
181 3052 279 3115 vitam
309 3074 549 3133 concessurum,
580 3051 665 3117 bona
696 3053 822 3138 quidem
846 3075 956 3118 eorum
978 3075 1013 3116 se
1034 3052 1135 3116 vendi-

182 3147 295 3218 turum,
325 3139 370 3202 ita
398 3147 514 3218 tamon,
543 3138 596 3223 qui
625 3161 737 3202 eorum
765 3139 835 3223 ipse
864 3160 921 3202 sua
947 3137 1032 3201 bona
1052 3138 1134 3202 rede-

182 3223 299 3304 missct
323 3245 357 3287 se
388 3222 542 3288 bonorum
570 3222 786 3288 venditionem
814 3223 1015 3288 inducturum
1037 3234 1067 3287 et
1085 3245 1134 3308 pe·

182 3308 307 3370 cuniam
329 3308 448 3374 multae
477 3310 603 3373 nomine
633 3309 816 3386 relaturum,
839 3319 875 3373 ut
896 3310 1133 3374 incolumitatem

180 3396 318 3456 retinere
340 3404 458 3478 posset.
482 3394 606 3472 Qubus
629 3404 715 3459 metu
730 3394 945 3480 exsanguibus
961 3395 1001 3460 de
1014 3396 1132 3480 vitaque

181 3498 223 3541 ex
246 3498 302 3540 suo
324 3481 495 3563 promerito
518 3479 759 3565 desperantibus
788 3479 892 3545 subito
914 3479 1021 3545 oblata
1041 3479 1132 3546 salute
