2562 3970
213 219 255 284 10
474 273 478 280 .
497 220 557 284 DE
578 220 721 286 BELLO
745 220 877 286 CIVlLl

209 391 341 476 Pompei
363 399 456 456 antea
484 391 626 456 duxerat.
665 393 709 456 At
731 391 850 457 Caesar
877 392 991 458 milites
1016 391 1165 456 Attianos

210 475 379 564 collaudat,
401 477 535 562 Pupium
556 477 690 558 dimittit,
713 477 935 542 Auximatibus
958 477 1023 564 agit
1044 477 1164 562 gratias

211 583 309 648 seque
331 584 440 626 eorum
461 562 535 626 facti
556 585 728 628 memorem
754 562 820 626 fore
842 562 1017 647 pollicetur.

276 647 324 710 14.
348 646 472 725 Quibus
486 648 582 712 rebus
597 648 728 712 Romam
742 648 891 712 nuntiatis
906 657 1011 712 tantus
1031 655 1163 732 repento

209 742 312 798 terror
332 733 457 814 invasit,
488 742 530 815 ut,
560 755 657 819 quum
686 732 839 798 Lentulus
868 731 978 796 consul
999 731 1040 796 ad
1061 733 1162 816 aperi-

209 819 326 882 endum
347 819 504 882 aerarium
532 820 672 882 venisset
700 818 741 882 ad
762 821 928 903 pecuniam
949 817 1099 902 Pompeio
1123 838 1163 878 ex

210 901 482 968 senatusconsulto
504 903 733 988 proferendam,
755 906 897 988 protinus
919 912 1028 988 aperto
1048 903 1162 966 sancti-

209 1010 265 1074 ore
287 989 407 1052 aerario
429 1010 471 1050 ex
488 988 567 1053 urbe
588 989 778 1074 profugeret.
802 987 921 1053 Caesar
942 991 1026 1052 enim
1046 986 1163 1050 adven-

207 1083 278 1137 tare
299 1076 362 1137 iam
384 1074 510 1160 iamque
532 1083 563 1137 et
584 1073 696 1138 adesse
725 1074 792 1140 eius
815 1075 935 1159 equites
957 1072 1037 1136 falso
1058 1073 1162 1134 nunti·

209 1157 353 1222 abantur.
386 1158 481 1222 Hunc
507 1157 681 1224 Marcellus·
706 1158 827 1244 collega
850 1168 882 1222 et
902 1157 1043 1243 plerique
1065 1157 1163 1240 magi·

209 1253 324 1307 stratus
340 1245 500 1308 consecuti
522 1242 686 1308 sunt..Cn.
701 1244 870 1329 Pompeius
890 1243 994 1328 pridie
1017 1243 1084 1305 eius
1100 1241 1164 1306 diei

209 1349 250 1394 ox
271 1328 351 1392 urbe
373 1328 530 1414 profectus
557 1330 619 1392 iter
641 1328 681 1392 ad
711 1328 850 1414 legiones
873 1327 1018 1409 habehat,
1043 1347 1120 1412 quas
1144 1349 1164 1389 a

209 1413 348 1478 Caesare
371 1423 517 1498 acceptas
539 1414 571 1476 in
593 1413 710 1498 Apulia
725 1413 928 1478 hibernorum
943 1435 1038 1477 causa
1059 1411 1107 1475 dis
1131 1433 1163 1476 o·

209 1508 325 1563 suerat.
361 1497 513 1564 Delectus
543 1500 628 1564 circa
654 1498 766 1564 urbem
794 1496 1056 1564 intermittuntur:
1084 1497 1118 1588 ni
1142 1494 1164 1557 'l

208 1586 286 1648 citra
308 1583 449 1669 Capuam
471 1593 572 1650 tutum
600 1607 671 1648 esse
700 1583 845 1650 omnibus
873 1584 1008 1650 videtur.
1032 1581 1163 1668 Capuae

113 1683 115 1687 “
208 1671 343 1755 primum
377 1691 448 1734 sese
484 1669 669 1735 confirmant
699 1680 730 1734 et
759 1670 926 1755 colligunt¹
943 1669 1162 1752 delectumque

207 1754 398 1836 colonorum,
433 1758 486 1842 qui
514 1755 585 1840 lege
611 1753 698 1819 Julia
726 1755 868 1841 Capuam
900 1755 1026 1819 deducti
1063 1761 1161 1834 erant,

209 1839 332 1905 habere
361 1841 542 1923 instituunt3
569 1841 833 1928 gladiatoresque,
862 1863 939 1927 quos
968 1839 1013 1904 ibi
1043 1837 1163 1903 Caesar

206 1928 239 1990 in
261 1926 335 1990 ludo
357 1925 504 2008 habebat,
534 1927 575 1991 ad
602 1927 705 1990 forum
728 1926 902 2013 productos
928 1924 1081 1990 Lentulus
1108 1945 1163 2003 spe

207 2010 362 2075 libertatis
392 2011 557 2076 confirmat
583 2021 678 2098 atque
707 2012 756 2076 his
786 2033 883 2098 equos
911 2010 1052 2075 attribuit
1074 2017 1106 2072 et
1128 2030 1162 2072 se

98 2113 102 2116 ·
207 2098 297 2182 sequi
318 2098 423 2179 iussit3
447 2119 525 2183 quos
554 2108 663 2183 postea
692 2098 827 2162 monitus
856 2097 897 2162 ab
920 2097 995 2176 suis,
1038 2094 1100 2159 nod
1124 2115 1163 2158 ea

206 2203 258 2245 res
280 2183 417 2246 omnium
441 2182 556 2246 iudicio
571 2181 870 2268 reprehendebatur,
887 2182 1006 2246 circum
1018 2119 1162 2244 (iamilias

207 2277 380 2330 conventus
404 2265 597 2351 Campaniae
619 2267 778 2334 custodiae
794 2289 889 2332 causa
910 2265 1075 2330 distribuit.

272 2351 320 2415 15.
351 2352 488 2417 Auximo
525 2351 644 2418 Caesar
674 2375 860 2438 progressus
894 2373 1018 2418 omnem
1051 2371 1160 2434 agrum

207 2435 358 2500 Picenum
386 2439 552 2522 percurrit.
583 2435 724 2506 Cunctae
754 2459 863 2502 earum
885 2438 1049 2522 regionum
1071 2455 1162 2520 prae·

205 2521 346 2586 tecturae
374 2521 590 2587 libentissimis
618 2524 730 2586 animis
759 2545 830 2586 eum
858 2523 1015 2608 recipiunt
1041 2520 1162 2586 exerci-

204 2617 333 2691 tumque
356 2608 422 2670 eius
451 2607 595 2672 omnibus
622 2607 719 2672 rebus
748 2609 866 2672 iuvant.
888 2608 994 2672 Etiam
1017 2603 1161 2690 Cingulo,

205 2690 290 2777 quod
311 2714 329 2756 o
351 2691 459 2775 pidum
480 2692 640 2758 Labienus
661 2695 865 2758 constituerat
887 2714 1004 2779 suaque
1026 2690 1163 2776 pecunia

205 2797 285 2840 exae
310 2778 316 2792 '
343 2787 479 2857 caverat,
504 2777 544 2840 ad
565 2801 637 2842 eum
663 2777 759 2864 legati
786 2780 916 2842 veniunt
939 2798 1082 2864 quaeque
1103 2777 1161 2840 im·

204 2863 364 2947 peraverit
386 2884 420 2926 se
443 2863 644 2946 cupidissime
666 2864 801 2928 facturos
824 2863 1021 2948 pollicentur.
1043 2860 1161 2924 Milites

204 2949 355 3032 imperat:
389 2949 523 3010 mittunt
556 2947 681 3012 Interea
703 2947 786 3033 legio
815 2956 862 3010 Xlt
892 2948 1063 3012 Caesarem
1086 2968 1161 3010 con-

205 3034 356 3118 sequitur.
380 3031 461 3096 Cum
475 3031 524 3094 his
547 3031 669 3096 duabus
691 3033 843 3097 Asculum
864 3034 1014 3097 Picenum
1036 3032 1161 3117 profici·

204 3119 310 3180 scitur.
333 3117 369 3182 Id
392 3116 542 3202 oppidum
569 3116 724 3180 Lentulus
754 3117 904 3202 Spinther
926 3119 959 3180 X
980 3117 1160 3182 cohortibus

204 3202 349 3283 tenebat3
383 3203 436 3286 qui
459 3200 606 3265 Caesaris
636 3201 773 3266 adventu
800 3204 924 3288 cognito
958 3203 1097 3288 profugit
1118 3223 1161 3266 ex
1260 3227 1261 3248 ¹

210 3286 325 3370 oppido
347 3286 556 3372 cohortesque
579 3307 686 3350 secum
708 3286 866 3350 abducere
888 3299 1019 3352 conatus
1044 3309 1162 3372 magna

203 3381 293 3452 parte
308 3369 438 3433 militum
459 3370 623 3435 deseritur.
645 3371 784 3436 Reliotus
796 3373 829 3436 in
844 3373 956 3438 itinere
969 3395 1039 3436 cum
1049 3375 1161 3458 paucis

204 3453 314 3517 incidit
339 3457 373 3516 in
399 3454 571 3518 Vibullium
600 3455 715 3518 Rufum
745 3457 874 3522 missum
904 3481 923 3522 a
950 3458 1101 3544 Pompeio
1126 3459 1160 3521 in
