2562 3970
392 219 527 285 eoam.
550 220 566 283 1
587 218 682 284 cnr.
706 189 842 284 so-ro.
1072 220 1114 286 aa

153 395 198 459 uti
219 392 364 458 Petreius
386 415 428 456 ex
441 391 605 456 Lusitania
627 413 686 476 per
706 391 861 455 Vettones
881 413 954 454 eum
968 391 1116 456 omnibus

153 502 190 544 co
214 479 261 542 iis·
276 478 317 542 ad
331 476 496 540 Afranium
510 477 739 562 proficiscatur,
763 475 865 541 Varro
885 499 957 540 curn
970 478 1020 560 iis,
1037 499 1116 563 quas

152 503 301 646 habebat,
330 561 508 648 legionibus
545 583 671 627 omnem
706 562 890 626 ulteriorem
928 562 1116 648 Hispaniam

46 727 49 733 Ι
154 659 289 714 tueatur.
327 649 386 712 His
423 646 520 711 rebus
558 650 735 712 constitutis
777 649 899 734 equites
935 647 1115 734 auxiliaque

153 737 211 799 toti
231 733 411 798 Lusitaniae
434 733 601 816 aPetreio,
626 733 827 814 Celtiberiae,
852 732 1020 797 Cantabris
1042 731 1114 798 bar-

152 819 301 906 barisque
334 818 489 901 omnibus,
545 819 578 881 ui
610 819 652 883 ad
685 819 848 883 Oceanum
875 822 1043 903 pertinent,
1073 817 1114 882 ab

152 905 285 968 Afranio
301 907 504 990 imperantur.
524 841 651 982 Quibus
675 906 794 968 coactis
810 905 956 968 celeriter
970 904 1115 968 Petreius

150 1012 209 1077 per
230 991 383 1055 Vettones
413 989 454 1054 ad
482 989 647 1069 Afranium
676 991 829 1074 pervenit,
858 991 1115 1076 constituuntque

151 1078 310 1141 communi
331 1074 465 1140 consilio
497 1075 616 1139 bellum
638 1075 680 1138 ad
708 1074 845 1140 Ilerdam
866 1084 997 1162 propter
1017 1077 1115 1160 ipsius

151 1162 215 1228 loci
239 1163 508 1247 opportunitatem
531 1183 653 1244 gerere.
710 1183 713 1192 ’

215 1247 267 1312 39.
290 1248 399 1328 Erant,
428 1256 463 1310 ut
492 1262 589 1332 supra
616 1247 865 1312 demonstratum
894 1257 951 1330 est,
974 1247 1114 1332 legiones

151 1333 273 1398 Afranii
290 1343 366 1415 tres,
381 1333 498 1396 Petreii
507 1331 597 1414 duae,
636 1343 781 1397 raeterea
792 1341 934 1397 scutatae
948 1332 1114 1410 [citerioris

150 1417 347 1506 provinciae]
371 1429 402 1482 et
417 1427 558 1482 cetratae
581 1355 752 1504 [ullerioris
767 1417 954 1504 Hispaniae]
970 1417 1114 1482 cobortes

151 1507 280 1570 circiter
322 1511 421 1565 LXXX
468 1505 672 1589 equitumque
715 1506 824 1584 [utrius
848 1527 888 1567 ue
921 1502 1113 1590 provinciae]

150 1591 276 1654 circiter
300 1599 324 1650 V
345 1589 440 1653 milia.
466 1587 584 1654 Caesar
605 1588 747 1675 legiones
767 1591 801 1652 in
815 1527 1003 1675 ldispaniam
1025 1609 1114 1672 prae-

149 1677 281 1740 miserat
302 1683 348 1738 Vl.
378 1673 430 1737 Ad
443 1673 500 1736 illa
519 1673 638 1738 auxilie
660 1675 799 1760 peditum
816 1684 840 1734 V
854 1675 950 1756 milia,
975 1675 1114 1758 equitum

135 1770 187 1842 ΙΙΙΙ
210 1761 306 1844 milia,
330 1783 410 1846 quae
433 1759 577 1823 omnibus
609 1760 823 1844 superioribus
839 1758 933 1823 bellis
948 1758 1112 1842 habuerat,

151 1856 182 1910 et
204 1868 315 1932 parem
338 1868 379 1910 ex
402 1843 508 1909 Gallia
529 1865 707 1926 numerum,
731 1847 858 1931 quemi
881 1867 916 1908 se
942 1856 1114 1929 paraverat

150 1933 334 1996 nominatim
363 1953 405 1993 ex
434 1930 578 1994 omnibus
608 1931 786 1996 civitatibus
816 1867 1012 1995 nobilissimo
1036 1953 1111 2016 quo·

172 2039 213 2080 ue
247 2026 388 2098 evocato,
422 2030 452 2080 et
482 2015 557 2080 hinc
589 2017 697 2101 optimi
752 2018 854 2081 eneris
883 2015 1043 2080 hominum
1073 2039 1113 2081 ex

150 2042 319 2189 idquitanis
346 2102 577 2188 montanisque,
608 2103 662 2188 qui
690 2039 827 2166 Galliam
848 2103 1047 2187 provinciam
1069 2111 1113 2166 at·

149 2189 284 2273 tingunt,
316 2195 486 2252 addiderat.
520 2187 675 2250 Audierat
702 2188 889 2273 Pompeium
958 2187 1112 2250 rMauri-

150 2276 270 2338 taniam
293 2295 365 2336 cunr
379 2271 558 2358 legionibus
573 2273 634 2336 iter
656 2275 689 2336 in
711 2273 896 2359 Hispaniam
924 2293 1016 2336 acere
1040 2295 1112 2338 con·

148 2361 317 2444 festimque
347 2380 417 2422 esse
444 2367 623 2422 venturum.
654 2358 755 2422 Simul
778 2381 797 2423 a
823 2357 957 2422 tribunis
979 2357 1114 2422 militum

150 2443 451 2530 cenurrionibusque
466 2453 591 2508 mutuas
606 2446 759 2528 pecunias
775 2445 922 2529 sumpsit3
945 2443 1002 2507 has
1025 2466 1113 2508 exer·

153 2533 229 2595 citui
256 2528 423 2594 distribuit.
448 2528 519 2607 Quo
548 2529 631 2594 facto
661 2530 741 2594 dnus
762 2551 814 2594 res
845 2540 1031 2594 consecutus
1055 2539 1113 2613 est,

152 2617 237 2701 quod
265 2617 547 2701 pignore'animos
578 2617 798 2680 centurionum
827 2615 971 2680 devinxit
999 2625 1031 2679 et
1052 2615 1113 2679 lar-

152 2702 270 2786 gitione
292 2700 427 2764 militum
448 2698 628 2765 voluntates
650 2701 796 2764 redemit.

211 2786 262 2850 40.
286 2785 405 2849 Fabius
427 2785 633 2850 finitimarum
659 2787 822 2850 civitatum
849 2787 969 2850 animos
998 2784 1110 2850 litteris

148 2873 330 2957 nuntiisque
345 2868 498 2934 tentabat.
514 2869 552 2933 In
568 2871 677 2950 Sinone
693 2871 822 2936 flumine
833 2881 947 2956 pontes
962 2873 1112 2936 effecerat
1137 2897 1142 2906 ·

148 2956 228 3020 duos
250 2958 403 3022 distantes
425 2957 508 3019 inter
530 2977 564 3022 se
579 2956 666 3021 milia
687 2978 837 3042 passuum
859 2963 932 3020 111t.·
948 2957 1009 3020 His
1034 2976 1109 3040 pon·

146 3042 231 3106 tibus
253 3041 438 3128 pabulatum
457 3040 610 3123 mittebat,
627 3043 712 3129 quod
734 3065 781 3125 ea,
805 3064 886 3129 quae
902 3044 980 3105 eitra
993 3041 1112 3106 flumen

145 3126 281 3209 fuerant,
304 3126 518 3212 superioribus
534 3127 647 3191 diebus
669 3137 915 3212 consumpserat
940 3128 1011 3192 Hoc
1026 3124 1110 3190 idem

146 3213 215 3276 fere
237 3215 332 3299 atque
355 3212 465 3276 eadem
488 3212 528 3276 de
551 3235 647 3277 causa
668 3213 853 3298 Pompeiani
875 3214 1034 3276 exercitus
1056 3211 1111 3275 du·

148 3319 201 3362 oes
222 3299 389 3379 faciebant,
406 3296 582 3383 crebroque
602 3299 686 3362 inter
708 3321 743 3363 se
759 3298 959 3385 equestribus
981 3297 1112 3382 proeliis

148 3383 389 3448 contendebant.
426 3383 498 3446 Huc
535 3405 631 3482 quum
665 3385 850 3470 quotidiana
883 3383 1111 3448 consuetudine

147 3489 338 3553 congressae
373 3467 613 3553 pabulatorrbus
649 3471 809 3556 praesidio
846 3489 947 3554 prope
983 3471 1109 3554 priores
