<?xml version="1.0" encoding="UTF-8"?>
<!DOCTYPE html PUBLIC "-//W3C//DTD XHTML 1.0 Transitional//EN"
    "http://www.w3.org/TR/xhtml1/DTD/xhtml1-transitional.dtd">
<html xmlns="http://www.w3.org/1999/xhtml" xml:lang="en" lang="en">
 <head>
  <title>
</title>
<meta http-equiv="Content-Type" content="text/html;charset=utf-8" />
  <meta name='ocr-system' content='tesseract 3.04.00' />
  <meta name='ocr-capabilities' content='ocr_page ocr_carea ocr_par ocr_line ocrx_word'/>
</head>
<body>
  <div class='ocr_page' id='page_1' title='image "./ciuliicaesarisc01hirtgoog_0046.png"; bbox 0 0 2534 3970; ppageno 0'>
   <div class='ocr_carea' id='block_1_1' title="bbox 373 222 1070 292">
    <p class='ocr_par' dir='ltr' id='par_1_1' title="bbox 373 222 1070 292">
     <span class='ocr_line' id='line_1_1' title="bbox 373 222 1070 292; baseline 0.004 -5"><span class='ocrx_word' id='word_1_1' title='bbox 373 222 508 288; x_wconf 84' lang='lat' dir='ltr'><strong>OOMM.</strong></span> <span class='ocrx_word' id='word_1_2' title='bbox 531 223 563 287; x_wconf 87' lang='lat'>11</span> <span class='ocrx_word' id='word_1_3' title='bbox 585 222 678 288; x_wconf 80' lang='grc' dir='ltr'><strong>ΟΑΡ.</strong></span> <span class='ocrx_word' id='word_1_4' title='bbox 702 225 814 292; x_wconf 80' lang='grc'><strong>7-11.</strong></span> <span class='ocrx_word' id='word_1_5' title='bbox 1030 225 1070 290; x_wconf 84' lang='grc'>41</span> 
     </span>
    </p>
   </div>
   <div class='ocr_carea' id='block_1_2' title="bbox 110 391 1108 3550">
    <p class='ocr_par' dir='ltr' id='par_1_2' title="bbox 111 391 1073 749">
     <span class='ocr_line' id='line_1_2' title="bbox 111 391 1073 480; baseline 0.004 -24"><span class='ocrx_word' id='word_1_6' title='bbox 111 391 259 476; x_wconf 86' lang='lat' dir='ltr'>legatus,</span> <span class='ocrx_word' id='word_1_7' title='bbox 284 402 502 480; x_wconf 79' lang='lat' dir='ltr'>expugnarent</span> <span class='ocrx_word' id='word_1_8' title='bbox 522 404 713 480; x_wconf 86' lang='lat' dir='ltr'>pontemque</span> <span class='ocrx_word' id='word_1_9' title='bbox 741 395 1022 480; x_wconf 82' lang='lat' dir='ltr'>interscindsrent3</span> <span class='ocrx_word' id='word_1_10' title='bbox 1045 398 1073 460; x_wconf 88' lang='lat' dir='ltr'>si</span> 
     </span>
     <span class='ocr_line' id='line_1_3' title="bbox 111 478 1073 568; baseline 0.004 -27"><span class='ocrx_word' id='word_1_11' title='bbox 111 481 222 541; x_wconf 88' lang='lat' dir='ltr'>minus</span> <span class='ocrx_word' id='word_1_12' title='bbox 244 481 429 564; x_wconf 89' lang='lat' dir='ltr'>potuissent,</span> <span class='ocrx_word' id='word_1_13' title='bbox 452 501 546 562; x_wconf 86' lang='lat' dir='ltr'>agros</span> <span class='ocrx_word' id='word_1_14' title='bbox 569 478 738 558; x_wconf 79' lang='lat' dir='ltr'><strong>Remorum</strong></span> <span class='ocrx_word' id='word_1_15' title='bbox 760 481 995 566; x_wconf 78' lang='lat' dir='ltr'>popularentur,</span> <span class='ocrx_word' id='word_1_16' title='bbox 1019 481 1073 568; x_wconf 91' lang='lat' dir='ltr'>qui</span> 
     </span>
     <span class='ocr_line' id='line_1_4' title="bbox 111 563 1072 649; baseline 0.004 -23"><span class='ocrx_word' id='word_1_17' title='bbox 111 586 235 649; x_wconf 88' lang='lat' dir='ltr'>magno</span> <span class='ocrx_word' id='word_1_18' title='bbox 258 563 350 628; x_wconf 89' lang='lat' dir='ltr'>nobis</span> <span class='ocrx_word' id='word_1_19' title='bbox 372 565 445 628; x_wconf 90' lang='lat' dir='ltr'>usui</span> <span class='ocrx_word' id='word_1_20' title='bbox 466 564 507 626; x_wconf 88' lang='lat' dir='ltr'>ad</span> <span class='ocrx_word' id='word_1_21' title='bbox 528 563 649 628; x_wconf 88' lang='lat' dir='ltr'>bellum</span> <span class='ocrx_word' id='word_1_22' title='bbox 670 566 844 648; x_wconf 87' lang='lat' dir='ltr'>gerendum</span> <span class='ocrx_word' id='word_1_23' title='bbox 868 576 965 648; x_wconf 86' lang='lat' dir='ltr'>erant,</span> <span class='ocrx_word' id='word_1_24' title='bbox 989 589 1072 632; x_wconf 88' lang='lat' dir='ltr'>oom-</span> 
     </span>
     <span class='ocr_line' id='line_1_5' title="bbox 111 648 671 749; baseline 0 -37"><span class='ocrx_word' id='word_1_25' title='bbox 111 658 289 736; x_wconf 87' lang='lat' dir='ltr'>meatuque</span> <span class='ocrx_word' id='word_1_26' title='bbox 312 658 435 712; x_wconf 89' lang='lat' dir='ltr'>nostros</span> <span class='ocrx_word' id='word_1_27' title='bbox 457 648 671 749; x_wconf 77' lang='lat' dir='ltr'>prohiberent.</span> 
     </span>
    </p>

    <p class='ocr_par' dir='ltr' id='par_1_3' title="bbox 110 732 1108 1332">
     <span class='ocr_line' id='line_1_6' title="bbox 182 732 1072 822; baseline 0.002 -24"><span class='ocrx_word' id='word_1_28' title='bbox 182 735 233 798; x_wconf 89' lang='grc'>10.</span> <span class='ocrx_word' id='word_1_29' title='bbox 258 732 379 799; x_wconf 78' lang='lat' dir='ltr'>Caesar</span> <span class='ocrx_word' id='word_1_30' title='bbox 393 743 508 798; x_wconf 78' lang='lat' dir='ltr'>cernor</span> <span class='ocrx_word' id='word_1_31' title='bbox 528 734 630 798; x_wconf 82' lang='lat' dir='ltr'>factus</span> <span class='ocrx_word' id='word_1_32' title='bbox 652 735 692 799; x_wconf 90' lang='lat' dir='ltr'>ab</span> <span class='ocrx_word' id='word_1_33' title='bbox 707 735 829 800; x_wconf 76' lang='lat' dir='ltr'>&#39;tinnio</span> <span class='ocrx_word' id='word_1_34' title='bbox 850 754 974 800; x_wconf 91' lang='lat' dir='ltr'>omnem</span> <span class='ocrx_word' id='word_1_35' title='bbox 988 737 1072 822; x_wconf 89' lang='lat' dir='ltr'>equi·</span> 
     </span>
     <span class='ocr_line' id='line_1_7' title="bbox 110 817 1073 903; baseline 0.003 -21"><span class='ocrx_word' id='word_1_36' title='bbox 110 828 218 883; x_wconf 88' lang='lat' dir='ltr'>tatum</span> <span class='ocrx_word' id='word_1_37' title='bbox 240 827 272 883; x_wconf 90' lang='lat' dir='ltr'>et</span> <span class='ocrx_word' id='word_1_38' title='bbox 293 817 373 884; x_wconf 88' lang='lat' dir='ltr'>levis</span> <span class='ocrx_word' id='word_1_39' title='bbox 394 829 570 902; x_wconf 81' lang='lat' dir='ltr'>armatrrrae</span> <span class='ocrx_word' id='word_1_40' title='bbox 592 819 754 903; x_wconf 77' lang='lat' dir='ltr'>Numidae,</span> <span class='ocrx_word' id='word_1_41' title='bbox 784 821 994 884; x_wconf 85' lang='lat' dir='ltr'>funditoress</span> <span class='ocrx_word' id='word_1_42' title='bbox 1037 822 1073 885; x_wconf 62' lang='lat' dir='ltr'>itu</span> 
     </span>
     <span class='ocr_line' id='line_1_8' title="bbox 111 905 1072 992; baseline 0.002 -24"><span class='ocrx_word' id='word_1_43' title='bbox 111 907 278 991; x_wconf 85' lang='lat' dir='ltr'>tariosque</span> <span class='ocrx_word' id='word_1_44' title='bbox 308 913 437 990; x_wconf 90' lang='lat' dir='ltr'>pontem</span> <span class='ocrx_word' id='word_1_45' title='bbox 465 905 604 969; x_wconf 86' lang='lat' dir='ltr'>traducit</span> <span class='ocrx_word' id='word_1_46' title='bbox 636 915 730 992; x_wconf 89' lang='lat' dir='ltr'>atque</span> <span class='ocrx_word' id='word_1_47' title='bbox 763 906 804 969; x_wconf 89' lang='lat' dir='ltr'>ad</span> <span class='ocrx_word' id='word_1_48' title='bbox 826 927 881 970; x_wconf 91' lang='lat' dir='ltr'>eos</span> <span class='ocrx_word' id='word_1_49' title='bbox 902 913 1016 970; x_wconf 91' lang='lat' dir='ltr'>conten</span> <span class='ocrx_word' id='word_1_50' title='bbox 1041 908 1072 970; x_wconf 84' lang='lat' dir='ltr'>&#39;t</span> 
     </span>
     <span class='ocr_line' id='line_1_9' title="bbox 112 989 1108 1077; baseline 0.002 -25"><span class='ocrx_word' id='word_1_51' title='bbox 112 989 247 1054; x_wconf 86' lang='lat' dir='ltr'>Acriter</span> <span class='ocrx_word' id='word_1_52' title='bbox 267 991 301 1052; x_wconf 92' lang='lat' dir='ltr'>in</span> <span class='ocrx_word' id='word_1_53' title='bbox 323 1013 360 1054; x_wconf 87' lang='lat' dir='ltr'>eo</span> <span class='ocrx_word' id='word_1_54' title='bbox 382 989 452 1055; x_wconf 90' lang='lat' dir='ltr'>loco</span> <span class='ocrx_word' id='word_1_55' title='bbox 473 1000 653 1076; x_wconf 88' lang='lat' dir='ltr'>pugnatum-</span> <span class='ocrx_word' id='word_1_56' title='bbox 671 999 727 1054; x_wconf 89' lang='lat' dir='ltr'>est.</span> <span class='ocrx_word' id='word_1_57' title='bbox 771 991 887 1056; x_wconf 81' lang='lat' dir='ltr'>Hostes</span> <span class='ocrx_word' id='word_1_58' title='bbox 908 991 1073 1077; x_wconf 90' lang='lat' dir='ltr'>impeditos</span> <span class='ocrx_word' id='word_1_59' title='bbox 1107 1017 1108 1027; x_wconf 51' lang='lat'>¹</span> 
     </span>
     <span class='ocr_line' id='line_1_10' title="bbox 113 1074 1073 1162; baseline 0.002 -24"><span class='ocrx_word' id='word_1_60' title='bbox 113 1077 219 1141; x_wconf 83' lang='lat' dir='ltr'>nostri</span> <span class='ocrx_word' id='word_1_61' title='bbox 241 1077 274 1138; x_wconf 91' lang='lat' dir='ltr'>in</span> <span class='ocrx_word' id='word_1_62' title='bbox 295 1074 424 1139; x_wconf 90' lang='lat' dir='ltr'>flumine</span> <span class='ocrx_word' id='word_1_63' title='bbox 447 1076 591 1162; x_wconf 84' lang='lat' dir='ltr'>aggressi</span> <span class='ocrx_word' id='word_1_64' title='bbox 613 1097 763 1162; x_wconf 86' lang='lat' dir='ltr'>magnum</span> <span class='ocrx_word' id='word_1_65' title='bbox 785 1097 892 1141; x_wconf 90' lang='lat' dir='ltr'>eorum</span> <span class='ocrx_word' id='word_1_66' title='bbox 906 1099 1073 1143; x_wconf 90' lang='lat' dir='ltr'>numerum</span> 
     </span>
     <span class='ocr_line' id='line_1_11' title="bbox 114 1160 1073 1248; baseline 0.002 -24"><span class='ocrx_word' id='word_1_67' title='bbox 114 1161 320 1244; x_wconf 86' lang='lat' dir='ltr'>oeciderunt;</span> <span class='ocrx_word' id='word_1_68' title='bbox 342 1183 401 1246; x_wconf 92' lang='lat' dir='ltr'>per</span> <span class='ocrx_word' id='word_1_69' title='bbox 422 1183 531 1225; x_wconf 91' lang='lat' dir='ltr'>eorum</span> <span class='ocrx_word' id='word_1_70' title='bbox 553 1183 589 1225; x_wconf 92' lang='lat' dir='ltr'>co</span> <span class='ocrx_word' id='word_1_71' title='bbox 631 1183 686 1225; x_wconf 87' lang='lat' dir='ltr'>ora</span> <span class='ocrx_word' id='word_1_72' title='bbox 706 1160 844 1248; x_wconf 91' lang='lat' dir='ltr'>reliquos</span> <span class='ocrx_word' id='word_1_73' title='bbox 866 1163 1073 1226; x_wconf 85' lang='lat' dir='ltr'>audacissime</span> 
     </span>
     <span class='ocr_line' id='line_1_12' title="bbox 113 1245 1072 1332; baseline -0.001 -22"><span class='ocrx_word' id='word_1_74' title='bbox 113 1248 257 1310; x_wconf 89' lang='lat' dir='ltr'>transire</span> <span class='ocrx_word' id='word_1_75' title='bbox 289 1254 440 1310; x_wconf 86' lang='lat' dir='ltr'>conantes</span> <span class='ocrx_word' id='word_1_76' title='bbox 472 1245 563 1311; x_wconf 90' lang='lat' dir='ltr'>multi</span> <span class='ocrx_word' id='word_1_77' title='bbox 620 1248 672 1309; x_wconf 90' lang='lat' dir='ltr'>ine</span> <span class='ocrx_word' id='word_1_78' title='bbox 701 1245 836 1311; x_wconf 89' lang='lat' dir='ltr'>telorum</span> <span class='ocrx_word' id='word_1_79' title='bbox 871 1246 1072 1332; x_wconf 81' lang='lat' dir='ltr'>repulerunt3</span> 
     </span>
    </p>

    <p class='ocr_par' dir='ltr' id='par_1_4' title="bbox 136 1332 1073 1417">
     <span class='ocr_line' id='line_1_13' title="bbox 136 1332 1073 1417; baseline 0 -23"><span class='ocrx_word' id='word_1_80' title='bbox 136 1333 246 1413; x_wconf 90' lang='lat' dir='ltr'>rimos,</span> <span class='ocrx_word' id='word_1_81' title='bbox 270 1332 325 1417; x_wconf 92' lang='lat' dir='ltr'>qui</span> <span class='ocrx_word' id='word_1_82' title='bbox 346 1332 547 1412; x_wconf 85' lang='lat' dir='ltr'>transierant,</span> <span class='ocrx_word' id='word_1_83' title='bbox 572 1333 713 1416; x_wconf 87' lang='lat' dir='ltr'>equitatu</span> <span class='ocrx_word' id='word_1_84' title='bbox 736 1332 965 1396; x_wconf 86' lang='lat' dir='ltr'>circumventos</span> <span class='ocrx_word' id='word_1_85' title='bbox 979 1333 1073 1396; x_wconf 91' lang='lat' dir='ltr'>inter·</span> 
     </span>
    </p>

    <p class='ocr_par' dir='ltr' id='par_1_5' title="bbox 114 1354 1075 2694">
     <span class='ocr_line' id='line_1_14' title="bbox 114 1354 1074 1504; baseline 0 -24"><span class='ocrx_word' id='word_1_86' title='bbox 114 1354 273 1480; x_wconf 65' lang='lat' dir='ltr'>iecerunt.</span> <span class='ocrx_word' id='word_1_87' title='bbox 296 1416 414 1481; x_wconf 89' lang='lat' dir='ltr'>Hostes</span> <span class='ocrx_word' id='word_1_88' title='bbox 436 1415 492 1480; x_wconf 91' lang='lat' dir='ltr'>ubi</span> <span class='ocrx_word' id='word_1_89' title='bbox 514 1427 546 1480; x_wconf 90' lang='lat' dir='ltr'>et</span> <span class='ocrx_word' id='word_1_90' title='bbox 568 1417 608 1480; x_wconf 92' lang='lat' dir='ltr'>de</span> <span class='ocrx_word' id='word_1_91' title='bbox 630 1439 671 1480; x_wconf 85' lang='lat' dir='ltr'>ex</span> <span class='ocrx_word' id='word_1_92' title='bbox 693 1417 841 1502; x_wconf 87' lang='lat' dir='ltr'>ugnando</span> <span class='ocrx_word' id='word_1_93' title='bbox 858 1416 972 1504; x_wconf 90' lang='lat' dir='ltr'>oppido</span> <span class='ocrx_word' id='word_1_94' title='bbox 988 1416 1074 1480; x_wconf 89' lang='lat' dir='ltr'>etde</span> 
     </span>
     <span class='ocr_line' id='line_1_15' title="bbox 115 1440 1075 1586; baseline 0.002 -21"><span class='ocrx_word' id='word_1_95' title='bbox 115 1501 249 1566; x_wconf 88' lang='lat' dir='ltr'>flumine</span> <span class='ocrx_word' id='word_1_96' title='bbox 270 1501 462 1566; x_wconf 89' lang='lat' dir='ltr'>transeundo</span> <span class='ocrx_word' id='word_1_97' title='bbox 493 1524 582 1586; x_wconf 91' lang='lat' dir='ltr'>spem</span> <span class='ocrx_word' id='word_1_98' title='bbox 611 1524 644 1565; x_wconf 89' lang='lat' dir='ltr'>se</span> <span class='ocrx_word' id='word_1_99' title='bbox 671 1440 822 1566; x_wconf 72' lang='lat' dir='ltr'>lefellisse</span> <span class='ocrx_word' id='word_1_100' title='bbox 851 1501 1075 1567; x_wconf 87' lang='lat' dir='ltr'>intellexerunt</span> 
     </span>
     <span class='ocr_line' id='line_1_16' title="bbox 115 1585 1075 1674; baseline 0 -24"><span class='ocrx_word' id='word_1_101' title='bbox 115 1609 222 1674; x_wconf 90' lang='lat' dir='ltr'>neque</span> <span class='ocrx_word' id='word_1_102' title='bbox 237 1595 362 1651; x_wconf 89' lang='lat' dir='ltr'>nostros</span> <span class='ocrx_word' id='word_1_103' title='bbox 384 1585 536 1650; x_wconf 87' lang='lat' dir='ltr'>inlocum</span> <span class='ocrx_word' id='word_1_104' title='bbox 549 1588 736 1673; x_wconf 89' lang='lat' dir='ltr'>iniquiorem</span> <span class='ocrx_word' id='word_1_105' title='bbox 751 1587 900 1672; x_wconf 84' lang='lat' dir='ltr'>progredi</span> <span class='ocrx_word' id='word_1_106' title='bbox 913 1586 1075 1673; x_wconf 88' lang='lat' dir='ltr'>pugnandi</span> 
     </span>
     <span class='ocr_line' id='line_1_17' title="bbox 116 1671 1074 1757; baseline -0.001 -20"><span class='ocrx_word' id='word_1_107' title='bbox 116 1694 215 1737; x_wconf 88' lang='lat' dir='ltr'>causa</span> <span class='ocrx_word' id='word_1_108' title='bbox 236 1671 393 1754; x_wconf 85' lang='lat' dir='ltr'>viderunt,</span> <span class='ocrx_word' id='word_1_109' title='bbox 417 1681 510 1756; x_wconf 88' lang='lat' dir='ltr'>atque</span> <span class='ocrx_word' id='word_1_110' title='bbox 532 1674 618 1757; x_wconf 90' lang='lat' dir='ltr'>ipsos</span> <span class='ocrx_word' id='word_1_111' title='bbox 639 1695 691 1737; x_wconf 92' lang='lat' dir='ltr'>res</span> <span class='ocrx_word' id='word_1_112' title='bbox 713 1672 917 1737; x_wconf 76' lang='lat' dir='ltr'>frumentaria</span> <span class='ocrx_word' id='word_1_113' title='bbox 939 1673 1074 1736; x_wconf 90' lang='lat' dir='ltr'>deficere</span> 
     </span>
     <span class='ocr_line' id='line_1_18' title="bbox 117 1757 1074 1844; baseline -0.004 -20"><span class='ocrx_word' id='word_1_114' title='bbox 117 1759 232 1844; x_wconf 88' lang='lat' dir='ltr'>coepit,</span> <span class='ocrx_word' id='word_1_115' title='bbox 256 1757 389 1822; x_wconf 90' lang='lat' dir='ltr'>concilio</span> <span class='ocrx_word' id='word_1_116' title='bbox 411 1766 582 1822; x_wconf 85' lang='lat' dir='ltr'>convocato</span> <span class='ocrx_word' id='word_1_117' title='bbox 599 1761 827 1822; x_wconf 89' lang='lat' dir='ltr'>constituerunt</span> <span class='ocrx_word' id='word_1_118' title='bbox 842 1759 993 1843; x_wconf 89' lang='lat' dir='ltr'>optimum</span> <span class='ocrx_word' id='word_1_119' title='bbox 1004 1777 1074 1820; x_wconf 89' lang='lat' dir='ltr'>esse</span> 
     </span>
     <span class='ocr_line' id='line_1_19' title="bbox 118 1842 1074 1929; baseline -0.002 -22"><span class='ocrx_word' id='word_1_120' title='bbox 118 1842 248 1908; x_wconf 87' lang='lat' dir='ltr'>domurn</span> <span class='ocrx_word' id='word_1_121' title='bbox 271 1864 361 1906; x_wconf 89' lang='lat' dir='ltr'>suam</span> <span class='ocrx_word' id='word_1_122' title='bbox 382 1865 538 1928; x_wconf 89' lang='lat' dir='ltr'>quemque</span> <span class='ocrx_word' id='word_1_123' title='bbox 559 1844 679 1907; x_wconf 89' lang='lat' dir='ltr'>reverti</span> <span class='ocrx_word' id='word_1_124' title='bbox 707 1853 745 1924; x_wconf 89' lang='lat' dir='ltr'>et,</span> <span class='ocrx_word' id='word_1_125' title='bbox 780 1865 912 1929; x_wconf 88' lang='lat' dir='ltr'>quorum</span> <span class='ocrx_word' id='word_1_126' title='bbox 941 1844 974 1906; x_wconf 92' lang='lat' dir='ltr'>in</span> <span class='ocrx_word' id='word_1_127' title='bbox 995 1843 1074 1906; x_wconf 91' lang='lat' dir='ltr'>fines</span> 
     </span>
     <span class='ocr_line' id='line_1_20' title="bbox 140 1927 1073 2010; baseline -0.002 -18"><span class='ocrx_word' id='word_1_128' title='bbox 140 1931 258 1992; x_wconf 89' lang='lat' dir='ltr'>rimum</span> <span class='ocrx_word' id='word_1_129' title='bbox 278 1928 414 1992; x_wconf 87' lang='lat' dir='ltr'>Romani</span> <span class='ocrx_word' id='word_1_130' title='bbox 442 1929 617 1992; x_wconf 84' lang='lat' dir='ltr'>exercitum</span> <span class='ocrx_word' id='word_1_131' title='bbox 648 1928 914 2010; x_wconf 90' lang='lat' dir='ltr'>introduxissent,</span> <span class='ocrx_word' id='word_1_132' title='bbox 948 1927 991 1991; x_wconf 89' lang='lat' dir='ltr'>ad</span> <span class='ocrx_word' id='word_1_133' title='bbox 1020 1949 1073 1990; x_wconf 92' lang='lat' dir='ltr'>eos</span> 
     </span>
     <span class='ocr_line' id='line_1_21' title="bbox 118 1951 1073 2100; baseline -0.004 -21"><span class='ocrx_word' id='word_1_134' title='bbox 118 1951 335 2079; x_wconf 69' lang='lat' dir='ltr'>defendendos</span> <span class='ocrx_word' id='word_1_135' title='bbox 357 2013 496 2100; x_wconf 90' lang='lat' dir='ltr'>undique</span> <span class='ocrx_word' id='word_1_136' title='bbox 518 2015 735 2095; x_wconf 89' lang='lat' dir='ltr'>convenirent,</span> <span class='ocrx_word' id='word_1_137' title='bbox 768 2021 803 2076; x_wconf 90' lang='lat' dir='ltr'>ut</span> <span class='ocrx_word' id='word_1_138' title='bbox 828 2016 932 2098; x_wconf 90' lang='lat' dir='ltr'>potius</span> <span class='ocrx_word' id='word_1_139' title='bbox 954 2017 988 2077; x_wconf 91' lang='lat' dir='ltr'>in</span> <span class='ocrx_word' id='word_1_140' title='bbox 1010 2013 1073 2075; x_wconf 88' lang='lat' dir='ltr'>suis</span> 
     </span>
     <span class='ocr_line' id='line_1_22' title="bbox 118 2097 1073 2185; baseline -0.002 -23"><span class='ocrx_word' id='word_1_141' title='bbox 118 2121 217 2185; x_wconf 87' lang='lat' dir='ltr'>quam</span> <span class='ocrx_word' id='word_1_142' title='bbox 242 2100 279 2162; x_wconf 89' lang='lat' dir='ltr'>in</span> <span class='ocrx_word' id='word_1_143' title='bbox 308 2097 420 2162; x_wconf 89' lang='lat' dir='ltr'>alienis</span> <span class='ocrx_word' id='word_1_144' title='bbox 452 2097 569 2163; x_wconf 89' lang='lat' dir='ltr'>finibus</span> <span class='ocrx_word' id='word_1_145' title='bbox 602 2099 801 2164; x_wconf 86' lang='lat' dir='ltr'>decertarent</span> <span class='ocrx_word' id='word_1_146' title='bbox 830 2109 861 2162; x_wconf 91' lang='lat' dir='ltr'>et</span> <span class='ocrx_word' id='word_1_147' title='bbox 893 2098 1073 2162; x_wconf 77' lang='lat' dir='ltr'>domesticis</span> 
     </span>
     <span class='ocr_line' id='line_1_23' title="bbox 118 2183 1074 2269; baseline -0.001 -22"><span class='ocrx_word' id='word_1_148' title='bbox 118 2185 219 2269; x_wconf 91' lang='lat' dir='ltr'>copiis</span> <span class='ocrx_word' id='word_1_149' title='bbox 247 2184 295 2247; x_wconf 89' lang='lat' dir='ltr'>rei</span> <span class='ocrx_word' id='word_1_150' title='bbox 316 2183 538 2248; x_wconf 80' lang='lat' dir='ltr'>frumentariae</span> <span class='ocrx_word' id='word_1_151' title='bbox 566 2193 739 2248; x_wconf 88' lang='lat' dir='ltr'>uterentur.</span> <span class='ocrx_word' id='word_1_152' title='bbox 783 2183 836 2246; x_wconf 88' lang='lat' dir='ltr'>Ad</span> <span class='ocrx_word' id='word_1_153' title='bbox 858 2205 928 2248; x_wconf 91' lang='lat' dir='ltr'>eam</span> <span class='ocrx_word' id='word_1_154' title='bbox 951 2192 1074 2247; x_wconf 87' lang='lat' dir='ltr'>senten-</span> 
     </span>
     <span class='ocr_line' id='line_1_24' title="bbox 117 2267 1074 2370; baseline -0.001 -38"><span class='ocrx_word' id='word_1_155' title='bbox 117 2270 196 2333; x_wconf 83' lang='lat' dir='ltr'>tiam</span> <span class='ocrx_word' id='word_1_156' title='bbox 218 2291 290 2332; x_wconf 91' lang='lat' dir='ltr'>cum</span> <span class='ocrx_word' id='word_1_157' title='bbox 310 2267 441 2370; x_wconf 88' lang='lat' dir='ltr'>reliquis</span> <span class='ocrx_word' id='word_1_158' title='bbox 465 2269 569 2332; x_wconf 84' lang='lat' dir='ltr'>causis</span> <span class='ocrx_word' id='word_1_159' title='bbox 591 2270 672 2334; x_wconf 84' lang='lat' dir='ltr'>haec</span> <span class='ocrx_word' id='word_1_160' title='bbox 715 2291 817 2356; x_wconf 87' lang='lat' dir='ltr'>noque</span> <span class='ocrx_word' id='word_1_161' title='bbox 840 2271 920 2333; x_wconf 86' lang='lat' dir='ltr'>ratio</span> <span class='ocrx_word' id='word_1_162' title='bbox 943 2290 998 2332; x_wconf 93' lang='lat' dir='ltr'>eos</span> <span class='ocrx_word' id='word_1_163' title='bbox 1021 2267 1074 2331; x_wconf 92' lang='lat' dir='ltr'>de·</span> 
     </span>
     <span class='ocr_line' id='line_1_25' title="bbox 118 2293 1073 2439; baseline -0.002 -21"><span class='ocrx_word' id='word_1_164' title='bbox 118 2354 217 2436; x_wconf 87' lang='lat' dir='ltr'>duxit,</span> <span class='ocrx_word' id='word_1_165' title='bbox 241 2354 328 2439; x_wconf 92' lang='lat' dir='ltr'>quod</span> <span class='ocrx_word' id='word_1_166' title='bbox 349 2353 542 2418; x_wconf 83' lang='lat' dir='ltr'>Drvitiaoum</span> <span class='ocrx_word' id='word_1_167' title='bbox 565 2364 658 2439; x_wconf 89' lang='lat' dir='ltr'>atque</span> <span class='ocrx_word' id='word_1_168' title='bbox 673 2293 956 2419; x_wconf 58' lang='lat' dir='ltr'>liaeduosfinibus</span> <span class='ocrx_word' id='word_1_169' title='bbox 970 2351 1073 2417; x_wconf 91' lang='lat' dir='ltr'>Bello-</span> 
     </span>
     <span class='ocr_line' id='line_1_26' title="bbox 118 2439 1073 2525; baseline -0.002 -21"><span class='ocrx_word' id='word_1_170' title='bbox 118 2460 271 2504; x_wconf 87' lang='lat' dir='ltr'>vacorum</span> <span class='ocrx_word' id='word_1_171' title='bbox 300 2441 552 2525; x_wconf 87' lang='lat' dir='ltr'>appropinquare</span> <span class='ocrx_word' id='word_1_172' title='bbox 586 2447 810 2524; x_wconf 87' lang='lat' dir='ltr'>cognoverant.</span> <span class='ocrx_word' id='word_1_173' title='bbox 858 2439 917 2502; x_wconf 88' lang='lat' dir='ltr'>His</span> <span class='ocrx_word' id='word_1_174' title='bbox 946 2459 1073 2524; x_wconf 91' lang='lat' dir='ltr'>persua-</span> 
     </span>
     <span class='ocr_line' id='line_1_27' title="bbox 118 2523 1073 2611; baseline -0.003 -22"><span class='ocrx_word' id='word_1_175' title='bbox 118 2525 198 2606; x_wconf 87' lang='lat' dir='ltr'>deri,</span> <span class='ocrx_word' id='word_1_176' title='bbox 220 2532 256 2587; x_wconf 89' lang='lat' dir='ltr'>ut</span> <span class='ocrx_word' id='word_1_177' title='bbox 278 2523 394 2587; x_wconf 88' lang='lat' dir='ltr'>diutius</span> <span class='ocrx_word' id='word_1_178' title='bbox 417 2533 617 2611; x_wconf 84' lang='lat' dir='ltr'>morarentur</span> <span class='ocrx_word' id='word_1_179' title='bbox 637 2545 741 2611; x_wconf 84' lang='lat' dir='ltr'>neque</span> <span class='ocrx_word' id='word_1_180' title='bbox 763 2525 827 2587; x_wconf 89' lang='lat' dir='ltr'>suis</span> <span class='ocrx_word' id='word_1_181' title='bbox 850 2524 1001 2588; x_wconf 88' lang='lat' dir='ltr'>auxilium</span> <span class='ocrx_word' id='word_1_182' title='bbox 1015 2523 1073 2586; x_wconf 86' lang='lat' dir='ltr'>fer-</span> 
     </span>
     <span class='ocr_line' id='line_1_28' title="bbox 118 2618 986 2694; baseline -0.007 -20"><span class='ocrx_word' id='word_1_183' title='bbox 118 2620 198 2691; x_wconf 90' lang='lat' dir='ltr'>rent,</span> <span class='ocrx_word' id='word_1_184' title='bbox 222 2631 287 2673; x_wconf 92' lang='lat' dir='ltr'>non</span> <span class='ocrx_word' id='word_1_185' title='bbox 307 2618 439 2694; x_wconf 88' lang='lat' dir='ltr'>poterat.</span> <span class='ocrx_word' id='word_1_186' title='bbox 982 2635 986 2642; x_wconf 60' lang='lat'><strong><em>¹</em></strong></span> 
     </span>
    </p>

    <p class='ocr_par' dir='ltr' id='par_1_6' title="bbox 119 2694 1077 3550">
     <span class='ocr_line' id='line_1_29' title="bbox 185 2694 1075 2780; baseline -0.003 -22"><span class='ocrx_word' id='word_1_187' title='bbox 185 2696 235 2758; x_wconf 87' lang='lat'>11.</span> <span class='ocrx_word' id='word_1_188' title='bbox 271 2695 317 2758; x_wconf 81' lang='lat' dir='ltr'>Ea</span> <span class='ocrx_word' id='word_1_189' title='bbox 337 2719 372 2760; x_wconf 90' lang='lat' dir='ltr'>re</span> <span class='ocrx_word' id='word_1_190' title='bbox 395 2696 563 2759; x_wconf 88' lang='lat' dir='ltr'>constituta</span> <span class='ocrx_word' id='word_1_191' title='bbox 585 2695 724 2760; x_wconf 86' lang='lat' dir='ltr'>secunda</span> <span class='ocrx_word' id='word_1_192' title='bbox 737 2694 847 2780; x_wconf 84' lang='lat' dir='ltr'>vigilia</span> <span class='ocrx_word' id='word_1_193' title='bbox 868 2715 981 2779; x_wconf 90' lang='lat' dir='ltr'>magno</span> <span class='ocrx_word' id='word_1_194' title='bbox 1004 2714 1075 2756; x_wconf 90' lang='lat' dir='ltr'>oum</span> 
     </span>
     <span class='ocr_line' id='line_1_30' title="bbox 120 2777 1075 2866; baseline -0.005 -21"><span class='ocrx_word' id='word_1_195' title='bbox 120 2781 253 2866; x_wconf 89' lang='lat' dir='ltr'>strepitu</span> <span class='ocrx_word' id='word_1_196' title='bbox 275 2801 313 2842; x_wconf 88' lang='lat' dir='ltr'>ac</span> <span class='ocrx_word' id='word_1_197' title='bbox 333 2779 468 2844; x_wconf 86' lang='lat' dir='ltr'>tumultu</span> <span class='ocrx_word' id='word_1_198' title='bbox 490 2782 601 2844; x_wconf 86' lang='lat' dir='ltr'>castris</span> <span class='ocrx_word' id='word_1_199' title='bbox 625 2781 745 2866; x_wconf 90' lang='lat' dir='ltr'>egressi</span> <span class='ocrx_word' id='word_1_200' title='bbox 758 2779 844 2845; x_wconf 92' lang='lat' dir='ltr'>nullo</span> <span class='ocrx_word' id='word_1_201' title='bbox 856 2790 950 2853; x_wconf 50' lang='lat' dir='ltr'>¹certo</span> <span class='ocrx_word' id='word_1_202' title='bbox 965 2777 1075 2842; x_wconf 89' lang='lat' dir='ltr'>ordine</span> 
     </span>
     <span class='ocr_line' id='line_1_31' title="bbox 119 2863 1075 2952; baseline -0.005 -23"><span class='ocrx_word' id='word_1_203' title='bbox 119 2887 224 2952; x_wconf 88' lang='lat' dir='ltr'>neque</span> <span class='ocrx_word' id='word_1_204' title='bbox 253 2868 401 2951; x_wconf 91' lang='lat' dir='ltr'>imperio,</span> <span class='ocrx_word' id='word_1_205' title='bbox 431 2888 527 2951; x_wconf 91' lang='lat' dir='ltr'>quum</span> <span class='ocrx_word' id='word_1_206' title='bbox 554 2866 615 2930; x_wconf 90' lang='lat' dir='ltr'>sibi</span> <span class='ocrx_word' id='word_1_207' title='bbox 642 2869 773 2952; x_wconf 90' lang='lat' dir='ltr'>quisque</span> <span class='ocrx_word' id='word_1_208' title='bbox 799 2867 934 2951; x_wconf 91' lang='lat' dir='ltr'>primum</span> <span class='ocrx_word' id='word_1_209' title='bbox 955 2863 1075 2928; x_wconf 89' lang='lat' dir='ltr'>itineris</span> 
     </span>
     <span class='ocr_line' id='line_1_32' title="bbox 120 2948 1075 3037; baseline -0.004 -23"><span class='ocrx_word' id='word_1_210' title='bbox 120 2949 225 3015; x_wconf 87' lang='lat' dir='ltr'>locum</span> <span class='ocrx_word' id='word_1_211' title='bbox 247 2959 370 3036; x_wconf 91' lang='lat' dir='ltr'>peteret</span> <span class='ocrx_word' id='word_1_212' title='bbox 392 2960 423 3013; x_wconf 89' lang='lat' dir='ltr'>et</span> <span class='ocrx_word' id='word_1_213' title='bbox 444 2951 572 3016; x_wconf 90' lang='lat' dir='ltr'>domum</span> <span class='ocrx_word' id='word_1_214' title='bbox 593 2953 761 3037; x_wconf 89' lang='lat' dir='ltr'>pervenire</span> <span class='ocrx_word' id='word_1_215' title='bbox 781 2958 972 3036; x_wconf 88' lang='lat' dir='ltr'>properaret,</span> <span class='ocrx_word' id='word_1_216' title='bbox 994 2948 1075 3013; x_wconf 85' lang='lat' dir='ltr'>feee-</span> 
     </span>
     <span class='ocr_line' id='line_1_33' title="bbox 120 3034 1076 3123; baseline -0.005 -23"><span class='ocrx_word' id='word_1_217' title='bbox 120 3045 201 3119; x_wconf 86' lang='lat' dir='ltr'>rrmt,</span> <span class='ocrx_word' id='word_1_218' title='bbox 225 3044 260 3099; x_wconf 91' lang='lat' dir='ltr'>ut</span> <span class='ocrx_word' id='word_1_219' title='bbox 281 3035 452 3100; x_wconf 90' lang='lat' dir='ltr'>consimilis</span> <span class='ocrx_word' id='word_1_220' title='bbox 472 3036 566 3120; x_wconf 88' lang='lat' dir='ltr'>fugae</span> <span class='ocrx_word' id='word_1_221' title='bbox 584 3036 736 3123; x_wconf 87' lang='lat' dir='ltr'>profectio</span> <span class='ocrx_word' id='word_1_222' title='bbox 757 3036 924 3100; x_wconf 88' lang='lat' dir='ltr'>videretur.</span> <span class='ocrx_word' id='word_1_223' title='bbox 947 3034 1019 3096; x_wconf 88' lang='lat' dir='ltr'>Hac</span> <span class='ocrx_word' id='word_1_224' title='bbox 1040 3051 1076 3096; x_wconf 91' lang='lat' dir='ltr'>re</span> 
     </span>
     <span class='ocr_line' id='line_1_34' title="bbox 121 3117 1076 3206; baseline -0.006 -21"><span class='ocrx_word' id='word_1_225' title='bbox 121 3122 225 3185; x_wconf 85' lang='lat' dir='ltr'>statim</span> <span class='ocrx_word' id='word_1_226' title='bbox 248 3119 370 3185; x_wconf 78' lang='lat' dir='ltr'>caesar</span> <span class='ocrx_word' id='word_1_227' title='bbox 391 3143 448 3205; x_wconf 88' lang='lat' dir='ltr'>per</span> <span class='ocrx_word' id='word_1_228' title='bbox 470 3120 683 3206; x_wconf 84' lang='lat' dir='ltr'>speculatores</span> <span class='ocrx_word' id='word_1_229' title='bbox 713 3123 840 3204; x_wconf 88' lang='lat' dir='ltr'>cognita</span> <span class='ocrx_word' id='word_1_230' title='bbox 866 3117 995 3182; x_wconf 88' lang='lat' dir='ltr'>insidias</span> <span class='ocrx_word' id='word_1_231' title='bbox 1022 3138 1076 3180; x_wconf 87' lang='lat' dir='ltr'>ve-</span> 
     </span>
     <span class='ocr_line' id='line_1_35' title="bbox 121 3203 1076 3293; baseline -0.007 -23"><span class='ocrx_word' id='word_1_232' title='bbox 121 3207 208 3289; x_wconf 89' lang='lat' dir='ltr'>ritus,</span> <span class='ocrx_word' id='word_1_233' title='bbox 233 3206 326 3293; x_wconf 91' lang='lat' dir='ltr'>quod,</span> <span class='ocrx_word' id='word_1_234' title='bbox 351 3228 414 3292; x_wconf 84' lang='lat' dir='ltr'>qua</span> <span class='ocrx_word' id='word_1_235' title='bbox 436 3205 475 3270; x_wconf 91' lang='lat' dir='ltr'>de</span> <span class='ocrx_word' id='word_1_236' title='bbox 498 3227 595 3269; x_wconf 84' lang='lat' dir='ltr'>causa</span> <span class='ocrx_word' id='word_1_237' title='bbox 616 3205 824 3287; x_wconf 88' lang='lat' dir='ltr'>discederent,</span> <span class='ocrx_word' id='word_1_238' title='bbox 847 3203 987 3266; x_wconf 91' lang='lat' dir='ltr'>nondum</span> <span class='ocrx_word' id='word_1_239' title='bbox 1006 3222 1076 3286; x_wconf 86' lang='lat' dir='ltr'>per·</span> 
     </span>
     <span class='ocr_line' id='line_1_36' title="bbox 122 3286 1075 3378; baseline -0.007 -24"><span class='ocrx_word' id='word_1_240' title='bbox 122 3301 278 3378; x_wconf 87' lang='lat' dir='ltr'>spexerat,</span> <span class='ocrx_word' id='word_1_241' title='bbox 303 3291 479 3354; x_wconf 88' lang='lat' dir='ltr'>exercitum</span> <span class='ocrx_word' id='word_1_242' title='bbox 509 3292 744 3377; x_wconf 88' lang='lat' dir='ltr'>equitatumque</span> <span class='ocrx_word' id='word_1_243' title='bbox 773 3289 885 3352; x_wconf 87' lang='lat' dir='ltr'>eastris</span> <span class='ocrx_word' id='word_1_244' title='bbox 915 3286 1075 3350; x_wconf 89' lang='lat' dir='ltr'>continuit.</span> 
     </span>
     <span class='ocr_line' id='line_1_37' title="bbox 121 3371 1077 3461; baseline -0.008 -21"><span class='ocrx_word' id='word_1_245' title='bbox 121 3376 225 3442; x_wconf 88' lang='lat' dir='ltr'>Prima</span> <span class='ocrx_word' id='word_1_246' title='bbox 246 3377 319 3442; x_wconf 90' lang='lat' dir='ltr'>luce</span> <span class='ocrx_word' id='word_1_247' title='bbox 342 3377 526 3461; x_wconf 88' lang='lat' dir='ltr'>confirmata</span> <span class='ocrx_word' id='word_1_248' title='bbox 547 3397 582 3440; x_wconf 90' lang='lat' dir='ltr'>re</span> <span class='ocrx_word' id='word_1_249' title='bbox 604 3375 645 3439; x_wconf 89' lang='lat' dir='ltr'>ab</span> <span class='ocrx_word' id='word_1_250' title='bbox 672 3371 925 3461; x_wconf 83' lang='lat' dir='ltr'>exploratoribus</span> <span class='ocrx_word' id='word_1_251' title='bbox 953 3391 1077 3436; x_wconf 90' lang='lat' dir='ltr'>omnem</span> 
     </span>
     <span class='ocr_line' id='line_1_38' title="bbox 120 3456 1077 3550; baseline -0.01 -22"><span class='ocrx_word' id='word_1_252' title='bbox 120 3466 300 3550; x_wconf 85' lang='lat' dir='ltr'>equitatum,</span> <span class='ocrx_word' id='word_1_253' title='bbox 326 3463 381 3546; x_wconf 90' lang='lat' dir='ltr'>qui</span> <span class='ocrx_word' id='word_1_254' title='bbox 401 3461 609 3527; x_wconf 85' lang='lat' dir='ltr'>novissimum</span> <span class='ocrx_word' id='word_1_255' title='bbox 632 3481 745 3544; x_wconf 89' lang='lat' dir='ltr'>agmen</span> <span class='ocrx_word' id='word_1_256' title='bbox 766 3456 943 3522; x_wconf 79' lang='lat' dir='ltr'>moraretur</span> <span class='ocrx_word' id='word_1_257' title='bbox 949 3503 957 3538; x_wconf 91' lang='lat'>,</span> <span class='ocrx_word' id='word_1_258' title='bbox 986 3477 1077 3540; x_wconf 85' lang='lat' dir='ltr'>pras·</span> 
     </span>
    </p>
   </div>
   <div class='ocr_carea' id='block_1_3' title="bbox 0 0 1282 3970">
    <p class='ocr_par' dir='ltr' id='par_1_7' title="bbox 0 0 1282 3970">
     <span class='ocr_line' id='line_1_39' title="bbox 0 0 1282 3970; baseline 0 0"><span class='ocrx_word' id='word_1_259' title='bbox 0 0 1282 3970; x_wconf 95' lang='lat' dir='ltr'> </span> 
     </span>
    </p>
   </div>
  </div>
 </body>
</html>
