2538 3978
196 245 257 309 132
482 244 543 308 DE
564 243 707 310 BELLO
730 243 864 310 OIVlLl

194 426 226 481 et
247 416 417 502 Mytilenas
432 417 540 500 paucis
563 415 674 481 diebus
688 419 784 480 venit.
806 416 943 480 Biduum
965 426 1158 500 tempestate

192 511 332 566 retentus
354 501 552 587 navibusque
574 501 643 565 aliis
659 502 773 566 additis
796 503 943 566 actuariis
958 503 991 564 in
1007 500 1157 566 Ciliciam

194 597 288 672 atque
309 587 383 652 inde
406 586 548 734 Cyprum
569 589 724 672 pervenit,
746 587 796 652 Ibi
811 586 974 671 cognoscit
995 607 1156 652 consensu

193 672 454 737 omniumAntioc
478 674 600 735 ensium
608 672 1015 759 civiumqueRomanorum,
1025 675 1077 758 qui
1086 672 1157 738 illic

192 759 437 843 negotiarentur,
449 779 553 821 arcem
569 768 692 843 captam
704 781 773 823 esse
786 758 976 822 excludendi
991 759 1040 822 sui
1055 780 1156 823 causa

193 845 382 930 nuntiosque
397 843 543 908 dimissos
555 843 596 906 ad
607 866 671 924 eos,
688 845 741 928 qui
755 866 790 908 se
812 865 853 907 ex
867 842 901 906 fu
924 865 944 906 a
957 844 991 906 in
1001 844 1155 907 finitimas

193 929 336 992 civitates
354 930 512 1014 recepisse
527 928 716 1010 dicerentur,
732 951 772 993 ne
788 867 989 992 Antiocbiam
1011 928 1155 992 adirent:

193 1013 227 1076 id
238 1015 265 1076 si
281 1013 440 1094 fecissent,
455 1035 569 1098 magno
592 1036 699 1078 corum
716 1015 826 1100 capitis
848 1013 988 1099 periculo
1002 1015 1155 1078 futurum.

192 1097 282 1162 Idem
297 1099 357 1163 hoc
375 1098 411 1164 L.
425 1099 568 1180 Lentulo,
582 1101 635 1185 qui
647 1101 810 1184 superiore
826 1121 908 1163 anno
921 1098 1031 1163 consul
1041 1101 1156 1180 fuerat,

194 1193 225 1248 et
245 1184 282 1248 P.
303 1184 438 1249 Lentulo
467 1184 624 1248 consulari
646 1206 684 1248 ac
711 1183 871 1248 nonnullis
901 1183 972 1248 aliis
994 1185 1158 1250 acciderat

192 1267 311 1351 Rhodi;
323 1271 377 1355 qui
389 1292 485 1355 quum
501 1293 542 1334 ex
552 1270 628 1355 fuga
637 1270 824 1355 Pompeium
835 1279 1042 1354 sequerentur
1057 1281 1156 1356 atque

191 1355 226 1418 in
240 1353 375 1418 insulam
388 1356 558 1437 venissent,
575 1355 691 1440 oppido
702 1377 740 1418 ac
750 1365 843 1440 portu
854 1357 975 1440 recepti
985 1378 1049 1420 non
1061 1369 1158 1421 erant

192 1439 296 1504 missis
320 1461 359 1503 ue
370 1440 411 1503 ad
419 1463 473 1506 eos
488 1441 615 1522 nuntiis,
627 1450 663 1504 ut
669 1463 711 1504 ex
722 1441 770 1504 his
783 1439 859 1504 locis
872 1439 1070 1504 discederent
1078 1462 1156 1505 oon-

193 1532 243 1588 tra
270 1463 465 1590 vdluntatem
494 1549 582 1591 suam
611 1548 709 1591 naves
743 1525 914 1590 solverunt
947 1524 1078 1612 Iamque
1111 1526 1155 1592 de

193 1609 340 1675 caesaris
356 1610 494 1677 adventu
508 1612 593 1676 fama
608 1611 650 1674 ad
670 1612 814 1675 civitates
840 1610 1066 1696 perferebatur.

258 1697 328 1760 103.
352 1695 474 1775 Quibus
507 1698 640 1782 cognitis
679 1696 775 1760 rebus
807 1697 976 1781 Pompeius
1009 1697 1155 1782 deposito

192 1781 357 1846 adeundae
385 1780 407 1846 S
449 1784 497 1846 ‘ae
524 1781 655 1847 consilio
681 1782 816 1866 pecunia
842 1783 1000 1846 societatis
1028 1781 1156 1847 sublata

192 1875 225 1932 et
246 1889 266 1930 a
288 1867 401 1952 quibus
425 1890 476 1931 am
497 1869 627 1954 privatis
649 1877 774 1953 sumpta
789 1880 820 1931 et
841 1869 924 1931 aeris
946 1891 1061 1953 magno
1099 1890 1154 1933 on-

193 1950 269 2016 dere
291 1953 332 2016 ad
353 1951 520 2018 militarem
541 1975 633 2018 usum
661 1955 695 2016 in
720 1975 819 2017 naves
847 1954 993 2038 imposito
1016 1891 1154 2017 duobus-

193 2059 255 2123 que
269 2036 395 2103 milibus
410 2037 569 2103 hominum
586 2041 729 2120 armatis,
745 2040 861 2123 partim
877 2060 956 2123 quos
971 2061 1012 2102 ex
1026 2038 1155 2103 familiis

192 2123 378 2188 societatum
399 2123 569 2209 delegerat,
590 2125 708 2209 partim
731 2145 750 2186 a
771 2123 1020 2208 negotiatoribus
1043 2133 1154 2210 coege-

190 2210 250 2289 rat,
275 2231 415 2295 quosque
437 2233 480 2274 ex
508 2212 572 2274 suis
600 2211 733 2294 quisque
763 2208 804 2273 ad
830 2209 911 2272 hanc
932 2231 1000 2273 rem
1021 2209 1153 2275 idoneos

193 2293 401 2377 existimabat,
431 2294 593 2359 Pelusium
624 2295 778 2380 pervenit.
812 2293 862 2357 Ibi
893 2316 970 2358 casu
997 2317 1057 2358 rex
1084 2306 1154 2361 erat

191 2375 402 2462 Ptolemaeus,
420 2403 503 2530 puer
532 2389 644 2462 aetate,
672 2381 796 2465 magnis
826 2381 925 2480 copiis
949 2401 1022 2443 cum
1043 2402 1154 2445 sorore

194 2460 365 2550 Cleopatra
379 2465 419 2530 be
444 2488 498 2530 um
512 2487 635 2550 gerens,
653 2487 748 2552 quam
762 2487 872 2550 paucrs
894 2475 967 2530 ante
988 2465 1153 2529 mensibus

192 2569 251 2634 per
273 2571 347 2614 suos
368 2552 561 2636 propinquos
584 2560 677 2637 atque
704 2553 823 2628 amicos
845 2571 944 2635 regno
966 2550 1152 2637 expulerat3

192 2642 357 2720 castraque
380 2635 568 2722 Cleopatrae
583 2658 647 2701 non
667 2636 762 2722 longo
785 2638 885 2720 spatio
900 2636 940 2701 ab
957 2637 1025 2700 eius
1040 2637 1153 2700 castris

191 2717 359 2786 distabant
388 2721 441 2784 Ad
469 2745 542 2786 eum
562 2722 640 2787 Pom
664 2723 731 2786 eius
760 2723 853 2803 misit,
876 2730 911 2785 ut
937 2744 995 2806 pro
1017 2721 1151 2806 hospitio

191 2814 284 2890 atquc
314 2808 453 2872 amicitia
480 2809 579 2893 patris
607 2745 804 2873 Albxandria
833 2808 1030 2892 reciperetur
1056 2817 1152 2890 atque

190 2889 275 2962 illius
298 2892 410 2978 opibus
431 2895 465 2955 in
487 2892 665 2956 calamitate
694 2900 863 2978 tegeretur.
887 2891 952 2956 Sed
974 2893 1028 2978 qui
1049 2890 1088 2954 ab
1111 2912 1150 2954 eo

190 2977 280 3040 missi
303 2987 401 3060 erant,
428 2979 570 3043 confecto
600 2978 766 3064 legationis
796 2977 898 3043 officio
927 2977 1057 3042 liberius
1078 2997 1153 3040 cum

190 3061 341 3128 militibus
363 3063 449 3149 regis
471 3062 609 3150 colloqui
631 3073 804 3148 coeperunt
826 3085 944 3150 eosque
965 3063 1093 3143 hortari,
1116 3071 1151 3124 ut

191 3167 283 3212 suum
312 3148 448 3214 officium
476 3149 555 3213 Pom
578 3151 627 3214 eio
655 3158 854 3233 praestarent
880 3171 963 3214 nere
992 3150 1061 3213 eius
1090 3146 1153 3212 for·

190 3240 299 3297 tunam
320 3233 529 3320 despicerent.
611 3235 671 3299 hoc
698 3243 789 3298 erant
817 3255 947 3298 numero
970 3232 1151 3318 complures

190 3317 323 3404 Pompei
351 3319 476 3403 milites,
507 3341 585 3405 quos
615 3342 656 3383 ex
686 3321 754 3384 eius
781 3321 924 3386 exercitu
950 3319 1153 3403 acceptosin

192 3401 285 3488 Syria
307 3403 461 3470 Gabinius
476 3404 705 3469 Alexandriam
718 3405 903 3470 traduxerat
916 3404 1064 3489 belloque
1079 3424 1153 3468 con-

191 3489 274 3554 fecto
297 3489 381 3576 apud
402 3489 627 3576 Ptolemaeum,
649 3501 772 3576 patrem
792 3491 893 3578 pueri,
915 3489 1097 3574 reliquerat
