2562 3966
177 233 240 298 132
432 231 494 296 nn
514 231 659 323 anino
683 218 875 337 antioc

175 404 250 470 Huc
279 425 376 489 quum
406 425 440 468 se
467 403 695 470 consuetudine
723 402 972 487 reclinaverunt,
994 405 1140 473 infirmas

177 489 306 556 arbores
351 489 469 554 ondere
491 488 636 574 affligumt
653 498 747 575 atque
769 511 834 554 una
848 490 938 575 ipsae
957 493 1139 568 concidunt.

240 574 292 640 28.
365 576 478 639 artium
511 584 559 638 est
585 597 685 660 genus
715 596 838 657 eorum,
890 576 924 638 ui
952 578 1002 640 uri
1030 577 1140 664 appel·

176 661 290 727 lantur.
323 660 367 724 Hi
390 668 463 724 sunt
484 661 701 745 magnitudine
723 659 819 745 paulo
841 598 923 724 inlra
943 662 1140 748 elephantos,

177 747 283 832 speeie
306 756 338 810 et
359 746 464 816 colore
483 754 518 809 et
541 745 645 832 figura
665 747 759 810 tauri
802 745 920 830 Magna
947 749 998 826 uis
1027 770 1140 814 eorum

177 841 227 896 est
248 840 279 896 et
299 854 417 917 magna
440 830 603 913 velocitas,
624 853 730 917 neque
757 830 878 896 bomini
906 854 1019 918 neque,
1039 834 1139 918 ferae,

177 939 273 1005 quam
302 907 726 1066 conspexcnmt,'}parcunt.
766 916 835 982 Hos
865 917 1005 982 studiose
1037 920 1141 986 foveis

177 1013 286 1088 captos
314 1003 515 1066 interficiunt.
593 1025 632 1066 oc
668 1025 701 1067 se
741 1001 850 1068 labore
880 1003 995 1068 durant
1031 1004 1138 1070 adole·

177 1096 300 1153 scentes
323 1096 417 1175 atquc
439 1087 499 1151 hoc
514 1109 632 1173 genere
646 1089 823 1160 venationis
846 1099 1011 1172 exercent,
1035 1093 1140 1176 etqui

128 1233 135 1254 ,
175 1174 329 1261 plurimos
359 1195 401 1238 ex
428 1173 478 1237 his
507 1173 747 1257 interfecerunt,
777 1173 886 1238 relatis
915 1175 949 1238 in
975 1173 1139 1261 publicum

177 1259 335 1345 cornibus,
352 1281 433 1346 quae
445 1261 507 1324 sint
518 1261 707 1342 testimonio,
723 1281 871 1345 magnam
883 1260 988 1324 ferunt
999 1261 1140 1332 laudem}

176 1345 241 1410 Sed
266 1367 454 1410 ¹assuescere
484 1345 525 1408 ad
552 1345 695 1410 homines
724 1354 756 1410 et
780 1347 983 1416 mansuefieri
1004 1369 1045 1410 ne
1067 1369 1139 1432 par·

176 1431 244 1496 uuli
273 1432 401 1516 quidem
433 1433 559 1517 excepti
586 1440 727 1516 possunt.
771 1430 956 1516 Amplitudo
986 1455 1140 1498 cornuum
1255 1448 1259 1458 “

178 1527 211 1580 et
230 1516 333 1602 figura
356 1527 387 1580 et
409 1516 687 1603 species-multum
710 1539 730 1582 a
750 1526 930 1582 nostrorum
952 1518 1048 1582 boum
1070 1540 1138 1592 cor-

175 1603 269 1668 nibus
300 1603 413 1666 differt.
451 1603 543 1667 Haec
576 1602 715 1668 studiose
751 1604 928 1690 conquisita
964 1603 1004 1666 ab
1040 1603 1140 1669 labris

208 1698 307 1775 gente
336 1687 588 1753 circumcludunt
620 1699 714 1773 atque
743 1689 777 1750 in
806 1689 1008 1775 amplissimis
1037 1689 1140 1775 epulis

175 1796 232 1860 pro
254 1774 377 1860 poculis
401 1784 540 1839 utuntur.
1133 1809 1137 1812 ·

240 1860 292 1925 29.
332 1859 470 1942 Caesar,
499 1868 668 1946 postquam
688 1883 755 2010 per
783 1861 886 1926 Ubios
917 1860 1139 1947 exploratores

177 1949 330 2031 comperit
358 1945 480 2010 Suebos
511 1967 582 2016 sese
608 1947 643 2009 in
673 1947 697 2009 s'
712 1969 769 2010 vas
798 1950 968 2033 recepisse,
999 1948 1145 2034 inopiam·

176 2031 325 2096 frumenti
359 2035 496 2113 veritus,
525 2031 625 2118 quod,
656 2040 691 2096 ut
718 2055 814 2119 supra
843 2034 1139 2116 demonstravimus,

176 2119 307 2182 minime
335 2140 444 2183 omnes
475 2117 628 2182 Germani
658 2119 870 2204 agriculturae
900 2119 1041 2200 student,
1066 2139 1139 2186 con·

177 2205 279 2267 stituit
299 2225 362 2268 non
405 2203 533 2288 rogredi
550 2202 604 2268 lon
630 2205 692 2287 'us3
717 2205 783 2287 sed,
806 2227 847 2268 ne
870 2207 996 2269 omnino
1019 2212 1140 2268 metum

176 2289 296 2353 reditus
320 2289 368 2352 sui
384 2227 535 2352 barbaris
564 2289 692 2354 toleret
713 2299 807 2376 atque
829 2300 994 2366 uteorum
1019 2287 1140 2353 auxilia

176 2375 335 2457 tardaret,
364 2374 494 2452 reducto
524 2377 665 2440 exercitu
694 2386 818 2461 partem
847 2375 988 2439 ultimam
1020 2374 1138 2458 pontis,

177 2484 259 2547 quae
285 2463 371 2546 ripas
399 2460 555 2525 Ubiorum
588 2461 807 2546 contingebat,
840 2461 874 2523 in
907 2459 1139 2544 longitudinem

177 2547 295 2633 pedum
317 2545 525 2611 ducentorum
545 2547 697 2612 rescindit
719 2555 814 2632 atque
835 2547 869 2608 in
885 2553 1026 2608 extremo
1040 2553 1140 2630 ponte

177 2635 291 2697 turrim
312 2629 525 2696 tabulatorum
541 2641 688 2720 quattuor
703 2632 864 2695 constituit
881 2629 1140 2718 praesidiumque

179 2718 355 2782 cohortium
377 2717 544 2783 duodecim
564 2719 669 2805 pontis
694 2716 806 2780 tuendi
835 2737 932 2780 causa
987 2717 1053 2781 cnit
1073 2739 1141 2782 ma·

178 2805 313 2890 gnisque
328 2825 401 2868 eum
414 2803 519 2868 locum
533 2801 757 2868 munitionibus
772 2803 885 2866 firmat.
908 2801 949 2864 Ei
963 2739 1033 2868 loco
1048 2805 1149 2888 prae·

83 2933 85 2936 .
179 2890 321 2975 sidicque
338 2889 453 2954 Gaium
463 2889 644 2954 Volcatium
658 2886 787 2951 Tullum
797 2885 1036 2953 adolescentem
1048 2910 1141 2974 prae·

145 3011 151 3029 2
178 2977 261 3042 fecit.
295 2975 379 3124 Ipse,
402 2998 499 3062 quum
527 2984 741 3039 maturescere
770 2974 929 3038 frumenta
952 2975 1141 3061 inciperent,

179 3062 221 3126 ad
262 3059 383 3126 belum
416 3060 609 3146 Ambiorigis
641 3058 802 3145 profectus
838 3083 896 3146 per
931 3059 1142 3125 Arduennam

180 3147 310 3230 silvam,
342 3169 423 3235 quae
453 3159 500 3210 est
526 3148 621 3211 totius
652 3144 788 3210 Galliae‘
803 3147 944 3209 maxima
970 3155 1065 3232 atquc
1098 3145 1141 3210 ab

178 3235 257 3384 ‘llil
277 3231 887 3384 bliilsfill’uiluisl‘elriil'dil
908 3231 1140 3381 ffguffigg

178 3342 275 3489 pateet,
297 3343 432 3468 Luciudl
452 3341 627 3469 Minudium
644 3340 788 3468 desidum
809 3425 881 3468 cum
895 3340 996 3467 cirurgi¹
998 3403 1141 3489 equitatu

178 3491 360 3588 praemittit,
384 3491 411 3554 si
434 3490 510 3572 quid
533 3489 693 3556 celeritate
718 3489 840 3554 itineris
869 3497 964 3573 atque
993 3495 1141 3573 opportu-
