2490 3974
221 229 284 294 226
527 229 658 293 BELLI
677 227 866 293 AFRICAE

221 403 362 486 equitatu
383 399 509 485 levique
530 408 688 464 armatura
707 421 821 483 agmen
835 398 902 461 eius
918 406 1099 460 extremum
1117 419 1195 462 ear-

219 507 296 571 pere
329 487 433 571 coepit
454 493 548 570 atque
568 485 614 548 ita
641 483 778 548 lixarum
805 492 1090 581 mercatorumque,
1134 485 1195 581 qui

219 569 349 672 plostris
370 593 492 635 merces
513 569 689 654 portabant,
711 568 891 653 interceptis
913 567 1045 631 sarcims
1068 565 1193 632 addito

220 677 325 720 animo
346 657 475 740 propius
497 653 710 738 audaciusque
724 652 847 717 accedit
860 651 902 716 ad
916 651 1068 738 legiones,
1093 651 1192 736 quod

219 739 421 804 existimabat
441 739 557 804 milites
580 737 638 802 snb
661 760 756 802 onere
776 759 815 802 ac
837 736 895 800 snb
924 736 1056 800 sarcinis
1091 735 1189 800 defa-

219 827 334 910 tigatos
356 847 498 910 pugnare
518 846 583 888 uon
603 844 707 908 posse.
730 822 819 902 Quae
841 843 893 885 res
916 820 1090 884 Caesarem
1117 843 1188 884 non

218 909 390 974 fefellerat:
422 931 560 994 namque
582 907 746 994 expeditos
769 929 811 971 ex
840 905 972 992 singulis
993 904 1187 988 legionibus

218 996 357 1059 tricenos
379 993 493 1058 milites
517 1014 587 1056 esse
608 993 754 1057 iusserat.
790 991 900 1076 Itaque
923 990 1031 1055 cosin
1055 991 1185 1074 equita·

218 1088 285 1143 urm
306 1079 441 1142 Labieni
461 1080 621 1141 immissos
643 1079 755 1142 turmis
778 1097 905 1140 suornm
927 1076 1089 1160 suppetias
1107 1076 1184 1137 mit-

218 1166 266 1228 tit
294 1163 376 1227 Tum
396 1163 556 1227 Labienus
589 1164 750 1228 conversis
783 1161 872 1247 equis
905 1161 1067 1244 signorum
1101 1181 1183 1224 con·

218 1257 329 1334 spectu
349 1249 532 1333 perterritus
553 1255 605 1313 tur
627 1249 734 1311 issima
762 1246 873 1332 fugere
899 1243 1069 1308 contendit
1091 1241 1182 1307 Mul·

217 1334 257 1397 tis
280 1335 347 1397 eius
370 1334 492 1414 occisis,
515 1272 727 1419 compluribus
748 1330 923 1396 vulneratis
937 1328 1053 1392 milites
1076 1326 1181 1412 legio-

216 1420 298 1482 narii
319 1417 361 1481 ad
383 1439 441 1481 sua
463 1439 497 1482 se
519 1417 675 1503 recipiunt
696 1417 788 1502 signa
809 1423 903 1501 atque
925 1416 985 1477 iter
1010 1414 1179 1499 inceptum

216 1505 264 1568 ire
285 1510 465 1588 coepenmt.
501 1500 661 1566 Labienus
693 1523 751 1602 per
771 1503 877 1581 iugum
904 1521 1060 1562 summum
1083 1497 1178 1563 collis

217 1587 400 1652 dextrorsus
422 1586 535 1673 procul
556 1588 708 1674 subsequr
728 1609 792 1652 non
814 1585 944 1648 desistit.

281 1673 331 1736 76.
352 1672 524 1758 Postquam
540 1669 659 1738 Caesar
674 1672 716 1738 ad
730 1669 879 1758 oppidum
893 1668 1059 1734 Sassuram
1074 1670 1175 1749 venit,

215 1757 463 1843 inspectantibus
496 1756 688 1822 adversariis
720 1757 886 1822 interfecto
917 1753 1079 1840 praesidio
1107 1753 1174 1818 Sci·

216 1843 328 1928 pionis,
351 1865 448 1926 qnum
470 1844 536 1907 suis
558 1842 712 1908 auxilinm
733 1841 817 1906 ferre
837 1862 902 1904 nou
924 1839 1087 1921 auderent,
1111 1839 1174 1904 for·

216 1930 290 1992 titer
311 1936 508 2013 repugnante
529 1927 565 1991 P.
589 1927 747 2008 Cornelio,
772 1933 903 1992 evocato
925 1923 1095 2010 Scipionis,
1121 1925 1173 2010 qui

215 2012 262 2076 ibi
281 2021 439 2098 praeerat,
463 2022 557 2099 atque
578 2036 599 2077 a
619 2012 817 2078 multitudine
839 2012 1052 2074 circumvento
1075 2011 1172 2073 inter-

213 2097 360 2184 fectoque
381 2097 496 2182 oppido
517 2101 634 2184 potitur
656 2108 749 2184 atque
771 2098 818 2162 ibi
837 2097 993 2160 dumento
1017 2095 1172 2162 exercitui

214 2182 289 2247 dato
303 2191 430 2268 postero
441 2183 493 2247 die
504 2184 546 2249 ad
557 2185 705 2272 oppidum
714 2183 1050 2266 Thisdrampervenit3
1064 2185 1098 2246 in
1132 2207 1171 2247 uc

215 2265 383 2332 Considius
405 2291 463 2353 per
476 2267 510 2333 id
523 2279 646 2357 tempus
667 2271 770 2335 fuerat
791 2291 863 2333 cum
884 2266 997 2353 grandi
1009 2208 1169 2352 pracsidio

214 2351 406 2439 cohorteque
428 2375 486 2417 sna
506 2353 727 2439 gladiatorum.
764 2353 884 2418 Caesar
917 2352 1025 2437 oppidi
1055 2363 1170 2418 natura

212 2447 380 2522 perspecta
401 2459 502 2524 aquae
523 2442 630 2526 inopia
650 2441 691 2505 ab
713 2439 946 2525 oppugnatione
975 2440 1043 2502 eius
1067 2439 1168 2504 deter-

211 2523 292 2586 ritus
313 2524 455 2607 protinus
483 2525 643 2609 profectus
672 2527 800 2590 circiter
830 2523 916 2588 milia
947 2545 1098 2608 passuum
1119 2531 1167 2588 1111

212 2605 255 2671 ad
276 2629 392 2693 aquam
412 2608 487 2672 facit
509 2619 613 2674 castra
635 2620 729 2696 atque
750 2609 825 2674 inde
847 2609 899 2673 die
921 2617 1034 2694 quarto
1063 2633 1167 2694 egres-

213 2714 267 2756 sus
287 2691 371 2756 redit
391 2715 500 2757 rursus
523 2695 564 2758 ad
587 2718 625 2759 ea
652 2706 766 2776 castra,
800 2717 881 2781 quae
914 2693 955 2762 ad
980 2694 1092 2780 Aggar
1112 2695 1165 2760 ha-

211 2776 335 2841 buerat.
372 2777 463 2842 Idem
495 2780 569 2844 facit
599 2781 704 2866 Scipio
734 2789 829 2866 atque
851 2781 886 2844 iu
907 2780 1039 2865 antiqua
1060 2791 1165 2844 castra

212 2863 320 2947 copias
341 2862 474 2936 reducit.

277 2949 326 3011 77.
349 2947 576 3014 Thabenenses
598 2951 734 3033 interim,
758 2952 812 3038 qui
835 2949 893 3014 sub
916 2950 1039 3014 dicione
1061 2960 1093 3015 et
1110 2975 1163 3036 po

211 3041 324 3098 testate
346 3033 444 3099 Iubae
466 3057 536 3100 esse
551 3046 765 3118 consuessent,
787 3038 822 3100 in
837 3043 979 3100 extrema
993 3037 1060 3099 eius
1075 3059 1109 3100 re
1156 3039 1162 3051 '

210 3120 340 3203 regione
362 3121 518 3184 maritima
539 3121 635 3185 locati
655 3121 819 3187 interiecto
840 3122 929 3208 regio
949 3061 1163 3206 praesidiold

210 3213 303 3289 gatos
325 3203 365 3267 ad
389 3203 560 3270 Caesarem
580 3207 715 3288 mittunt,
738 3229 807 3271 rem
822 3229 841 3272 a
856 3215 1026 3291 segestam
1041 3204 1161 3287 docent,

210 3297 322 3373 petunt
344 3298 505 3376 orantque,
539 3300 574 3355 ut
595 3293 660 3355 suis
682 3291 816 3356 fortunis
837 3290 972 3378 populus
994 3292 1161 3372 Romanus,

213 3373 405 3451 quambene
433 3377 537 3439 meriti
570 3385 684 3458 essent,
718 3377 871 3441 auxilium
902 3379 1008 3444 ferret.
1046 3376 1162 3442 Caesar

211 3479 322 3523 eorum
344 3461 474 3526 oonsilio
487 3461 630 3546 ¹probato
649 3462 804 3527 Marcium
827 3462 974 3551 Crispum
1005 3461 1160 3530 tribunum
