2562 3966
178 225 246 289 126
440 225 502 289 DE
523 223 667 290 BELLO
692 223 883 291 GALLIOO

182 417 423 483 sermonemque
452 397 631 482 defugiunt,
664 420 705 461 ne
728 396 803 482 quid
826 418 867 461 ex
889 395 1076 479 contagione
1097 393 1146 456 in·

181 481 339 547 commodi
361 484 526 568 accipiant,
547 503 651 568 neque
672 482 722 545 his
744 480 923 567 petentibus
939 483 988 543 ius
1002 478 1146 542 redditur

180 587 286 652 neque
308 567 407 632 honos
429 568 514 632 ullus
537 569 793 632 communicatur.
837 567 897 630 His
920 575 1024 630 autem
1047 563 1146 629 omni·

180 649 240 714 bus
264 652 428 716 druidibus
445 663 584 739 ‘praeest
604 676 696 735 unus,
726 654 779 738 qui
809 673 962 715 summam
983 652 1067 713 inter
1089 669 1144 713 eos

181 735 278 800 habet
300 741 527 804 auctoritatem.
561 739 634 803 Hoc
655 747 778 804 mortuo
797 747 859 818 aut,
883 738 910 799 si
933 737 987 822 qui
1009 758 1050 799 ex
1071 733 1144 798 reli·

181 823 252 907 quis
276 823 404 887 excellit
434 825 594 910 dignitate,
625 824 775 905 succedit,
800 833 862 904 aut,
892 823 919 886 si
941 831 1014 885 sunt
1035 819 1144 906 plures

180 927 283 992 pares,
308 909 457 994 suffragio
486 910 644 992 druidum,
671 931 909 994 nonnumquam
932 909 1026 970 etiam
1049 907 1144 970 armis

181 991 221 1055 de
250 994 429 1078 principatu
457 995 659 1060 contendunt.
710 995 755 1058 Hi
784 1005 869 1058 certo
896 994 971 1057 anni
1003 1003 1144 1076 tempore

180 1077 215 1140 in
235 1078 351 1142 finibus
374 1079 564 1162 Carnutum,
593 1103 674 1167 quae
702 1082 791 1166 regio
814 1082 908 1144 totius
932 1077 1057 1143 Galliae
1079 1099 1144 1142 me·

181 1161 235 1226 dia
249 1163 392 1246 habetur,
409 1166 577 1231 considunt
591 1167 624 1228 in
636 1167 706 1230 loco
718 1174 914 1230 consecrato.
947 1165 1021 1228 Huc
1032 1185 1143 1227 omnes

180 1247 331 1396 undique,
348 1253 401 1337 qui
418 1252 648 1316 controversias
664 1251 791 1333 habent,
815 1252 1008 1315 conveniunt
1022 1269 1144 1314 eorum·

182 1353 243 1418 que
282 1338 395 1400 eoretie
410 1337 599 1486 iudiciisque
621 1347 743 1422 parent.
770 1336 949 1421 Disciplina
970 1337 1003 1398 in
1018 1334 1144 1398 Britan·

180 1419 235 1481 nia
249 1431 376 1504 reperta
390 1431 484 1507 atque
499 1423 532 1485 in
556 1446 573 1487 e
589 1423 622 1485 in
634 1421 772 1486 Galliam
787 1421 940 1486 translata
951 1442 1021 1485 esse
1037 1417 1144 1483 existi-

180 1513 293 1586 matur,
318 1515 464 1589 etruria,
488 1509 543 1593 qui
566 1507 747 1592 diligentius
767 1531 837 1572 eam
859 1530 928 1570 rem
951 1527 1143 1590 cognoscere
1249 1547 1251 1551 -

180 1587 299 1672 volunt,
345 1591 509 1679 lerumque
531 1593 586 1657 illo
610 1593 753 1658 discendi
775 1615 872 1657 causa
887 1591 1142 1676 proficiscuntur.

246 1676 296 1738 14.
352 1677 459 1741 ruides
482 1701 502 1742 a
523 1678 608 1743 bello
632 1678 745 1744 abesse
767 1687 959 1743 consuerunt
972 1699 1075 1764 neque
1090 1677 1144 1740 tri·

180 1756 258 1824 buta
278 1783 343 1826 una
365 1784 437 1826 cum
459 1763 590 1912 reliquis
619 1765 771 1849 pendunt,
794 1765 924 1828 militiae
945 1765 1144 1829 vacationem

180 1847 383 1932 omniumque
404 1871 510 1913 rerum
550 1849 645 1914 abent
658 1851 898 1914 immunitatem.
932 1849 1042 1913 Tantis
1058 1849 1143 1914 exei-

179 1931 238 1993 tati
259 1935 408 2017 praemiis
431 1938 464 1998 et
485 1957 543 1998 sua
566 1944 677 2083 sponte
688 1935 778 1999 multi
800 1938 832 2000 in
856 1935 1055 2020 disciplinam
1071 1955 1143 2000 con·
1193 1966 1199 1976 ¹

180 2019 313 2080 veniunt
341 2028 373 2081 et
406 2041 425 2082 a
459 2022 645 2105 parentius
680 2023 927 2107 propinquisque
967 2022 1142 2084 mittuntur.

179 2098 332 2186 Magnum
359 2103 404 2168 ibi
429 2125 596 2170 numerum
630 2129 780 2170 versuum
811 2106 952 2170 ediscere
986 2106 1141 2169 dicuntur.

178 2184 292 2273 Itaque
314 2212 414 2254 annos
443 2191 586 2256 nonnulli
612 2193 743 2256 vicenos
771 2191 994 2276 indisciplina
1020 2212 1142 2274 perma-

179 2283 265 2336 nent.
309 2274 421 2360 Neque
443 2276 490 2340 fas
514 2299 584 2340 esse
606 2278 787 2340 existimant
803 2299 842 2340 ea
856 2276 966 2341 litteris
978 2274 1139 2358 mandare,

180 2375 278 2443 quum
310 2361 344 2422 in
376 2360 506 2448 reliquis
535 2362 600 2425 fere
634 2362 744 2444 rebus,
778 2361 914 2447 publicis
946 2361 1141 2446 privatisque

178 2445 355 2510 rationibus
384 2446 516 2512 Graecis
544 2446 657 2510 litteris
679 2456 815 2510 utantur.
860 2445 898 2509 ld
919 2445 996 2508 mihi
1018 2444 1140 2509 duabus

179 2530 220 2594 de
244 2533 347 2595 causis
369 2533 543 2596 instituisse
564 2530 721 2613 videntur,
745 2532 830 2616 quod
844 2554 947 2618 neque
962 2533 995 2593 in
1009 2529 1142 2615 vulgum

179 2614 378 2702 disciplinam
391 2617 495 2680 efferri
506 2615 607 2680 velint
616 2638 721 2702 neque
734 2639 797 2699 eos,
812 2619 866 2703 qui
877 2617 1009 2699 discunt,
1026 2615 1140 2680 litteris

179 2702 316 2767 confisos
338 2704 442 2766 minus
470 2703 641 2766 memoriae
671 2701 814 2785 studere3
839 2702 923 2790 quod
944 2703 1009 2765 sere
1032 2701 1142 2788 pleris-

179 2808 248 2873 que¹
269 2787 397 2869 accidit,
427 2795 463 2850 ut
491 2787 650 2872 praesidio
678 2787 855 2852 litterarum
883 2787 1078 2872 diligentiam
1109 2787 1142 2870 in

178 2872 390 2958 perdiscendo
413 2894 451 2936 ao
472 2874 656 2937 memoriam
685 2875 856 2936 remittant.
900 2873 1059 2957 Imprimis
1082 2871 1142 2936 hoc

178 2959 291 3023 volunt
311 2959 514 3044 persuadere,
536 2980 602 3021 non
622 2959 752 3022 interire
775 2959 905 3041 animas,
929 2957 987 3022 sed
1009 2957 1049 3020 ab
1072 2956 1141 3021 aliis

178 3053 250 3129 post
279 3056 412 3110 mortem
440 3045 575 3108 transire
606 3043 647 3106 ad
676 3042 771 3125 alios,
800 3054 894 3130 atque
917 3043 977 3108 hoc
1003 3042 1141 3106 maxime
1240 3109 1243 3114 ,

179 3129 220 3194 ad
246 3132 396 3194 virtutem
422 3130 555 3194 excitari
606 3138 697 3192 utant
725 3139 811 3196 metu
844 3131 954 3194 mortis
984 3127 1140 3214 neglecto.

177 3213 279 3279 Multa
300 3224 468 3301 praeterea
489 3213 528 3278 de
550 3151 708 3278 sideribus
731 3223 825 3301 atque
847 3236 956 3278 eorum
981 3223 1077 3294 motu,
1101 3211 1141 3276 de

178 3301 289 3364 mundi
311 3323 349 3364 ac
376 3309 533 3364 terrarum
561 3299 788 3385 magnitudine,
820 3300 860 3364 de
889 3321 996 3364 rerum
1017 3307 1139 3380 natura,

178 3385 219 3450 de
249 3385 381 3449 deorum
412 3382 638 3449 immortalium
666 3385 700 3448 vi
729 3406 767 3448 ac
794 3393 951 3471 potestate
981 3383 1141 3469 disputant

178 3481 211 3533 et
230 3471 386 3534 iuventuti
410 3469 545 3533 tradunt.
