2538 3978
178 199 239 264 104
464 201 525 264 DE
546 199 690 266 BELLO
715 201 848 266 CIVILI

176 373 358 459 quotidiana
380 394 477 458 opera
499 373 671 455 addebant3
701 375 755 460 qui
777 383 883 440 tamen
904 370 1006 438 fontes
1029 395 1048 436 a
1070 373 1144 457 qui-

174 457 309 522 busdam
337 458 503 544 praesidiis
533 460 666 523 aberant
695 461 820 545 longius
850 470 881 524 et
909 460 1055 524 celeriter
1084 480 1142 522 ae·

177 545 276 608 stibus
310 544 549 609 exarescebant.
583 545 626 608 At
656 545 804 609 Caesaris
833 547 990 609 exercitus
1017 545 1143 630 optima

175 630 357 694 valetudine
396 652 580 716 summaque
613 653 715 716 aquae
748 632 838 715 copia
869 630 1032 712 utebatur,
1069 638 1142 694 tum

177 725 368 781 commeatus
396 718 482 780 omni
510 737 627 801 genere
656 725 783 802 praeter
814 718 1004 780 frumentum
1038 715 1140 778 abun·

174 800 287 884 dabat3
318 803 432 887 quibus
455 801 472 839 *
496 802 635 887 quotidie
664 801 777 866 melius
807 802 979 886 subgerere
1011 812 1140 902 tempus

172 889 386 1035 mgioremque
419 909 509 972 spem
540 891 720 952 maturitate
752 888 981 952 frumentorum
1001 907 1141 972 propom

171 973 204 1035 vi
227 972 331 1036 ebant.

236 1057 287 1122 50.
310 1058 348 1121 In
370 1081 452 1124 novo
476 1081 592 1144 genere
614 1057 691 1124 belli
718 1081 821 1122 novae
842 1057 883 1123 ab
905 1061 1046 1142 utrisque
1068 1054 1139 1120 bel·

174 1142 259 1206 landi
281 1145 419 1208 rationes
450 1143 699 1228 reperiebantur.
727 1143 787 1226 Illi,
817 1167 914 1230 quum
939 1141 1137 1208 animadver-

172 1229 284 1293 tissent
306 1251 348 1293 ex
370 1230 496 1316 ignibus
518 1240 611 1293 nocte
634 1230 778 1295 cohortes
800 1240 925 1294 nostras
947 1229 990 1292 ad
1010 1228 1138 1290 muniti·

173 1336 249 1378 ones
273 1315 441 1401 excubare,
466 1316 590 1380 silentio
620 1337 661 1400 ag
701 1315 764 1380 essi
791 1316 931 1378 universi
951 1316 1035 1378 intra
1055 1311 1137 1376 mul·

172 1399 339 1464 titudinem
370 1404 499 1486 sagittas
530 1401 662 1466 coniicie
687 1411 742 1464 ant
770 1411 802 1466 et
829 1423 864 1465 se
896 1400 1061 1464 confestim
1093 1397 1137 1462 ad

173 1507 246 1550 suos
268 1486 473 1571 recipiebant.
491 1485 614 1565 Quibus
636 1487 734 1552 rebus
753 1487 853 1553 nostri
874 1508 934 1550 usu
956 1485 1041 1550 docti
1054 1484 1136 1548 haec

172 1571 375 1656 reperiebant
399 1573 548 1654 remedia,
577 1581 613 1635 ut
635 1573 697 1638 alio
725 1570 793 1638 loco
823 1572 913 1656 ignes
940 1572 1082 1636 facerent
1126 1616 1134 1632 .

234 1741 273 1806 51
298 1742 429 1808 Interim
445 1747 559 1809 certior
573 1744 674 1809 factus
688 1743 725 1807 P.
740 1742 838 1824 Sulla,
855 1765 949 1828 quem
964 1741 1134 1806 discedens

171 1831 283 1892 castris
305 1830 502 1914 praefecerat
525 1829 652 1911 Caesar,
677 1828 795 1893 auxilio
818 1827 939 1894 cohorti
960 1829 1048 1894 venit
1062 1847 1134 1890 oum

170 1913 346 1998 legionibus
370 1916 506 1997 duabus3
530 1917 619 1980 cuius
641 1915 780 1980 adventu
802 1910 896 1978 facile
920 1925 992 1978 sunt
1013 1911 1134 1997 repulsi

170 1999 362 2085 Pompeiani.
399 2002 511 2087 Neque
547 2024 624 2066 vero
658 2010 863 2086 conspectum
895 2010 950 2063 aut
981 2000 1133 2084 impetum

170 2095 350 2150 nostrorum
382 2087 533 2170 tulerunt,
571 2088 682 2171 primis
705 2109 745 2150 ue
782 2085 912 2150 deiectis
946 2085 1060 2170 reliqui
1096 2105 1132 2148 sc

170 2181 333 2234 verterunt
356 2182 387 2235 et
409 2173 477 2237 loco
501 2193 652 2236 cesserun
667 2109 763 2237 .qSed
777 2172 980 2256 insequentes
997 2179 1130 2249 nostros,

169 2277 210 2318 ne
231 2255 356 2341 longius
384 2269 661 2344 prosequerentur,
689 2257 778 2322 Sulla
807 2258 978 2322 revocavit.
1001 2255 1045 2318 At
1065 2253 1131 2338 ple·

169 2341 258 2426 rique
281 2344 471 2426 existimant,
496 2345 523 2408 si
550 2345 655 2409 acrius
682 2345 806 2428 insequi
828 2341 989 2423 voluisset,
1012 2340 1131 2406 bellum

169 2447 206 2490 so
218 2426 269 2491 die
281 2431 421 2512 potuisse
433 2432 532 2494 finire.
547 2428 645 2494 Ouius
657 2429 822 2494 consilium
836 2426 1132 2513 reprehendendum
1247 2467 1248 2478 t

168 2533 230 2576 non
260 2513 393 2578 videtur.
437 2515 529 2580 Aliae
557 2517 642 2580 enim
671 2525 743 2582 sunt
772 2514 869 2598 legati
899 2521 1006 2600 partes
1037 2520 1130 2598 atque

167 2598 380 2683 imperatoris:
404 2599 485 2664 alter
500 2603 604 2666 omnia
626 2614 722 2685 a'gere
737 2600 777 2664 ad
800 2601 1035 2684 praescriptum,
1052 2595 1130 2660 alter
1246 2603 1247 2610 ’

169 2681 269 2748 libere
292 2685 333 2748 ad
360 2707 515 2750 summam
544 2709 648 2751 rerum
672 2685 836 2752 consulere
864 2685 967 2749 debet.
1001 2681 1130 2749 Sullas
1246 2751 1247 2760 χ

169 2767 309 2836 Caesare
341 2774 452 2835 eastris
481 2772 610 2837 relictus
640 2772 780 2838 liberatis
808 2774 872 2837 suis
895 2771 1036 2836 hocfuit
1057 2789 1128 2832 con·

169 2863 271 2919 tentus
286 2879 390 2944 ncque
404 2858 526 2942 proelio
542 2859 706 2922 decertare
721 2857 831 2941 voluit,
855 2877 936 2944 quae
957 2879 1009 2920 res
1024 2864 1128 2921 tamen

167 2940 300 3006 fortasse
330 2943 468 3030 aliquem
501 2946 658 3029 reciperet
691 2965 808 3023 casum,
841 2967 882 3007 ne
911 2940 1127 3027 imperatorias

166 3025 227 3089 sibi
249 3037 354 3112 partes
378 3031 550 3114 sumpsisse
572 3030 742 3096 videretur.
765 3031 966 3114 Pompeianis
982 3045 1127 3110 magnam
1245 3029 1246 3036 ἵ

166 3133 217 3174 res
240 3113 282 3177 ad
303 3124 466 3199 receptum
488 3115 704 3180 difficultatem
727 3116 890 3181 afferebat
923 3113 1005 3178 Nam
1027 3133 1069 3176 ex
1083 3111 1127 3174 in·

165 3198 239 3284 iquo
266 3202 428 3286 progressi
455 3200 525 3266 loeo
553 3203 588 3264 in
617 3224 740 3266 summo
769 3204 986 3268 constiterant:
1024 3199 1128 3282 siper

165 3283 288 3348 declive
318 3307 388 3349 sese
417 3287 604 3372 reciperent,
632 3299 758 3352 nostros
788 3310 830 3370 ex
859 3290 1023 3373 superiore
1044 3288 1127 3350 inse-

165 3379 297 3452 quentes
313 3369 382 3436 loco
397 3373 604 3455 verebantur3
626 3395 730 3458 neque
746 3371 880 3437 multum
894 3376 935 3439 ad
949 3374 1024 3441 solis
1040 3395 1127 3437 ocea-

164 3473 235 3514 sum
249 3459 399 3540 temporis
421 3468 599 3544 supererat:
624 3481 680 3544 spe
703 3461 787 3523 enim
809 3459 997 3526 conficiendi
1011 3460 1130 3544 negotii
