2490 3974
205 265 268 331 208
514 264 857 354 saturaremur

208 459 275 518 suo,
308 439 413 522 prima
432 441 571 526 equestri
592 437 753 500 turmatim
775 436 897 502 directa
926 438 1183 528 elephantisque

207 523 329 586 turritis
352 524 418 586 inte
458 525 545 587 ositis
568 523 771 607 armatisque,
794 524 956 608 suppetias
971 525 1018 588 ire
1042 537 1184 592 conten-

206 607 261 672 dit.
306 607 399 686 Quod
420 632 442 673 u
464 611 475 672 i
498 607 620 672 Caesar
641 607 872 688 animadvertit,
896 608 1071 674 arbitratus
1105 611 1180 675 Sci·

206 695 333 778 pionem
356 693 397 756 ad
420 693 632 757 dimicandum
663 701 808 776 paratum
830 693 928 758 adse
951 705 1038 760 certo
1063 697 1181 760 animo

205 780 325 859 venire,
362 780 395 842 in
418 801 455 843 eo
478 777 559 859 loco,
598 799 660 862 quo
693 776 788 862 paulo
811 786 884 842 ante
912 784 1180 864 commemoravi,

206 873 279 930 ante
302 863 451 948 oppidum
473 863 612 928 constitit
621 908 721 926 ......
738 883 891 948 suamque
906 865 1006 928 aciem
1028 865 1178 930 mediam

206 972 243 1016 ec
266 948 380 1034 oppido
402 950 498 1030 texit3
532 946 681 1012 dextrum
717 948 942 1035 sinistrumque
965 971 1076 1032 cornu,
1116 951 1178 1015 ubi

205 1034 366 1120 elephanti
388 1042 486 1114 erant,
519 1033 553 1096 in
575 1041 748 1117 conspectu
770 1035 891 1117 patenti
913 1034 1177 1100 adversariorum

206 1120 374 1184 constituit.

268 1205 320 1267 42.
344 1203 449 1283 Quum
471 1205 535 1268 iam
556 1225 659 1288 prope
692 1201 769 1266 solis
798 1225 945 1270 occasum
969 1203 1094 1279 Caesar
1117 1229 1176 1270 ex·

205 1290 412 1375 spectavisset
432 1311 536 1436 neque
558 1309 599 1352 ex
621 1309 659 1352 eo
682 1285 762 1370 loce,
798 1309 859 1372 quo
882 1291 1078 1374 constiterat,
1104 1291 1175 1356 Sci-

204 1377 332 1461 pionem
353 1397 470 1459 pregre
494 1376 504 1436 i
525 1375 655 1458 propius
679 1395 713 1436 se
735 1373 1012 1440 animadvertisset
1033 1374 1175 1463 locoque

206 1483 240 1524 se
263 1461 364 1545 magis
387 1459 566 1539 defendere,
591 1460 618 1522 si
639 1479 692 1522 res
707 1461 873 1544 coegisset,
898 1482 991 1546 quam
1004 1461 1039 1524 in
1054 1483 1174 1548 campo

206 1547 379 1610 comminus
402 1547 575 1608 consistere
598 1544 726 1625 audere,
749 1567 813 1608 non
836 1553 885 1608 est
905 1547 975 1610 visa
997 1547 1080 1609 ratio
1096 1570 1174 1632 pro-

204 1633 275 1717 pius
309 1629 481 1696 accedendi
514 1651 551 1694 eo
585 1629 636 1692 die
669 1629 710 1692 ad
744 1629 904 1715 oppidum,
942 1633 1093 1716 quoniam
1124 1632 1172 1696 ibi

203 1716 396 1802 praesidium
417 1715 539 1800 grande
571 1713 779 1779 Numidarum
802 1737 873 1778 esse
896 1727 1092 1802 cognoverat
1113 1717 1171 1782 hc

180 1812 330 1888 stesque
352 1801 489 1864 mediam
511 1801 612 1864 aciem
635 1821 727 1865 suam
759 1800 876 1899 oppido
909 1804 1027 1866 texisse
1049 1811 1084 1866 et
1107 1803 1171 1866 sibi

204 1886 331 1952 difficile
352 1886 438 1949 factu
466 1907 536 1954 esse
568 1883 726 1949 intellexit
759 1885 852 1948 srmul
875 1895 907 1949 et
927 1887 1080 1972 oppidum
1103 1910 1170 1952 uno

204 1985 344 2058 tempore
377 1992 561 2056 oppugnare
585 1972 671 2034 etin
693 1971 761 2034 acie
788 1971 822 2035 in
852 1993 951 2036 cornu
983 1971 1099 2038 dextro
1131 1995 1171 2036 ac

204 2061 330 2124 sinistro
353 2079 394 2119 ex
414 2057 571 2140 iniquiore
594 2055 663 2120 loco
679 2077 831 2142 pugnare,
854 2059 1045 2141 praesertim
1069 2080 1170 2142 quum

204 2144 355 2210 militesa
376 2163 469 2208 mane
492 2141 556 2206 dier
577 2143 676 2204 reruni
698 2140 757 2204 sub
780 2142 876 2204 armis
899 2143 1061 2206 stetissent
1082 2143 1170 2207 defa-

203 2231 302 2315 tigati.
339 2228 450 2311 Itaque
473 2226 610 2290 reductis
634 2229 699 2291 suis
722 2228 819 2311 copiis
846 2228 880 2290 in
910 2237 1014 2292 castra
1035 2227 1169 2312 p'ostero

204 2315 255 2378 die
276 2314 405 2399 propius
429 2333 537 2376 eorum
559 2312 662 2376 aciem
679 2313 827 2378 ,instituit
860 2314 1063 2400 exporrigere
1098 2336 1169 2376 mu-

202 2400 348 2462 uitiones.

267 2486 317 2548 43.
339 2485 469 2548 Interim
499 2482 678 2563 Considius
710 2485 764 2568 qui
793 2482 929 2548 Acillam
951 2531 959 2546 .
983 2533 990 2547 .
1014 2531 1021 2546 .
1047 2493 1080 2546 et
1102 2492 1168 2546 Vffl

204 2569 384 2634 cohortibus
407 2569 620 2654 stipendiariis
642 2567 786 2632 Numidis
810 2567 1015 2654 Gaetulisque
1038 2568 1169 2632 obside-

202 2655 267 2736 bat,
279 2655 334 2718 ubi
346 2654 383 2719 O.
394 2655 530 2718 Messius
543 2653 724 2718 cohortibus
735 2663 888 2739 praeerat,
902 2655 955 2718 diu
966 2652 1103 2718 multum
1127 2677 1170 2719 ue

202 2750 352 2825 expertus
381 2741 567 2825 magnisque
597 2737 746 2824 operibus
777 2762 872 2826 saepe
903 2739 1036 2803 admotis
1060 2750 1095 2802 et
1105 2677 1169 2804 his

202 2825 242 2888 ab
273 2825 437 2910 oppidanis
466 2826 603 2889 incensis
633 2846 729 2910 quum
757 2827 925 2910 proficeret
946 2823 1034 2907 nihil,
1058 2823 1168 2888 subito

201 2913 311 2976 nuntio
327 2911 366 2974 de
389 2911 528 2995 equestri
550 2909 671 2994 proelio
686 2909 781 2975 allato
797 2920 971 2975 commotus
993 2909 1167 2991 frumento,
1218 2923 1219 2940 ³

202 2999 289 3060 cinus
312 2999 345 3059 in
368 2997 479 3060 castris
502 2996 625 3080 copiam
647 2994 810 3077 habuerat,
826 2997 966 3078 incenso,
989 2997 1074 3076 vinc,
1093 2995 1167 3060 oleo
1218 3039 1219 3052 ι

201 3083 314 3144 ceteris
337 3104 377 3146 ue
399 3080 504 3162 rebus,
529 3102 610 3165 quae
633 3081 675 3144 ad
695 3081 812 3144 victum
827 3083 935 3165 parari
957 3079 1068 3162 solent,
1095 3101 1165 3145 ccr-

200 3168 302 3251 ruptis
313 3105 459 3248 llcillam,
476 3187 570 3251 quarn
585 3163 760 3247 obsidebat,
777 3166 916 3230 deseruit
931 3175 1024 3251 atque
1047 3166 1167 3230 itinere

200 3273 258 3336 per
274 3274 410 3336 regnum
431 3250 529 3315 Iubae
551 3250 634 3314 facto
650 3252 758 3336 copias
774 3273 845 3317 curn
860 3250 1009 3338 Scipione
1024 3255 1165 3336 partitus

200 3336 411 3401 Adrumetum
433 3359 468 3400 se
489 3337 619 3420 recepit.

263 3422 314 3486 44.
337 3421 465 3485 Interea
486 3443 527 3486 ex
543 3421 682 3486 secundo
698 3431 883 3504 commeatu,
907 3446 1001 3509 quem
1016 3445 1036 3486 a
1051 3421 1166 3488 Sicilia

202 3507 331 3570 miserat
352 3505 495 3590 Alienus,
517 3507 609 3570 navis
632 3531 704 3590 una,
726 3509 760 3570 in
782 3530 845 3593 qua
865 3509 968 3572 fuerat
990 3507 1029 3588 Q.
1054 3505 1166 3572 Comi·
