2534 3970
200 219 242 286 34
454 218 516 282 DE
537 219 680 286 BELLO
704 219 895 286 GALLICO

200 390 435 472 cumdederunt,
459 413 500 454 ne
523 413 585 476 qua
608 413 679 476 spes
702 392 736 454 in
750 393 825 478 fuga
839 391 1081 478 relinqueretur.
1104 397 1153 462 Eo
1251 397 1252 466 ³

198 475 347 541 mulieres
358 478 584 561 imposuerunt,
601 499 681 560 quae
698 477 731 538 in
746 476 901 562 proelium
914 481 1153 563 proficiscentes

198 563 300 646 passis
322 560 467 624 manibus
490 560 601 624 flentes
623 561 850 646 implorabant,
880 585 921 626 ne
944 587 978 628 se
1000 567 1033 629 in
1055 569 1153 630 servi·

198 656 295 710 tutem
317 646 465 709 Romanis
487 646 655 710 traderent.

262 731 314 796 52.
349 730 468 795 Caesar
497 731 629 815 singulis
659 731 834 816 legionibus
864 733 1003 818 singulos
1031 737 1152 836 legatos

199 827 230 880 et
252 826 451 901 quaestorem
473 819 636 902 praefecit,
659 819 705 880 uti
729 839 783 883 eos
805 826 902 882 testes
925 842 1000 884 suae
1019 843 1152 908 quisque
1251 851 1252 882 r

199 903 322 966 virtutis
344 901 488 983 haberet3
511 903 580 986 ipse
596 924 615 963 a
638 903 747 966 dextro
767 925 874 986 cornu,
898 904 982 990 quod
997 927 1064 968 eam
1081 929 1152 992 par-

199 997 262 1050 tem
291 988 418 1050 minime
451 987 574 1050 firmam
610 987 745 1052 hostium
778 1011 849 1052 esse
879 990 1152 1074 animadverterat,

220 1072 352 1137 roelium
375 1073 538 1136 commisit.
561 1072 610 1134 Ita
631 1075 731 1136 nostri
749 1074 863 1137 acriter
882 1076 916 1137 in
940 1074 1046 1139 hostes
1063 1078 1152 1160 signo

240 1167 271 1222 to
300 1158 452 1242 impetum
479 1157 631 1238 fecerunt,
653 1157 759 1242 itaque
788 1157 893 1223 hostes
916 1179 1046 1244 repente
1072 1160 1152 1224 cele-

198 1244 336 1329 riterque
348 1253 579 1328 procurremmt,
603 1251 637 1304 ut
660 1243 794 1327 spatium
816 1243 882 1328 pila
902 1246 936 1307 in
957 1245 1063 1309 hostes
1079 1267 1152 1310 con-

198 1327 326 1391 iiciendr
352 1349 415 1390 non
434 1326 571 1390 daretur.
605 1327 741 1392 Reiectis
761 1327 834 1413 pilis
851 1331 1022 1393 comminus
1038 1329 1152 1414 gladiis
1251 1339 1252 1342 ’

199 1422 372 1498 pugnatum
394 1422 450 1475 est.
475 1411 517 1475 At
539 1411 689 1476 Germani
712 1411 855 1476 celeriter
870 1437 911 1476 cx
927 1415 1152 1480 consuetudine

199 1520 256 1562 sua
283 1497 440 1582 phalange
467 1497 550 1560 facta
576 1499 711 1582 impetus
738 1497 916 1582 gladiorum
949 1499 1151 1584 exceperunt.

198 1583 326 1668 Reperti
356 1594 427 1646 sunt
455 1581 632 1667 complures
662 1585 761 1648 nostri
787 1583 915 1665 milites,
940 1586 993 1670 qui
1020 1587 1053 1648 in
1076 1586 1151 1670 pha-

199 1667 309 1752 langas
331 1667 489 1732 insilirent
510 1678 542 1731 et
564 1677 657 1730 scuta
673 1667 819 1732 manibus
841 1669 1031 1735 revellerent
1046 1679 1077 1734 et
1099 1671 1152 1734 de-

199 1775 295 1839 super
316 1752 530 1818 vulnerarent.
576 1752 682 1831 Quum
710 1752 847 1817 hostium
869 1755 954 1818 acics
977 1777 997 1818 a
1026 1757 1152 1822 sinistro

199 1860 297 1903 cornu
317 1837 411 1923 pulsa
433 1848 527 1924 atque
548 1839 581 1901 in
604 1838 710 1922 fugam
727 1861 882 1902 conversa
897 1848 989 1920 esset,
1006 1863 1025 1904 a
1040 1840 1152 1905 dextro

198 1945 297 1986 cornu
317 1923 522 1989 vehementer
543 1921 742 1988 multitudine
757 1946 884 1986 suorum
898 1937 1038 1988 nostram
1053 1928 1152 1990 aciem

197 2007 393 2093 premebant.
416 2008 454 2071 ld
468 2030 565 2094 quum
580 2009 854 2074 animadvertisset
867 2008 998 2074 Publius
1016 2009 1152 2074 Crassus

199 2092 393 2174 adolescens,
418 2095 472 2178 qui
499 2095 649 2178 equitatui
676 2104 838 2179 praeerat,
890 2095 953 2157 uod
976 2096 1153 2180 expeditior

200 2187 268 2242 erat
297 2200 391 2266 quam
420 2179 456 2259 ii,
487 2180 540 2263 qui
561 2180 643 2242 inter
665 2181 764 2242 aciem
787 2201 881 2244 versa
905 2190 1004 2261 antur,
1028 2184 1153 2246 tertiam

199 2265 299 2326 aciem
320 2262 535 2328 laborantibus
556 2265 671 2328 nostris
693 2264 832 2329 subsidio
854 2266 948 2328 misit.
965 2319 969 2340 ,

262 2349 313 2412 53.
351 2349 400 2412 Ita
427 2349 581 2434 proelium
612 2351 790 2413 restitutum
825 2359 886 2431 est,
921 2362 952 2412 at
973 2373 1014 2414 ue
1044 2374 1152 2416 ornnes

198 2433 304 2497 hostes
323 2443 413 2520 terga
428 2444 590 2500 ve1te1unt
603 2457 707 2521 neque
721 2437 809 2520 prius
831 2435 940 2520 surgere
954 2374 1151 2519 destiterunt,

200 2540 293 2604 quam
316 2518 357 2582 ad
378 2519 494 2582 flumen
518 2519 661 2584 Rhenum
684 2521 772 2585 milia
793 2542 943 2605 passuum
967 2543 1007 2584 ex
1030 2543 1066 2586 eo
1082 2520 1151 2585 loco

200 2605 324 2667 circiter
346 2605 573 2690 quinquaginta
594 2617 816 2690 pervenerunt.
855 2605 905 2669 Ibi
926 2609 1077 2691 perpauci
1100 2617 1153 2670 aut

199 2688 319 2752 viribus
342 2689 453 2754 confisi
474 2699 599 2754 tranare
622 2692 850 2755 contenderunt
872 2700 927 2754 aut
945 2690 1090 2754 lintribus
1106 2693 1149 2755 in-

199 2775 301 2838 ventis
324 2772 384 2837 sibi
406 2774 538 2839 salutem
552 2787 745 2861 repererunt.
768 2777 807 2839 In
822 2777 869 2840 his
891 2776 950 2840 fuit
963 2775 1151 2858 Ariovistus,

200 2861 254 2945 qui
275 2860 454 2924 naviculam
476 2860 645 2946 deligatam
667 2861 708 2926 ad
729 2863 829 2946 ripam
852 2872 963 2926 nactus
990 2883 1028 2925 ea
1049 2861 1151 2946 profu·

199 2947 260 3092 git:
282 2943 420 3030 reliquos
451 2966 559 3010 omnes
590 2948 729 3031 equitatu
755 2949 914 3011 consecuti
936 2950 1038 3026 nostri
1059 2949 1152 3011 inter-

212 3039 349 3094 ecerunt
371 3029 464 3094 Duae
485 3031 613 3095 suerunt
640 3031 791 3098 Ariovisti
812 3053 938 3113 uxores,
960 3054 1025 3094 una
1046 3031 1154 3096 Sueba

198 3116 336 3198 natione,
350 3137 443 3200 quam
452 3115 543 3179 domo
556 3139 661 3182 secum
671 3118 814 3199 duxerat,
827 3117 926 3180 altera
932 3117 1055 3197 Norica,
1067 3118 1152 3200 regis

199 3201 362 3264 Vnctionis
378 3223 475 3283 soror,
500 3224 593 3287 quam
613 3203 646 3266 in
667 3202 773 3268 Gallia
787 3203 921 3267 duxerat
935 3225 955 3265 a
968 3203 1064 3266 fiatre
1079 3205 1152 3264 mis·

200 3308 282 3348 sam:
305 3295 438 3371 utraque
449 3287 482 3348 in
498 3309 536 3350 ea
550 3287 626 3372 fuga
640 3290 810 3373 perierunt.
831 3288 924 3351 Duae
935 3287 1019 3350 filiae
1032 3287 1151 3369 harum,

199 3370 298 3438 altera
320 3371 432 3453 occisa,
456 3370 556 3438 altera
584 3383 678 3458 capta
699 3383 754 3437 est.
789 3372 887 3437 Gaius
909 3371 1055 3436 Valerius
1078 3373 1153 3436 Pro·

199 3455 300 3538 cillus,
317 3478 413 3542 quum
428 3477 447 3518 a
462 3456 642 3522 custodibus
658 3459 690 3522 in
705 3461 780 3543 fuga
790 3459 880 3522 trinis
894 3461 1013 3522 catenis
1028 3460 1153 3522 vincare
