2538 3978
190 237 252 304 116
476 235 538 300 DE
559 235 703 302 BELLO
727 235 861 302 civim

188 410 321 496 tigisset
348 416 383 474 ut
415 407 637 473 detrimentum
663 409 697 472 in
725 406 844 474 bonum
876 417 1023 494 verteret,
1056 419 1089 474 at
1110 433 1158 476 ue

189 495 243 646 qqi
286 502 359 560 ante
403 492 553 558 dimicare
595 494 782 576 timuissent,
826 491 908 559 ultro
951 517 986 560 se
1028 515 1107 581 prce
1123 496 1157 560 'o

189 589 347 646 cement.
850 641 853 658 ,

254 665 303 732 74.
326 665 397 729 Hac
436 663 544 728 habita
587 665 737 729 concione
777 663 946 730 nonnullos
982 665 1155 752 signiferos

186 751 361 838 ignominia
381 752 503 814 notavit
529 771 567 814 ac
598 749 668 816 loco
700 751 806 816 movit.
839 749 993 814 Exercitu
1022 750 1153 838 quidem

189 836 276 902 omni
297 844 403 900 tantm
424 836 554 900 incessit
569 857 609 900 ex
629 831 828 914 incommodo
851 835 941 901 dolor
962 845 1153 922 tantumque

188 922 327 986 studium
358 920 506 986 infamiae
534 919 732 1000 sarciendae,
762 928 797 984 ut
824 943 918 988 nemo
948 931 1003 986 aut
1030 921 1153 987 tribuni

188 1015 242 1072 aut
264 1006 455 1071 centurionis
482 1005 869 1092 imperium-desideraret,
893 1016 924 1070 et
939 1006 1000 1071 sibi
1015 1008 1153 1094 quisque

188 1093 284 1157 etiam
305 1112 428 1178 poenae
455 1089 525 1156 loco
553 1091 717 1176 graviores
746 1091 922 1176 imponeret
949 1091 1084 1175 labores,
1107 1094 1153 1156 si·

187 1177 317 1263 mulque
347 1197 455 1240 omnes
484 1175 631 1241 arderent
661 1177 831 1262 cupiditate
853 1176 1026 1262 pugnandi,
1051 1199 1151 1264 quum

188 1263 359 1348 superioris
398 1263 493 1326 etiam
530 1262 650 1326 ordinis
683 1261 826 1327 nonnulli
861 1264 981 1328 ratione
1013 1265 1153 1348 permoti

188 1345 380 1412 manendum
413 1369 450 1412 eo
483 1346 552 1411 loco
586 1356 618 1412 et
645 1369 714 1410 rem
742 1347 862 1433 proelio
891 1347 1152 1412 committendam

188 1433 415 1497 existimarent.
440 1431 559 1497 Contra
579 1454 618 1496 ea
641 1433 760 1498 Caesar
780 1455 882 1519 neque
906 1437 981 1498 satis
997 1433 1152 1498 militibus

187 1519 365 1604 perterritis
395 1517 573 1582 confidebat
603 1519 800 1605 spatiumque
822 1518 1084 1604 interponendum
1106 1519 1152 1584 ad

186 1603 378 1668 recreandos
400 1604 522 1667 animos
550 1601 692 1689 putabat,
723 1618 752 1668 et
778 1603 896 1668 relictis
918 1602 1148 1694 munitionibus

186 1710 380 1774 magnopere
401 1689 450 1752 rei
471 1689 696 1752 frumentariae
718 1688 858 1754 timebat.

232 1853 235 1860 ¹
251 1774 301 1838 75.
323 1775 436 1860 Itaque
450 1773 539 1838 nulla
552 1775 738 1859 interposita
756 1797 846 1839 mora
860 1776 1037 1840 sauciorum
1053 1771 1149 1840 modo

186 1869 218 1926 et
239 1882 407 1945 aegrorum
432 1857 540 1924 habita
567 1861 690 1924 ratione
719 1859 944 1946 impedimenta
971 1861 1077 1924 omnia
1104 1861 1148 1923 si·

185 1944 283 2010 lentio
304 1946 408 2032 prima
427 1954 520 2010 nocte
542 1967 585 2008 ex
611 1947 723 2010 castris
745 1944 946 2030 Apolloniam
968 1946 1148 2032 praemisit.

184 2029 288 2097 Haec·
305 2030 529 2118 conquiescere
559 2039 632 2096 ante
653 2033 713 2095 iter
740 2030 916 2094 confectum
937 2033 1046 2096 vetuit.
1083 2029 1148 2094 His

185 2137 250 2186 una
275 2116 358 2202 legio
387 2118 485 2180 missa
510 2115 667 2201 praesidio
698 2126 754 2180 est.
784 2115 844 2181 His
867 2115 1023 2202 explicitis
1045 2115 1145 2181 rebus

189 2201 268 2266 duas
289 2202 323 2266 in
345 2202 458 2266 castris
481 2200 621 2285 legiones
648 2202 786 2284 retinuit,
808 2201 946 2286 reliquas
970 2201 1009 2264 de
1032 2211 1148 2286 quarta

185 2285 297 2370 vigilia
312 2285 525 2372 compluribus
539 2287 639 2371 portis
655 2287 785 2352 eductas
801 2285 911 2352 codem
925 2287 1038 2350 itinere
1053 2309 1146 2372 prae·

185 2373 271 2436 misit
292 2394 454 2457 parvoque
482 2373 582 2458 spatio
610 2372 798 2454 intermisso,
827 2382 861 2436 ut
889 2381 921 2438 et
941 2371 1077 2436 militare
1098 2373 1145 2434 in·

186 2457 328 2522 stitutum
351 2465 538 2538 servaretur,
561 2466 593 2521 et
615 2479 709 2543 quam
731 2459 888 2523 serissime
902 2458 968 2522 eius
990 2456 1145 2542 profectio

186 2552 437 2628 cognosceretur,
468 2541 658 2610 conclamari
685 2545 777 2608 iussit
803 2545 969 2628 statimque
996 2563 1144 2627 egressus

185 2635 217 2694 et
238 2629 444 2692 novissimum
474 2650 588 2712 agmen
617 2638 804 2694 consecutus
831 2627 977 2694 celeriter
1003 2650 1045 2692 ex
1072 2648 1144 2692 con—

185 2722 298 2799 spectu
335 2721 509 2778 castrorum
538 2713 693 2780 discessit.
726 2713 837 2800 Neque
869 2736 946 2784 vero
973 2713 1145 2797 Pompeius

186 2800 312 2884 cognito
335 2798 467 2864 consilio
489 2800 556 2864 cius
578 2821 697 2864 moram
724 2799 822 2864 ullam
851 2799 892 2864 ad
912 2796 1144 2885 insequendum

93 2896 95 2902 '
182 2883 301 2966 intulit3
325 2884 382 2950 sed
403 2907 442 2948 ea
462 2884 589 2948 demum
612 2894 767 2969 spectans,
792 2884 819 2948 si
840 2885 952 2950 itinere
973 2881 1145 2969 impeditos

182 2969 366 3056 perterritos
390 2969 626 3056 deprehendere
651 2982 769 3056 posset,
792 2971 967 3034 exercitum
989 2991 1006 3032 e
1029 2968 1143 3031 castris

185 3053 295 3120 eduxit
317 3077 335 3119 e
357 3057 551 3142 uitammque
565 3057 729 3142 praemisit
750 3055 794 3120 ad
805 3057 1011 3121 novissimum
1027 3075 1144 3138 agmen

183 3078 412 3221 demorandum
440 3163 543 3226 neque
576 3143 727 3227 consequi
758 3142 868 3227 potuit,
899 3140 982 3227 quod
1008 3138 1144 3202 multum

183 3225 331 3312 expedito
353 3227 466 3304 itinere
488 3236 702 3292 antecesserat
717 3226 844 3292 Caesar.
868 3225 932 3291 Sed
948 3247 1042 3312 quum
1064 3245 1139 3288 ven·
1247 3235 1248 3302 ξ

182 3320 249 3376 tum
272 3321 356 3376 esset
371 3311 411 3376 ad
426 3311 543 3378 flumen
559 3311 731 3396 Genusum,
755 3312 840 3399 quod
861 3313 937 3398 ripis
961 3319 1028 3375 erat
1041 3309 1142 3394 impe·

183 3395 265 3478 ditis,
296 3406 481 3462 consecutus
511 3399 666 3484 equitatus
695 3398 895 3471 nouissimos¹
913 3395 1033 3482 proelio
1062 3393 1142 3458 deti—

183 3479 288 3546 nebat.
310 3481 395 3546 Huic
417 3505 490 3549 suos
514 3482 633 3578 Caesar
652 3485 773 3571 equites
796 3485 940 3570 opposuit
963 3477 1142 3568 expeditos·
