<?xml version="1.0" encoding="UTF-8"?>
<!DOCTYPE html PUBLIC "-//W3C//DTD XHTML 1.0 Transitional//EN"
    "http://www.w3.org/TR/xhtml1/DTD/xhtml1-transitional.dtd">
<html xmlns="http://www.w3.org/1999/xhtml" xml:lang="en" lang="en">
 <head>
  <title>
</title>
<meta http-equiv="Content-Type" content="text/html;charset=utf-8" />
  <meta name='ocr-system' content='tesseract 3.04.00' />
  <meta name='ocr-capabilities' content='ocr_page ocr_carea ocr_par ocr_line ocrx_word'/>
</head>
<body>
  <div class='ocr_page' id='page_1' title='image "./ciuliicaesarisc01hirtgoog_0220.png"; bbox 0 0 2532 3968; ppageno 0'>
   <div class='ocr_carea' id='block_1_1' title="bbox 352 275 1089 344">
    <p class='ocr_par' dir='ltr' id='par_1_1' title="bbox 352 275 1089 344">
     <span class='ocr_line' id='line_1_1' title="bbox 352 275 1089 344; baseline 0.004 -3"><span class='ocrx_word' id='word_1_1' title='bbox 352 275 489 342; x_wconf 77' lang='lat' dir='ltr'><strong>COMM.</strong></span> <span class='ocrx_word' id='word_1_2' title='bbox 510 278 589 343; x_wconf 83' lang='lat' dir='ltr'>VIII</span> <span class='ocrx_word' id='word_1_3' title='bbox 612 277 705 343; x_wconf 83' lang='lat' dir='ltr'><strong>OAP.</strong></span> <span class='ocrx_word' id='word_1_4' title='bbox 730 278 865 344; x_wconf 81' lang='lat'><strong>12-16.</strong></span> <span class='ocrx_word' id='word_1_5' title='bbox 1028 278 1089 344; x_wconf 84' lang='lat'>199</span> 
     </span>
    </p>
   </div>
   <div class='ocr_carea' id='block_1_2' title="bbox 130 448 1091 599">
    <p class='ocr_par' dir='ltr' id='par_1_2' title="bbox 130 448 1091 599">
     <span class='ocr_line' id='line_1_2' title="bbox 130 448 1091 599; baseline 0.002 -85"><span class='ocrx_word' id='word_1_6' title='bbox 130 452 480 540; x_wconf 86' lang='lat' dir='ltr'>suorumprocessisset.</span> <span class='ocrx_word' id='word_1_7' title='bbox 488 448 532 513; x_wconf 86' lang='lat' dir='ltr'>At</span> <span class='ocrx_word' id='word_1_8' title='bbox 543 449 663 516; x_wconf 78' lang='lat' dir='ltr'>(leesor</span> <span class='ocrx_word' id='word_1_9' title='bbox 673 455 777 599; x_wconf 80' lang='lat' dir='ltr'>neque</span> <span class='ocrx_word' id='word_1_10' title='bbox 786 449 971 516; x_wconf 77' lang='lat' dir='ltr'>resistentes</span> <span class='ocrx_word' id='word_1_11' title='bbox 981 472 1091 538; x_wconf 79' lang='lat' dir='ltr'>aggre-</span> 
     </span>
    </p>
   </div>
   <div class='ocr_carea' id='block_1_3' title="bbox 20 535 1090 622">
    <p class='ocr_par' dir='ltr' id='par_1_3' title="bbox 20 535 1090 622">
     <span class='ocr_line' id='line_1_3' title="bbox 20 535 1090 622; baseline 0.007 -27"><span class='ocrx_word' id='word_1_12' title='bbox 20 590 23 595; x_wconf 17' lang='grc' dir='ltr'><em>Ι</em></span> <span class='ocrx_word' id='word_1_13' title='bbox 129 535 263 601; x_wconf 86' lang='lat' dir='ltr'>diundos</span> <span class='ocrx_word' id='word_1_14' title='bbox 274 544 362 600; x_wconf 81' lang='lat' dir='ltr'>tanto</span> <span class='ocrx_word' id='word_1_15' title='bbox 375 535 464 602; x_wconf 91' lang='lat' dir='ltr'>collis</span> <span class='ocrx_word' id='word_1_16' title='bbox 476 536 723 601; x_wconf 82' lang='lat' dir='ltr'>asceusuiudico</span> <span class='ocrx_word' id='word_1_17' title='bbox 745 545 786 618; x_wconf 84' lang='lat' dir='ltr'>st,</span> <span class='ocrx_word' id='word_1_18' title='bbox 798 557 903 622; x_wconf 87' lang='lat' dir='ltr'>neque</span> <span class='ocrx_word' id='word_1_19' title='bbox 913 558 979 603; x_wconf 90' lang='lat' dir='ltr'>non</span> <span class='ocrx_word' id='word_1_20' title='bbox 989 557 1090 622; x_wconf 85' lang='lat' dir='ltr'>usque</span> 
     </span>
    </p>
   </div>
   <div class='ocr_carea' id='block_1_4' title="bbox 128 620 1093 1993">
    <p class='ocr_par' dir='ltr' id='par_1_4' title="bbox 128 620 1093 1736">
     <span class='ocr_line' id='line_1_4' title="bbox 128 620 1090 708; baseline -0.001 -23"><span class='ocrx_word' id='word_1_21' title='bbox 128 623 168 704; x_wconf 79' lang='lat' dir='ltr'>&#39;eo</span> <span class='ocrx_word' id='word_1_22' title='bbox 190 620 332 708; x_wconf 82' lang='lat' dir='ltr'>legiones</span> <span class='ocrx_word' id='word_1_23' title='bbox 348 621 571 704; x_wconf 80' lang='lat' dir='ltr'>admovendas,</span> <span class='ocrx_word' id='word_1_24' title='bbox 590 630 626 685; x_wconf 92' lang='lat' dir='ltr'>ut</span> <span class='ocrx_word' id='word_1_25' title='bbox 647 621 859 687; x_wconf 84' lang='lat' dir='ltr'>diseedereex</span> <span class='ocrx_word' id='word_1_26' title='bbox 880 643 918 688; x_wconf 88' lang='lat' dir='ltr'>eo</span> <span class='ocrx_word' id='word_1_27' title='bbox 940 621 1010 687; x_wconf 90' lang='lat' dir='ltr'>loco</span> <span class='ocrx_word' id='word_1_28' title='bbox 1022 623 1090 694; x_wconf 83' lang='lat' dir='ltr'>sine</span> 
     </span>
     <span class='ocr_line' id='line_1_5' title="bbox 152 705 1090 793; baseline 0 -23"><span class='ocrx_word' id='word_1_29' title='bbox 152 706 271 771; x_wconf 89' lang='lat' dir='ltr'>erioulo</span> <span class='ocrx_word' id='word_1_30' title='bbox 298 706 426 772; x_wconf 80' lang='lat' dir='ltr'>barbari</span> <span class='ocrx_word' id='word_1_31' title='bbox 456 707 609 773; x_wconf 77' lang='lat' dir='ltr'>militibus</span> <span class='ocrx_word' id='word_1_32' title='bbox 638 705 829 772; x_wconf 77' lang='lat' dir='ltr'>instantibus</span> <span class='ocrx_word' id='word_1_33' title='bbox 856 730 921 774; x_wconf 89' lang='lat' dir='ltr'>non</span> <span class='ocrx_word' id='word_1_34' title='bbox 949 715 1090 793; x_wconf 79' lang='lat' dir='ltr'><strong>possent.</strong></span> 
     </span>
     <span class='ocr_line' id='line_1_6' title="bbox 130 727 1092 880; baseline 0 -24"><span class='ocrx_word' id='word_1_35' title='bbox 130 727 194 874; x_wconf 76' lang='lat' dir='ltr'>lto,</span> <span class='ocrx_word' id='word_1_36' title='bbox 222 815 315 878; x_wconf 91' lang='lat' dir='ltr'>quum</span> <span class='ocrx_word' id='word_1_37' title='bbox 343 791 459 878; x_wconf 80' lang='lat' dir='ltr'>palude</span> <span class='ocrx_word' id='word_1_38' title='bbox 488 793 643 880; x_wconf 82' lang='lat' dir='ltr'>impedito</span> <span class='ocrx_word' id='word_1_39' title='bbox 668 815 689 856; x_wconf 80' lang='lat' dir='ltr'><strong>a</strong></span> <span class='ocrx_word' id='word_1_40' title='bbox 717 793 830 856; x_wconf 80' lang='lat' dir='ltr'>castris</span> <span class='ocrx_word' id='word_1_41' title='bbox 860 801 964 872; x_wconf 73' lang='lat' dir='ltr'>cosmo</span> <span class='ocrx_word' id='word_1_42' title='bbox 990 791 1092 858; x_wconf 71' lang='lat' dir='ltr'>&#39;dividi</span> 
     </span>
     <span class='ocr_line' id='line_1_7' title="bbox 131 877 1091 965; baseline 0 -23"><span class='ocrx_word' id='word_1_43' title='bbox 131 877 261 961; x_wconf 88' lang='lat' dir='ltr'>videret,</span> <span class='ocrx_word' id='word_1_44' title='bbox 284 900 366 965; x_wconf 84' lang='lat' dir='ltr'>quse</span> <span class='ocrx_word' id='word_1_45' title='bbox 394 877 770 944; x_wconf 80' lang='lat' dir='ltr'>transeundi&#39;difficultss</span> <span class='ocrx_word' id='word_1_46' title='bbox 792 877 985 943; x_wconf 81' lang='lat' dir='ltr'>celeritatem</span> <span class='ocrx_word' id='word_1_47' title='bbox 1007 878 1091 942; x_wconf 87' lang='lat' dir='ltr'>inse·</span> 
     </span>
     <span class='ocr_line' id='line_1_8' title="bbox 131 962 1091 1052; baseline 0.002 -26"><span class='ocrx_word' id='word_1_48' title='bbox 131 962 249 1050; x_wconf 88' lang='lat' dir='ltr'>quendi</span> <span class='ocrx_word' id='word_1_49' title='bbox 269 963 396 1028; x_wconf 79' lang='lat' dir='ltr'>tardare</span> <span class='ocrx_word' id='word_1_50' title='bbox 418 973 542 1050; x_wconf 89' lang='lat' dir='ltr'>posset,</span> <span class='ocrx_word' id='word_1_51' title='bbox 572 974 666 1052; x_wconf 83' lang='lat' dir='ltr'>atque</span> <span class='ocrx_word' id='word_1_52' title='bbox 695 963 730 1028; x_wconf 92' lang='lat' dir='ltr'>id</span> <span class='ocrx_word' id='word_1_53' title='bbox 750 965 873 1049; x_wconf 91' lang='lat' dir='ltr'>iugum,</span> <span class='ocrx_word' id='word_1_54' title='bbox 896 963 982 1050; x_wconf 91' lang='lat' dir='ltr'>quod</span> <span class='ocrx_word' id='word_1_55' title='bbox 1002 973 1091 1029; x_wconf 79' lang='lat' dir='ltr'>trans</span> 
     </span>
     <span class='ocr_line' id='line_1_9' title="bbox 128 1048 1091 1136; baseline 0.001 -23"><span class='ocrx_word' id='word_1_56' title='bbox 128 1048 278 1136; x_wconf 77' lang='lat' dir='ltr'>paludem</span> <span class='ocrx_word' id='word_1_57' title='bbox 299 1071 401 1136; x_wconf 84' lang='lat' dir='ltr'>paene</span> <span class='ocrx_word' id='word_1_58' title='bbox 422 1049 464 1114; x_wconf 84' lang='lat' dir='ltr'>ad</span> <span class='ocrx_word' id='word_1_59' title='bbox 484 1049 621 1115; x_wconf 84' lang='lat' dir='ltr'>hostium</span> <span class='ocrx_word' id='word_1_60' title='bbox 644 1059 749 1115; x_wconf 82' lang='lat' dir='ltr'>costra</span> <span class='ocrx_word' id='word_1_61' title='bbox 768 1050 951 1135; x_wconf 84' lang='lat' dir='ltr'>pertineret,</span> <span class='ocrx_word' id='word_1_62' title='bbox 973 1049 1091 1114; x_wconf 89' lang='lat' dir='ltr'>medio·</span> 
     </span>
     <span class='ocr_line' id='line_1_10' title="bbox 130 1133 1091 1201; baseline -0.003 0"><span class='ocrx_word' id='word_1_63' title='bbox 130 1137 176 1201; x_wconf 82' lang='lat' dir='ltr'>cri</span> <span class='ocrx_word' id='word_1_64' title='bbox 195 1133 279 1200; x_wconf 81' lang='lat' dir='ltr'>valle</span> <span class='ocrx_word' id='word_1_65' title='bbox 302 1157 323 1199; x_wconf 81' lang='lat' dir='ltr'>o</span> <span class='ocrx_word' id='word_1_66' title='bbox 344 1135 455 1199; x_wconf 81' lang='lat' dir='ltr'>castris</span> <span class='ocrx_word' id='word_1_67' title='bbox 485 1158 594 1201; x_wconf 90' lang='lat' dir='ltr'>eorum</span> <span class='ocrx_word' id='word_1_68' title='bbox 615 1137 799 1201; x_wconf 88' lang='lat' dir='ltr'>intercisum</span> <span class='ocrx_word' id='word_1_69' title='bbox 820 1136 959 1199; x_wconf 82' lang='lat' dir='ltr'>animum</span> <span class='ocrx_word' id='word_1_70' title='bbox 981 1134 1091 1200; x_wconf 82' lang='lat' dir='ltr'>edver-</span> 
     </span>
     <span class='ocr_line' id='line_1_11' title="bbox 129 1219 1093 1307; baseline 0 -23"><span class='ocrx_word' id='word_1_71' title='bbox 129 1229 224 1303; x_wconf 85' lang='lat' dir='ltr'>teret,</span> <span class='ocrx_word' id='word_1_72' title='bbox 257 1220 407 1307; x_wconf 89' lang='lat' dir='ltr'>pontibus</span> <span class='ocrx_word' id='word_1_73' title='bbox 439 1221 555 1307; x_wconf 84' lang='lat' dir='ltr'>palude</span> <span class='ocrx_word' id='word_1_74' title='bbox 588 1231 748 1287; x_wconf 72' lang='lat' dir='ltr'>constrata</span> <span class='ocrx_word' id='word_1_75' title='bbox 780 1220 923 1306; x_wconf 78' lang='lat' dir='ltr'>legiones</span> <span class='ocrx_word' id='word_1_76' title='bbox 955 1219 1093 1285; x_wconf 81' lang='lat' dir='ltr'>traducit</span> 
     </span>
     <span class='ocr_line' id='line_1_12' title="bbox 130 1305 1091 1393; baseline -0.001 -23"><span class='ocrx_word' id='word_1_77' title='bbox 130 1305 337 1393; x_wconf 80' lang='lat' dir='ltr'>celeriterque</span> <span class='ocrx_word' id='word_1_78' title='bbox 351 1307 385 1370; x_wconf 92' lang='lat' dir='ltr'>in</span> <span class='ocrx_word' id='word_1_79' title='bbox 400 1329 555 1372; x_wconf 79' lang='lat' dir='ltr'>summam</span> <span class='ocrx_word' id='word_1_80' title='bbox 592 1308 734 1373; x_wconf 85' lang='lat' dir='ltr'>lanitiem</span> <span class='ocrx_word' id='word_1_81' title='bbox 751 1307 818 1392; x_wconf 90' lang='lat' dir='ltr'>iugi</span> <span class='ocrx_word' id='word_1_82' title='bbox 833 1307 987 1392; x_wconf 88' lang='lat' dir='ltr'>pervenit,</span> <span class='ocrx_word' id='word_1_83' title='bbox 1011 1327 1091 1392; x_wconf 84' lang='lat' dir='ltr'>quse</span> 
     </span>
     <span class='ocr_line' id='line_1_13' title="bbox 130 1331 1092 1478; baseline -0.002 -22"><span class='ocrx_word' id='word_1_84' title='bbox 130 1390 246 1457; x_wconf 83' lang='lat' dir='ltr'>declivi</span> <span class='ocrx_word' id='word_1_85' title='bbox 266 1391 393 1478; x_wconf 75' lang='lat' dir='ltr'>fastigio</span> <span class='ocrx_word' id='word_1_86' title='bbox 415 1391 538 1458; x_wconf 87' lang='lat' dir='ltr'>duobus</span> <span class='ocrx_word' id='word_1_87' title='bbox 561 1331 601 1458; x_wconf 67' lang='lat' dir='ltr'>db</span> <span class='ocrx_word' id='word_1_88' title='bbox 624 1391 777 1458; x_wconf 83' lang='lat' dir='ltr'>lateribus</span> <span class='ocrx_word' id='word_1_89' title='bbox 798 1391 1008 1456; x_wconf 83' lang='lat' dir='ltr'>muniebatur.</span> <span class='ocrx_word' id='word_1_90' title='bbox 1042 1389 1092 1456; x_wconf 87' lang='lat' dir='ltr'>lbi</span> 
     </span>
     <span class='ocr_line' id='line_1_14' title="bbox 128 1476 1093 1564; baseline 0 -22"><span class='ocrx_word' id='word_1_91' title='bbox 128 1476 308 1563; x_wconf 86' lang='lat' dir='ltr'>legionibus</span> <span class='ocrx_word' id='word_1_92' title='bbox 340 1479 501 1543; x_wconf 85' lang='lat' dir='ltr'>instructis</span> <span class='ocrx_word' id='word_1_93' title='bbox 544 1479 585 1544; x_wconf 83' lang='lat' dir='ltr'>sd</span> <span class='ocrx_word' id='word_1_94' title='bbox 616 1478 761 1543; x_wconf 89' lang='lat' dir='ltr'>ultimum</span> <span class='ocrx_word' id='word_1_95' title='bbox 802 1479 912 1564; x_wconf 89' lang='lat' dir='ltr'>iugum</span> <span class='ocrx_word' id='word_1_96' title='bbox 946 1477 1093 1564; x_wconf 84' lang='lat' dir='ltr'>pervenit</span> 
     </span>
     <span class='ocr_line' id='line_1_15' title="bbox 129 1562 1093 1650; baseline -0.001 -22"><span class='ocrx_word' id='word_1_97' title='bbox 129 1565 293 1650; x_wconf 82' lang='lat' dir='ltr'>aciemque</span> <span class='ocrx_word' id='word_1_98' title='bbox 314 1585 370 1629; x_wconf 87' lang='lat' dir='ltr'>eo</span> <span class='ocrx_word' id='word_1_99' title='bbox 393 1563 463 1648; x_wconf 76' lang='lat' dir='ltr'>loco</span> <span class='ocrx_word' id='word_1_100' title='bbox 493 1566 669 1647; x_wconf 87' lang='lat' dir='ltr'>constituit,</span> <span class='ocrx_word' id='word_1_101' title='bbox 697 1562 783 1628; x_wconf 87' lang='lat' dir='ltr'>unde</span> <span class='ocrx_word' id='word_1_102' title='bbox 809 1571 965 1629; x_wconf 85' lang='lat' dir='ltr'>tormento</span> <span class='ocrx_word' id='word_1_103' title='bbox 994 1563 1093 1627; x_wconf 77' lang='lat' dir='ltr'>missa</span> 
     </span>
     <span class='ocr_line' id='line_1_16' title="bbox 129 1648 843 1736; baseline 0 -23"><span class='ocrx_word' id='word_1_104' title='bbox 129 1648 195 1713; x_wconf 83' lang='lat' dir='ltr'>tela</span> <span class='ocrx_word' id='word_1_105' title='bbox 215 1650 250 1712; x_wconf 89' lang='lat' dir='ltr'>in</span> <span class='ocrx_word' id='word_1_106' title='bbox 270 1649 409 1714; x_wconf 85' lang='lat' dir='ltr'>hostium</span> <span class='ocrx_word' id='word_1_107' title='bbox 431 1661 547 1716; x_wconf 89' lang='lat' dir='ltr'>cuneos</span> <span class='ocrx_word' id='word_1_108' title='bbox 571 1651 684 1716; x_wconf 91' lang='lat' dir='ltr'>coniici</span> <span class='ocrx_word' id='word_1_109' title='bbox 704 1658 843 1736; x_wconf 84' lang='lat' dir='ltr'>possent.</span> 
     </span>
    </p>

    <p class='ocr_par' dir='ltr' id='par_1_5' title="bbox 128 1732 1092 1993">
     <span class='ocr_line' id='line_1_17' title="bbox 194 1732 1090 1822; baseline 0 -24"><span class='ocrx_word' id='word_1_110' title='bbox 194 1734 244 1798; x_wconf 82' lang='lat'>15.</span> <span class='ocrx_word' id='word_1_111' title='bbox 266 1733 403 1800; x_wconf 78' lang='lat' dir='ltr'>Barbari</span> <span class='ocrx_word' id='word_1_112' title='bbox 425 1735 536 1800; x_wconf 88' lang='lat' dir='ltr'>confisi</span> <span class='ocrx_word' id='word_1_113' title='bbox 564 1735 627 1801; x_wconf 91' lang='lat' dir='ltr'>loci</span> <span class='ocrx_word' id='word_1_114' title='bbox 654 1746 782 1818; x_wconf 84' lang='lat' dir='ltr'>notura,</span> <span class='ocrx_word' id='word_1_115' title='bbox 813 1756 910 1822; x_wconf 91' lang='lat' dir='ltr'>quum</span> <span class='ocrx_word' id='word_1_116' title='bbox 939 1732 1090 1799; x_wconf 80' lang='lat' dir='ltr'>dimicare</span> 
     </span>
     <span class='ocr_line' id='line_1_18' title="bbox 128 1817 1092 1904; baseline 0.001 -20"><span class='ocrx_word' id='word_1_117' title='bbox 128 1842 193 1885; x_wconf 92' lang='lat' dir='ltr'>non</span> <span class='ocrx_word' id='word_1_118' title='bbox 215 1828 410 1904; x_wconf 76' lang='lat' dir='ltr'>recusarent,</span> <span class='ocrx_word' id='word_1_119' title='bbox 434 1821 461 1885; x_wconf 89' lang='lat' dir='ltr'>si</span> <span class='ocrx_word' id='word_1_120' title='bbox 482 1821 563 1887; x_wconf 85' lang='lat' dir='ltr'>forte</span> <span class='ocrx_word' id='word_1_121' title='bbox 583 1821 719 1887; x_wconf 84' lang='lat' dir='ltr'>Romani</span> <span class='ocrx_word' id='word_1_122' title='bbox 734 1820 841 1885; x_wconf 86' lang='lat' dir='ltr'>subire</span> <span class='ocrx_word' id='word_1_123' title='bbox 863 1817 977 1884; x_wconf 86' lang='lat' dir='ltr'>collem</span> <span class='ocrx_word' id='word_1_124' title='bbox 1000 1841 1092 1885; x_wconf 84' lang='lat' dir='ltr'>cono-</span> 
     </span>
     <span class='ocr_line' id='line_1_19' title="bbox 128 1899 1092 1993; baseline -0.001 -21"><span class='ocrx_word' id='word_1_125' title='bbox 128 1899 254 1990; x_wconf 79' lang='lat' dir='ltr'>rentur,</span> <span class='ocrx_word' id='word_1_126' title='bbox 287 1905 439 1992; x_wconf 78' lang='lat' dir='ltr'>paulatim</span> <span class='ocrx_word' id='word_1_127' title='bbox 472 1909 579 1993; x_wconf 87' lang='lat' dir='ltr'>copias</span> <span class='ocrx_word' id='word_1_128' title='bbox 615 1907 799 1972; x_wconf 82' lang='lat' dir='ltr'>distributos</span> <span class='ocrx_word' id='word_1_129' title='bbox 833 1905 990 1970; x_wconf 88' lang='lat' dir='ltr'>dimittere</span> <span class='ocrx_word' id='word_1_130' title='bbox 1028 1928 1092 1971; x_wconf 95' lang='lat' dir='ltr'>non</span> 
     </span>
    </p>
   </div>
   <div class='ocr_carea' id='block_1_5' title="bbox 5 1992 1092 2079">
    <p class='ocr_par' dir='ltr' id='par_1_6' title="bbox 5 1992 1092 2079">
     <span class='ocr_line' id='line_1_20' title="bbox 5 1992 1092 2079; baseline -0.002 -21"><span class='ocrx_word' id='word_1_131' title='bbox 5 2021 13 2028; x_wconf 83' lang='grc'><em>·</em></span> <span class='ocrx_word' id='word_1_132' title='bbox 128 2001 268 2079; x_wconf 86' lang='lat' dir='ltr'>possent,</span> <span class='ocrx_word' id='word_1_133' title='bbox 290 2011 332 2056; x_wconf 84' lang='lat' dir='ltr'>ne</span> <span class='ocrx_word' id='word_1_134' title='bbox 354 1992 491 2079; x_wconf 89' lang='lat' dir='ltr'>dispersi</span> <span class='ocrx_word' id='word_1_135' title='bbox 512 1992 782 2079; x_wconf 78' lang='lat' dir='ltr'>perturbarentur,</span> <span class='ocrx_word' id='word_1_136' title='bbox 804 1994 839 2056; x_wconf 88' lang='lat' dir='ltr'>in</span> <span class='ocrx_word' id='word_1_137' title='bbox 857 1992 926 2056; x_wconf 81' lang='lat' dir='ltr'>acie</span> <span class='ocrx_word' id='word_1_138' title='bbox 947 2013 1092 2078; x_wconf 81' lang='lat' dir='ltr'>perman·</span> 
     </span>
    </p>
   </div>
   <div class='ocr_carea' id='block_1_6' title="bbox 126 2076 1093 3624">
    <p class='ocr_par' dir='ltr' id='par_1_7' title="bbox 127 2076 1093 3446">
     <span class='ocr_line' id='line_1_21' title="bbox 129 2076 1092 2164; baseline -0.002 -22"><span class='ocrx_word' id='word_1_139' title='bbox 129 2085 246 2142; x_wconf 86' lang='lat' dir='ltr'>serunt.</span> <span class='ocrx_word' id='word_1_140' title='bbox 291 2076 434 2158; x_wconf 81' lang='lat' dir='ltr'>Quorum</span> <span class='ocrx_word' id='word_1_141' title='bbox 448 2079 623 2164; x_wconf 84' lang='lat' dir='ltr'>pertinacia</span> <span class='ocrx_word' id='word_1_142' title='bbox 640 2079 768 2164; x_wconf 81' lang='lat' dir='ltr'>cognito</span> <span class='ocrx_word' id='word_1_143' title='bbox 782 2076 901 2144; x_wconf 73' lang='lat' dir='ltr'>Caesar</span> <span class='ocrx_word' id='word_1_144' title='bbox 915 2083 969 2138; x_wconf 86' lang='lat' dir='ltr'>XX</span> <span class='ocrx_word' id='word_1_145' title='bbox 984 2077 1092 2144; x_wconf 87' lang='lat' dir='ltr'>cohor-</span> 
     </span>
     <span class='ocr_line' id='line_1_22' title="bbox 127 2162 1092 2251; baseline 0 -23"><span class='ocrx_word' id='word_1_146' title='bbox 127 2162 214 2228; x_wconf 85' lang='lat' dir='ltr'>tibus</span> <span class='ocrx_word' id='word_1_147' title='bbox 245 2164 409 2228; x_wconf 87' lang='lat' dir='ltr'>instructis</span> <span class='ocrx_word' id='word_1_148' title='bbox 443 2163 619 2251; x_wconf 79' lang='lat' dir='ltr'>castrisque</span> <span class='ocrx_word' id='word_1_149' title='bbox 652 2186 690 2230; x_wconf 89' lang='lat' dir='ltr'>eo</span> <span class='ocrx_word' id='word_1_150' title='bbox 722 2163 793 2230; x_wconf 89' lang='lat' dir='ltr'>loco</span> <span class='ocrx_word' id='word_1_151' title='bbox 820 2165 946 2227; x_wconf 82' lang='lat' dir='ltr'>metatis</span> <span class='ocrx_word' id='word_1_152' title='bbox 975 2164 1092 2228; x_wconf 89' lang='lat' dir='ltr'>muniri</span> 
     </span>
     <span class='ocr_line' id='line_1_23' title="bbox 127 2247 1092 2336; baseline 0 -24"><span class='ocrx_word' id='word_1_153' title='bbox 127 2248 218 2312; x_wconf 90' lang='lat' dir='ltr'>iubet</span> <span class='ocrx_word' id='word_1_154' title='bbox 240 2257 352 2314; x_wconf 78' lang='lat' dir='ltr'>costra.</span> <span class='ocrx_word' id='word_1_155' title='bbox 403 2249 568 2314; x_wconf 85' lang='lat' dir='ltr'>Absolutis</span> <span class='ocrx_word' id='word_1_156' title='bbox 591 2248 740 2336; x_wconf 86' lang='lat' dir='ltr'>operibus</span> <span class='ocrx_word' id='word_1_157' title='bbox 760 2271 820 2336; x_wconf 89' lang='lat' dir='ltr'>pro</span> <span class='ocrx_word' id='word_1_158' title='bbox 841 2247 928 2313; x_wconf 79' lang='lat' dir='ltr'>vello</span> <span class='ocrx_word' id='word_1_159' title='bbox 950 2247 1092 2334; x_wconf 88' lang='lat' dir='ltr'>legiones</span> 
     </span>
     <span class='ocr_line' id='line_1_24' title="bbox 127 2333 1091 2422; baseline -0.001 -22"><span class='ocrx_word' id='word_1_160' title='bbox 127 2335 298 2400; x_wconf 81' lang='lat' dir='ltr'>instructas</span> <span class='ocrx_word' id='word_1_161' title='bbox 320 2333 463 2419; x_wconf 85' lang='lat' dir='ltr'>collocat,</span> <span class='ocrx_word' id='word_1_162' title='bbox 487 2337 610 2422; x_wconf 86' lang='lat' dir='ltr'>equites</span> <span class='ocrx_word' id='word_1_163' title='bbox 637 2335 767 2405; x_wconf 83' lang='lat' dir='ltr'>frenatis</span> <span class='ocrx_word' id='word_1_164' title='bbox 790 2336 880 2420; x_wconf 89' lang='lat' dir='ltr'>equis</span> <span class='ocrx_word' id='word_1_165' title='bbox 901 2335 936 2396; x_wconf 90' lang='lat' dir='ltr'>in</span> <span class='ocrx_word' id='word_1_166' title='bbox 958 2335 1091 2399; x_wconf 82' lang='lat' dir='ltr'>statione</span> 
     </span>
     <span class='ocr_line' id='line_1_25' title="bbox 128 2418 1092 2508; baseline 0 -24"><span class='ocrx_word' id='word_1_167' title='bbox 128 2419 278 2506; x_wconf 80' lang='lat' dir='ltr'>disponit</span> <span class='ocrx_word' id='word_1_168' title='bbox 320 2418 495 2505; x_wconf 83' lang='lat' dir='ltr'>Bellovaci,</span> <span class='ocrx_word' id='word_1_169' title='bbox 519 2444 615 2508; x_wconf 89' lang='lat' dir='ltr'>quum</span> <span class='ocrx_word' id='word_1_170' title='bbox 629 2421 789 2486; x_wconf 85' lang='lat' dir='ltr'>Romanos</span> <span class='ocrx_word' id='word_1_171' title='bbox 805 2419 847 2484; x_wconf 83' lang='lat' dir='ltr'>ad</span> <span class='ocrx_word' id='word_1_172' title='bbox 859 2419 1092 2505; x_wconf 87' lang='lat' dir='ltr'>insequendum</span> 
     </span>
     <span class='ocr_line' id='line_1_26' title="bbox 128 2505 1091 2594; baseline -0.001 -24"><span class='ocrx_word' id='word_1_173' title='bbox 128 2514 256 2593; x_wconf 79' lang='lat' dir='ltr'>paratos</span> <span class='ocrx_word' id='word_1_174' title='bbox 277 2505 424 2585; x_wconf 79' lang='lat' dir='ltr'>viderent</span> <span class='ocrx_word' id='word_1_175' title='bbox 444 2530 549 2594; x_wconf 87' lang='lat' dir='ltr'>neque</span> <span class='ocrx_word' id='word_1_176' title='bbox 563 2516 753 2594; x_wconf 77' lang='lat' dir='ltr'>pernoctare</span> <span class='ocrx_word' id='word_1_177' title='bbox 769 2515 823 2570; x_wconf 86' lang='lat' dir='ltr'>sut</span> <span class='ocrx_word' id='word_1_178' title='bbox 836 2505 955 2569; x_wconf 88' lang='lat' dir='ltr'>diutius</span> <span class='ocrx_word' id='word_1_179' title='bbox 968 2522 1091 2590; x_wconf 84' lang='lat' dir='ltr'>perma-</span> 
     </span>
     <span class='ocr_line' id='line_1_27' title="bbox 127 2590 1091 2678; baseline -0.001 -23"><span class='ocrx_word' id='word_1_180' title='bbox 127 2613 206 2658; x_wconf 89' lang='lat' dir='ltr'>nere</span> <span class='ocrx_word' id='word_1_181' title='bbox 228 2591 296 2656; x_wconf 88' lang='lat' dir='ltr'>sine</span> <span class='ocrx_word' id='word_1_182' title='bbox 318 2590 458 2677; x_wconf 86' lang='lat' dir='ltr'>periculo</span> <span class='ocrx_word' id='word_1_183' title='bbox 474 2592 587 2658; x_wconf 87' lang='lat' dir='ltr'>eodem</span> <span class='ocrx_word' id='word_1_184' title='bbox 601 2593 671 2659; x_wconf 89' lang='lat' dir='ltr'>loco</span> <span class='ocrx_word' id='word_1_185' title='bbox 686 2601 826 2678; x_wconf 86' lang='lat' dir='ltr'>possent,</span> <span class='ocrx_word' id='word_1_186' title='bbox 849 2590 912 2654; x_wconf 83' lang='lat' dir='ltr'>tsle</span> <span class='ocrx_word' id='word_1_187' title='bbox 927 2591 1091 2655; x_wconf 87' lang='lat' dir='ltr'>eonsilium</span> 
     </span>
     <span class='ocr_line' id='line_1_28' title="bbox 129 2675 1093 2766; baseline 0.002 -26"><span class='ocrx_word' id='word_1_188' title='bbox 129 2678 180 2743; x_wconf 90' lang='lat' dir='ltr'>sui</span> <span class='ocrx_word' id='word_1_189' title='bbox 210 2675 387 2762; x_wconf 88' lang='lat' dir='ltr'>recipiendi</span> <span class='ocrx_word' id='word_1_190' title='bbox 413 2687 574 2766; x_wconf 84' lang='lat' dir='ltr'>ceperunt</span> <span class='ocrx_word' id='word_1_191' title='bbox 622 2678 757 2761; x_wconf 82' lang='lat' dir='ltr'>Fasces,</span> <span class='ocrx_word' id='word_1_192' title='bbox 790 2684 826 2740; x_wconf 88' lang='lat' dir='ltr'>ut</span> <span class='ocrx_word' id='word_1_193' title='bbox 860 2685 1093 2742; x_wconf 78' lang='lat' dir='ltr'>consueverunt</span> 
     </span>
     <span class='ocr_line' id='line_1_29' title="bbox 130 2763 1092 2849; baseline 0 -24"><span class='ocrx_word' id='word_1_194' title='bbox 130 2767 278 2849; x_wconf 79' lang='lat' dir='ltr'>[nomque</span> <span class='ocrx_word' id='word_1_195' title='bbox 298 2763 333 2826; x_wconf 89' lang='lat' dir='ltr'>in</span> <span class='ocrx_word' id='word_1_196' title='bbox 355 2764 424 2828; x_wconf 81' lang='lat' dir='ltr'>acie</span> <span class='ocrx_word' id='word_1_197' title='bbox 451 2764 564 2828; x_wconf 87' lang='lat' dir='ltr'>sedere</span> <span class='ocrx_word' id='word_1_198' title='bbox 592 2763 704 2829; x_wconf 74' lang='lat' dir='ltr'>Gallos</span> <span class='ocrx_word' id='word_1_199' title='bbox 734 2781 903 2828; x_wconf 85' lang='lat' dir='ltr'>consuesse</span> <span class='ocrx_word' id='word_1_200' title='bbox 926 2763 1092 2847; x_wconf 84' lang='lat' dir='ltr'>superiori-</span> 
     </span>
     <span class='ocr_line' id='line_1_30' title="bbox 128 2845 1092 2933; baseline 0 -21"><span class='ocrx_word' id='word_1_201' title='bbox 128 2845 189 2912; x_wconf 91' lang='lat' dir='ltr'>bus</span> <span class='ocrx_word' id='word_1_202' title='bbox 212 2850 444 2927; x_wconf 83' lang='lat' dir='ltr'>commentariis</span> <span class='ocrx_word' id='word_1_203' title='bbox 468 2847 616 2914; x_wconf 77' lang='lat' dir='ltr'>Caesaris</span> <span class='ocrx_word' id='word_1_204' title='bbox 640 2848 835 2913; x_wconf 79' lang='lat' dir='ltr'>declaratum</span> <span class='ocrx_word' id='word_1_205' title='bbox 857 2852 926 2931; x_wconf 74' lang='lat' dir='ltr'>estl,</span> <span class='ocrx_word' id='word_1_206' title='bbox 947 2869 1008 2933; x_wconf 92' lang='lat' dir='ltr'>per</span> <span class='ocrx_word' id='word_1_207' title='bbox 1026 2870 1092 2912; x_wconf 85' lang='lat' dir='ltr'>ma·</span> 
     </span>
     <span class='ocr_line' id='line_1_31' title="bbox 128 2933 1093 3022; baseline -0.001 -25"><span class='ocrx_word' id='word_1_208' title='bbox 128 2955 189 2998; x_wconf 89' lang='lat' dir='ltr'>nus</span> <span class='ocrx_word' id='word_1_209' title='bbox 212 2941 453 2999; x_wconf 79' lang='lat' dir='ltr'>stramentorum</span> <span class='ocrx_word' id='word_1_210' title='bbox 483 2956 522 2998; x_wconf 83' lang='lat' dir='ltr'>sc</span> <span class='ocrx_word' id='word_1_211' title='bbox 549 2933 777 3022; x_wconf 86' lang='lat' dir='ltr'>virgultorum,</span> <span class='ocrx_word' id='word_1_212' title='bbox 810 2956 942 3020; x_wconf 90' lang='lat' dir='ltr'>quorum</span> <span class='ocrx_word' id='word_1_213' title='bbox 970 2955 1093 2997; x_wconf 80' lang='lat' dir='ltr'>summo</span> 
     </span>
     <span class='ocr_line' id='line_1_32' title="bbox 129 3017 1092 3106; baseline -0.001 -22"><span class='ocrx_word' id='word_1_214' title='bbox 129 3029 199 3084; x_wconf 79' lang='lat' dir='ltr'>eret</span> <span class='ocrx_word' id='word_1_215' title='bbox 210 3021 244 3082; x_wconf 94' lang='lat' dir='ltr'>in</span> <span class='ocrx_word' id='word_1_216' title='bbox 257 3021 367 3083; x_wconf 79' lang='lat' dir='ltr'>castris</span> <span class='ocrx_word' id='word_1_217' title='bbox 383 3021 484 3106; x_wconf 83' lang='lat' dir='ltr'>copia,</span> <span class='ocrx_word' id='word_1_218' title='bbox 499 3021 582 3086; x_wconf 88' lang='lat' dir='ltr'>inter</span> <span class='ocrx_word' id='word_1_219' title='bbox 596 3043 630 3084; x_wconf 88' lang='lat' dir='ltr'>se</span> <span class='ocrx_word' id='word_1_220' title='bbox 643 3020 775 3085; x_wconf 80' lang='lat' dir='ltr'>traditos</span> <span class='ocrx_word' id='word_1_221' title='bbox 791 3028 865 3083; x_wconf 80' lang='lat' dir='ltr'>ente</span> <span class='ocrx_word' id='word_1_222' title='bbox 880 3019 980 3082; x_wconf 83' lang='lat' dir='ltr'>eciem</span> <span class='ocrx_word' id='word_1_223' title='bbox 997 3017 1092 3083; x_wconf 88' lang='lat' dir='ltr'>eollo-</span> 
     </span>
     <span class='ocr_line' id='line_1_33' title="bbox 129 3104 1092 3192; baseline 0 -24"><span class='ocrx_word' id='word_1_224' title='bbox 129 3113 244 3168; x_wconf 82' lang='lat' dir='ltr'>csrunt</span> <span class='ocrx_word' id='word_1_225' title='bbox 254 3111 395 3170; x_wconf 85' lang='lat' dir='ltr'>extremo</span> <span class='ocrx_word' id='word_1_226' title='bbox 417 3127 459 3170; x_wconf 95' lang='lat' dir='ltr'>ue</span> <span class='ocrx_word' id='word_1_227' title='bbox 473 3115 616 3192; x_wconf 89' lang='lat' dir='ltr'>tempore</span> <span class='ocrx_word' id='word_1_228' title='bbox 628 3105 692 3170; x_wconf 86' lang='lat' dir='ltr'>diei</span> <span class='ocrx_word' id='word_1_229' title='bbox 706 3107 797 3192; x_wconf 93' lang='lat' dir='ltr'>signo</span> <span class='ocrx_word' id='word_1_230' title='bbox 811 3104 1013 3190; x_wconf 79' lang='lat' dir='ltr'>pronuntiato</span> <span class='ocrx_word' id='word_1_231' title='bbox 1027 3125 1092 3168; x_wconf 86' lang='lat' dir='ltr'>uno</span> 
     </span>
     <span class='ocr_line' id='line_1_34' title="bbox 127 3129 1091 3275; baseline -0.002 -21"><span class='ocrx_word' id='word_1_232' title='bbox 127 3198 271 3275; x_wconf 87' lang='lat' dir='ltr'>tempore</span> <span class='ocrx_word' id='word_1_233' title='bbox 297 3129 516 3256; x_wconf 80' lang='lat' dir='ltr'>incenderunt.</span> <span class='ocrx_word' id='word_1_234' title='bbox 564 3191 614 3255; x_wconf 82' lang='lat' dir='ltr'>Ito</span> <span class='ocrx_word' id='word_1_235' title='bbox 641 3191 806 3256; x_wconf 86' lang='lat' dir='ltr'>continens</span> <span class='ocrx_word' id='word_1_236' title='bbox 831 3189 960 3272; x_wconf 80' lang='lat' dir='ltr'>flamme</span> <span class='ocrx_word' id='word_1_237' title='bbox 984 3185 1091 3273; x_wconf 84' lang='lat' dir='ltr'>copies</span> 
     </span>
     <span class='ocr_line' id='line_1_35' title="bbox 128 3272 1093 3426; baseline -0.001 -88"><span class='ocrx_word' id='word_1_238' title='bbox 128 3297 239 3364; x_wconf 83' lang='lat' dir='ltr'>omnes</span> <span class='ocrx_word' id='word_1_239' title='bbox 260 3284 393 3360; x_wconf 88' lang='lat' dir='ltr'>repente</span> <span class='ocrx_word' id='word_1_240' title='bbox 415 3298 435 3340; x_wconf 81' lang='lat' dir='ltr'>o</span> <span class='ocrx_word' id='word_1_241' title='bbox 453 3285 625 3426; x_wconf 83' lang='lat' dir='ltr'>conspectu</span> <span class='ocrx_word' id='word_1_242' title='bbox 646 3277 727 3342; x_wconf 88' lang='lat' dir='ltr'>texit</span> <span class='ocrx_word' id='word_1_243' title='bbox 737 3272 960 3342; x_wconf 79' lang='lat' dir='ltr'>Romanorum.</span> <span class='ocrx_word' id='word_1_244' title='bbox 998 3272 1093 3354; x_wconf 79' lang='lat' dir='ltr'>Quod</span> 
     </span>
     <span class='ocr_line' id='line_1_36' title="bbox 127 3359 1091 3446; baseline -0.003 -19"><span class='ocrx_word' id='word_1_245' title='bbox 127 3359 184 3427; x_wconf 81' lang='lat' dir='ltr'>ubi</span> <span class='ocrx_word' id='word_1_246' title='bbox 196 3359 323 3444; x_wconf 80' lang='lat' dir='ltr'>accidit,</span> <span class='ocrx_word' id='word_1_247' title='bbox 345 3359 474 3427; x_wconf 74' lang='lat' dir='ltr'>barbari</span> <span class='ocrx_word' id='word_1_248' title='bbox 488 3385 529 3428; x_wconf 85' lang='lat' dir='ltr'>ve</span> <span class='ocrx_word' id='word_1_249' title='bbox 552 3363 766 3438; x_wconf 88' lang='lat' dir='ltr'>ementissimo</span> <span class='ocrx_word' id='word_1_250' title='bbox 784 3382 879 3426; x_wconf 87' lang='lat' dir='ltr'>cursu</span> <span class='ocrx_word' id='word_1_251' title='bbox 896 3359 1091 3446; x_wconf 80' lang='lat' dir='ltr'>refugerunt.</span> 
     </span>
    </p>

    <p class='ocr_par' dir='ltr' id='par_1_8' title="bbox 126 3443 1092 3624">
     <span class='ocr_line' id='line_1_37' title="bbox 193 3443 1092 3530; baseline -0.002 -19"><span class='ocrx_word' id='word_1_252' title='bbox 193 3445 243 3512; x_wconf 89' lang='grc'>16.</span> <span class='ocrx_word' id='word_1_253' title='bbox 267 3443 397 3530; x_wconf 77' lang='lat' dir='ltr'>(leesor,</span> <span class='ocrx_word' id='word_1_254' title='bbox 417 3451 477 3514; x_wconf 85' lang='lat' dir='ltr'>etsi</span> <span class='ocrx_word' id='word_1_255' title='bbox 491 3448 667 3514; x_wconf 86' lang='lat' dir='ltr'>discessum</span> <span class='ocrx_word' id='word_1_256' title='bbox 681 3448 822 3516; x_wconf 86' lang='lat' dir='ltr'>hostium</span> <span class='ocrx_word' id='word_1_257' title='bbox 835 3444 1092 3514; x_wconf 79' lang='lat' dir='ltr'>animadvertere</span> 
     </span>
     <span class='ocr_line' id='line_1_38' title="bbox 126 3528 1092 3624; baseline -0.006 -24"><span class='ocrx_word' id='word_1_258' title='bbox 126 3554 193 3600; x_wconf 89' lang='lat' dir='ltr'>non</span> <span class='ocrx_word' id='word_1_259' title='bbox 212 3539 337 3620; x_wconf 80' lang='lat' dir='ltr'>poterat</span> <span class='ocrx_word' id='word_1_260' title='bbox 357 3532 512 3600; x_wconf 86' lang='lat' dir='ltr'>incendiis</span> <span class='ocrx_word' id='word_1_261' title='bbox 535 3536 707 3624; x_wconf 89' lang='lat' dir='ltr'>oppositis,</span> <span class='ocrx_word' id='word_1_262' title='bbox 735 3541 844 3599; x_wconf 76' lang='lat' dir='ltr'>tomen</span> <span class='ocrx_word' id='word_1_263' title='bbox 868 3531 903 3598; x_wconf 89' lang='lat' dir='ltr'>id</span> <span class='ocrx_word' id='word_1_264' title='bbox 924 3528 1092 3598; x_wconf 87' lang='lat' dir='ltr'>consilium</span> 
     </span>
    </p>
   </div>
   <div class='ocr_carea' id='block_1_7' title="bbox 0 0 1270 3968">
    <p class='ocr_par' dir='ltr' id='par_1_9' title="bbox 0 0 1270 3968">
     <span class='ocr_line' id='line_1_39' title="bbox 0 0 1270 3968; baseline 0 0"><span class='ocrx_word' id='word_1_265' title='bbox 0 0 1270 3968; x_wconf 95' lang='lat' dir='ltr'> </span> 
     </span>
    </p>
   </div>
  </div>
 </body>
</html>
