2532 3968
170 244 268 312 XXX
518 245 775 312 PRAEFATIO.

95 465 97 472 ·
169 419 280 504 scripsi
312 441 408 497 neque
435 426 491 483 lias
518 427 672 484 leniendas
709 427 817 482 ciaiem
852 415 918 481 loca
952 439 1048 496 neque
1080 423 1125 483 aii

170 512 376 570 cerasiliam
397 512 587 569 adhibendos
609 526 727 568 censes.
760 503 798 566 Id
835 503 896 568 uod
910 501 1121 587 Nipperdeius

168 589 268 654 edidit
290 597 457 666 concilium,
481 591 604 653 etiamsi
625 591 659 652 in
679 591 803 676 optimis
814 526 914 652 iibris
936 589 1027 668 inest,
1051 586 1122 652 loeo

168 685 273 738 tamen
295 675 432 738 alienum
456 675 589 740 videtur.
963 677 965 682 ’
996 677 999 683 ’
1045 749 1046 756 ἵ

233 758 352 823 Contra
373 782 400 823 e.
423 760 465 824 80
479 783 520 824 ex
535 762 659 846 optimis
674 760 772 841 libris,
795 761 829 822 in
844 780 976 844 quorum
990 750 1127 841 nurnero·

169 854 218 909 est
253 844 354 930 Beng.
386 845 433 928 A,
476 853 640 910 excitabat
680 868 738 932 pro
775 851 966 910 excitabant
999 843 1122 906 restitui

166 931 242 996 item
265 952 306 994 ue
1060 931 1063 936 '

233 952 269 1078 ὅ.
292 1015 333 1080 88
355 1023 488 1080 hostes
512 1025 664 1097 praelium
691 1025 884 1092 conmittens,
912 1014 998 1100 qued
1012 1029 1121 1079 amnes

167 1093 241 1163 libri
274 1100 444 1186 praebent,
479 1103 606 1166 retinui.
648 1101 687 1166 N.
718 1125 760 1166 ex
793 1101 905 1166 Iurinii
939 1100 1121 1164 coniectura

68 1219 71 1224 ·
167 1194 302 1249 nostri
316 1208 350 1266 p.
375 1209 400 1253 c.
425 1187 561 1272 scripsit.
598 1189 642 1251 At
664 1210 703 1250 ea
724 1210 805 1273 quae
827 1185 1018 1250 antecedunt
1044 1191 1121 1249 Eius

170 1275 343 1348 (Caesaris)
377 1279 506 1337 aduena
539 1295 579 1338 ex
612 1280 715 1338 colare
745 1280 869 1336 vestitas
892 1279 1030 1350 connita,
1062 1291 1120 1349 aaa

169 1362 289 1434 insipni
310 1365 341 1420 in
358 1365 490 1437 praeliis
512 1366 557 1422 ati
574 1371 747 1438 censuerat,
770 1365 933 1435 turmisque
949 1365 1078 1436 equitnm
1092 1368 1122 1419 et

169 1447 458 1520 coloniensum,
488 1465 564 1522 qaas
586 1451 729 1523 sesequi
757 1453 901 1519 iusserat,
926 1454 959 1506 al
987 1450 1023 1507 dc
1044 1449 1123 1506 locis

168 1534 382 1606 superioribas
396 1535 472 1592 llaec
495 1536 623 1594 declivia
639 1543 668 1594 et
682 1535 797 1593 marea
812 1534 1012 1600 cremantur
1022 1561 1066 1574 -
1075 1527 1122 1589 ita
1220 1595 1222 1599 ,

168 1609 255 1675 dicta
277 1634 355 1694 esse,
378 1625 491 1678 utnon
505 1616 569 1680 nisi
590 1614 631 1678 ad
645 1622 746 1678 nostes
765 1613 941 1678 subiectum
957 1611 1121 1698 quadrent,

168 1706 256 1760 reete
281 1700 402 1764 monuit
424 1699 647 1764 Schneideres.

233 1781 315 1845 ΗΒ.
338 1780 417 1848 Vm
459 1784 519 1848 sub
545 1785 641 1850 finem
692 1785 874 1849 raefationis
894 1784 992 1848 Hirtii
1013 1806 1033 1847 a
1053 1781 1122 1846 vul·

167 1877 243 1952 gata
265 1867 419 1932 editorum
444 1871 566 1935 ratione
595 1807 746 1934 renebere
768 1869 856 1934 nolui
877 1871 912 1933 in
932 1868 1042 1932 verbis
1064 1875 1122 1932 lroc

168 1959 256 2032 ipsa
279 1960 391 2017 crimen
417 1964 616 2034 crroqantiae
638 1962 739 2020 sabea.
776 1953 814 2018 N.
837 1963 945 2036 ipsum,
976 1951 1060 2039 quod
1089 1953 1123 2016 in

169 2038 295 2121 seriptis
306 2037 397 2100 libris
404 2039 591 2126 plerumque
602 2041 848 2126 tegimeedidit.
863 2040 907 2104 At
918 2039 1129 2124 quumomnis·

169 2123 345 2186 sententiae
373 2125 424 2186 vis
450 2126 485 2188 in
514 2149 551 2189 ea
572 2136 731 2208 versetur,
762 2125 846 2210 quod
872 2127 1006 2210 scriptor
1027 2146 1123 2208 quum

169 2228 204 2269 se
227 2217 357 2270 excuset
377 2232 419 2271 ne
440 2233 511 2273 eum
531 2210 667 2275 Caesare
683 2212 868 2292 conferatur,
892 2233 926 2275 ee
950 2219 1015 2293 ipsa
1039 2230 1118 2271 arra

168 2294 295 2376 gantiae
317 2295 437 2360 crimen
459 2319 493 2358 se
515 2297 620 2359 subire
644 2294 729 2375 dicit,
753 2297 780 2358 si
802 2317 865 2381 qua
908 2318 958 2358 ars
982 2294 1116 2357 enuntia·

167 2376 264 2440 tionis
292 2377 391 2442 fulcra
414 2381 549 2465 quodam
572 2393 660 2466 eget,
694 2380 851 2444 ablativus
878 2318 934 2442 iile
955 2387 1014 2442 noc
1035 2387 1123 2462 eget:

169 2473 281 2526 contra
310 2471 406 2543 ipsam
434 2467 507 2529 voci
536 2475 647 2529 crimen
671 2466 852 2528 adiunctum
876 2465 951 2528 satis
974 2485 1115 2547 superva

169 2569 303 2622 eaneum
325 2571 404 2631 esse,
427 2550 518 2614 facile
540 2550 733 2634 intelligitur,
755 2573 850 2636 quum
864 2548 964 2613 verba
984 2552 1015 2611 in
1038 2547 1122 2610 hune

168 2631 297 2696 modum
319 2636 552 2698 constituimus:
586 2641 647 2698 Sed
668 2657 723 2712 eea
749 2642 901 2710 einer-am,
932 2641 999 2697 dam
1021 2654 1123 2697 amraes

169 2728 377 2783 excusationis
400 2742 511 2782 caesas
527 2728 648 2797 collina,
672 2743 710 2784 ee
732 2742 797 2784 cam
813 2726 943 2783 Caesare
965 2724 1121 2796 conseer,

169 2809 239 2867 liae
269 2812 356 2885 ipsa
388 2819 627 2881 arraaaeter
658 2812 782 2884 facio,
818 2812 900 2884 qaod
931 2826 975 2868 me
1006 2811 1122 2870 iudicia

170 2896 349 2966 cuiusquam
379 2896 540 2954 existimem
565 2912 661 2970 posse
688 2912 754 2954 cem
777 2897 906 2954 Caesare
936 2899 1115 2972 comparari

234 2972 269 3037 O.
292 2972 545 3058 bNipperdeiua
559 2974 684 3040 Morum
699 2984 824 3040 secutus
848 2976 990 3060 scripsit:
1014 2985 1045 3041 in
1069 2998 1124 3056 cp·

164 3066 243 3141 pido
273 3064 436 3124 Carnutum
468 3067 586 3126 Ganaba
622 3076 728 3126 castra
757 3070 846 3142 ponii
872 3075 962 3139 atque
988 3071 1019 3126 in
1041 3073 1124 3128 tecla

165 3152 284 3226 parlim
301 3150 463 3221 Gallorum,
485 3155 596 3224 partim
615 3169 692 3224 aeae
714 3156 859 3212 coniectis
882 3154 1023 3213 celeriter
1044 3161 1131 3212 stra-⁴-

169 3239 275 3298 mene's
304 3237 499 3297 tentoriarum
521 3240 748 3310 intercederem
773 3242 875 3310 prelia
897 3247 987 3299 erant
1008 3241 1124 3299 inaedi-

168 3319 278 3398 ficata,
307 3323 423 3380 milites
444 3326 599 3382 conieci
606 3329 624 3380 i.
666 3317 758 3380 Libri
791 3317 947 3402 praebent
981 3327 1122 3397 coniecit,

170 3399 256 3481 qued
277 3412 495 3466 constructum
513 3426 584 3466 eum
606 3411 637 3466 in
661 3417 736 3466 tecta
757 3403 832 3466 feni
846 3427 912 3468 non
926 3427 1054 3489 possea
1077 3427 1124 3468 er-

170 3490 237 3546 rum
259 3496 316 3548 est.
353 3485 463 3573 Neque
485 3488 592 3553 Vossii
614 3489 826 3553 coniecturam
848 3497 978 3568 conlegii!
999 3427 1126 3575 probari
