2562 3966
156 223 217 289 102
410 219 472 286 Du
492 220 637 286 BELLO
661 219 852 286 GMLICO

154 417 227 460 nem
248 404 302 458 aut
324 391 366 458 ad
378 391 555 457 Labienum
578 392 744 475 deducere,
768 415 901 540 puorum
922 391 1003 458 alter
1024 392 1113 456 milia

155 500 305 566 passuum
332 481 457 542 circiter
480 479 723 563 quinquaginta,
753 489 832 542 ater
855 477 948 562 paulo
977 477 1125 562 amplius⁴

155 565 195 630 ab
217 563 255 628 iis
278 564 370 628 absit.
408 562 490 626 Illud
512 585 547 628 sc
569 563 710 647 polliceri
733 573 763 626 et
785 563 986 628 iureiurando
1002 563 1111 628 confir-

155 674 258 733 mara,
288 659 389 714 tutum
411 650 471 712 iter
498 671 557 733 per
585 649 664 714 fines
688 648 843 712 daturum.
895 647 990 726 Quod
1037 671 1112 712 uum

154 737 258 818 fisciat,
282 746 312 800 et
334 735 454 798 civitati
475 755 546 798 sese
569 733 742 815 consulere,
765 733 850 819 quod
864 733 1005 798 hibernis
1017 673 1124 805 (leves

154 831 215 904 tur,
239 832 270 885 et
285 819 416 885 Caesari
459 841 496 882 ro
511 821 578 883 eius
600 821 720 883 meritis
735 820 870 903 gratiam
890 819 1019 884 referre.
1043 818 1114 882 Hac

155 908 295 971 oratione
317 904 424 968 habita
437 841 572 968 discedit
586 905 764 968 Ambiorix.

219 992 270 1056 28.
292 991 339 1054 Ar
361 990 463 1053 ineius
474 999 506 1054 et
516 989 633 1071 Iunius,
650 989 919 1075 quaeaudierunt,
935 988 1113 1073 adlegatos

155 1077 308 1142 deferunt
331 1014 383 1139 Illi
398 1075 561 1160 repentina
575 1097 610 1140 re
648 1074 808 1156 esturbati,
833 1076 891 1138 etsi
907 1075 948 1138 ab
963 1075 1053 1138 hoste
1075 1097 1115 1138 aa

156 1162 349 1242 dicebantun
371 1167 478 1224 tamen
492 1181 555 1224 non
568 1097 767 1244 neglegenda
780 1160 1003 1224 existimabant
1015 1161 1113 1223 maxi·

156 1269 269 1334 meque
290 1247 351 1311 hac
372 1268 406 1308 re
429 1245 703 1330 permovebantur,
739 1245 823 1330 quod
845 1246 1004 1310 civitatem
1026 1247 1114 1329 igno·

70 1344 72 1357 '
157 1334 253 1398 bilem
275 1342 307 1396 at
328 1355 368 1396 ue
390 1330 540 1395 humilem
566 1329 752 1396 Eburonum
779 1353 838 1394 sua
864 1341 975 1415 sponte
996 1329 1113 1478 populo

116 1427 119 1435 '
156 1419 298 1483 Romano
344 1417 439 1484 ellum
468 1416 573 1480 facere
595 1438 705 1480 ausam
731 1417 785 1480 vix
816 1428 883 1480 erat
910 1415 1026 1479 creden
1049 1437 1112 1478 um.

155 1504 266 1590 Itaque
289 1503 330 1566 ad
351 1501 516 1566 consilium
541 1523 608 1564 rem
638 1501 799 1582 deferunt,
828 1523 1005 1586 magnaque
1031 1502 1114 1564 inter

156 1612 211 1655 cos
238 1590 361 1654 exsistit
391 1589 613 1652 controversia.
646 1587 764 1652 Lucius
782 1586 1014 1651 Aurunculeius
1030 1607 1113 1650 com·

155 1675 326 1762 pluresque
365 1673 482 1738 tribuni
521 1671 655 1736 militum
689 1685 720 1735 et
755 1675 926 1757 primorum
967 1673 1114 1736 ordinum

156 1762 355 1826 centuriones
377 1758 456 1822 nihil
476 1767 595 1822 temere
615 1758 773 1842 agendum
789 1779 891 1843 neque
907 1779 949 1821 ex
971 1757 1113 1820 hibernis

156 1848 277 1911 iniussu
310 1844 455 1911 Caesaris
489 1843 715 1908 discedendum
748 1842 981 1906 existimabant:
1017 1866 1115 1928 quan-

158 1935 252 1996 tasvis
290 1953 327 1996 co
349 1931 396 1994 ias
435 1930 529 1992 etiam
567 1927 797 2000 Germanorum
837 1929 985 1992 sustineri
1022 1949 1115 2012 posse

157 2018 283 2081 munitis
323 1953 464 2079 bibernis
509 2013 665 2079 docebant
706 2038 774 2078 rem
815 2035 903 2078 csso.
925 2015 1115 2094 testimonio,

157 2102 242 2188 quod
275 2101 412 2186 primum
443 2099 579 2164 hostium
612 2101 764 2184 impetum
798 2099 904 2162 multis
936 2099 1020 2164 ult-ro
1047 2098 1115 2162 vul·

158 2187 285 2252 neribus
301 2185 412 2249 illatis
448 2184 616 2248 fortissime
652 2186 872 2250 sustinuerint:
909 2207 946 2249 re
979 2185 1116 2249 frumen·

156 2275 237 2338 taria
257 2293 321 2335 non
343 2271 459 2355 premi3
482 2272 602 2334 interea
623 2282 656 2334 et
678 2293 719 2334 ex
740 2272 895 2355 proximis
918 2269 1061 2334 hibernis
1084 2279 1116 2334 et

157 2382 176 2422 a
199 2357 336 2422 Caesare
359 2366 552 2420 conventura
581 2355 740 2420 subsidia:
763 2367 923 2441 postremo
946 2354 1116 2440 quidesse

158 2444 259 2508 levius
281 2452 335 2506 aut
363 2442 493 2526 turpius,
524 2463 620 2526 quam*
647 2453 773 2506 auctore
803 2443 893 2506 hoste
922 2441 961 2506 de
985 2442 1118 2504 summis

157 2529 252 2592 rebus
276 2549 390 2612 capere
412 2526 598 2591 consilium?

222 2614 272 2676 29.
297 2612 417 2678 Contra
442 2635 482 2677 ea
507 2612 648 2678 Titurius
671 2635 742 2676 sero
765 2612 902 2676 facturos
925 2610 1115 2692 clamitabat,

159 2721 255 2785 quum
283 2699 418 2762 maiores
448 2720 558 2762 manus
595 2698 732 2765 hostium
761 2698 916 2761 adiunctis
947 2694 1118 2760 Germanis

158 2786 388 2863 convenissent,
413 2795 467 2846 aut
489 2806 585 2869 quum
607 2783 726 2868 aliquid
749 2782 935 2846 calamitatis
956 2782 990 2844 in
1011 2782 1117 2866 proxi·

158 2874 217 2936 mis
245 2869 400 2933 hibernis
421 2879 505 2934 esset
539 2880 713 2954 acceptum.
762 2869 899 2932 Brevem
933 2865 1120 2931 consulendi

159 2977 229 3021 esse
251 2955 459 3020 occasionem.
509 2952 680 3018 Caesarem
708 2953 855 3017 arbitrari
876 2953 1057 3038 ¹profectum
1085 2953 1119 3016 in
1211 2999 1213 3002 -

157 3041 296 3122 ltaliam3
318 3061 422 3124 neque
444 3038 535 3103 aliter
558 3039 713 3104 Carnutes
742 3038 955 3103 interficiundi
976 3035 1120 3122 Tasgetii

159 3125 326 3191 consilium
354 3124 452 3188 fuisse
479 3137 635 3210 capturos,
665 3146 770 3210 neque
796 3124 980 3205 Eburones,
1009 3125 1037 3186 si
1065 3121 1120 3186 ille

159 3211 294 3291 adesset,
317 3218 405 3273 tanta
425 3211 657 3295 contemptione
672 3211 773 3274 nostri
794 3210 835 3274 ad
850 3219 955 3274 castra
969 3219 1120 3272 venturos

159 3319 239 3362 esse.
265 3296 337 3361 Non
358 3295 482 3359 hostem
504 3305 673 3376 auctorem,
697 3296 754 3360 sed
774 3317 842 3360 rem
864 3303 1024 3378 spectare:
1048 3292 1120 3357 sub

158 3403 228 3446 esse
243 3382 405 3462 Rhenum
429 3403 542 3466 magno
566 3403 635 3446 esse
658 3380 825 3446 Germanis
846 3379 946 3444 dolori
968 3379 1120 3444 Ariovisti

156 3478 291 3533 mortem
315 3475 347 3530 et
374 3468 553 3552 superiores
575 3478 699 3530 nostras
722 3467 885 3546 victorias,
908 3463 1021 3529 ardere
1044 3462 1107 3529 Gal
