2562 3966
194 251 256 316 174
449 249 510 314 DE
531 249 674 316 BELLO
699 249 888 316 GALLlOO

192 429 266 486 runt
287 421 440 507 signaque
475 419 656 484 intulerunt.
699 420 749 484 Ne
778 443 815 486 eo
849 419 975 506 quidem
1003 430 1144 506 tempore

213 507 358 591 uisquam
379 504 448 570 loco
471 508 580 587 cessit,
615 505 671 569 sed
693 506 897 570 circumventi
919 527 1026 571 omnes
1048 508 1143 570 inter·

192 527 327 677 fectique
349 601 429 654 sunt.
463 589 607 654 Eandem
629 589 786 656 fortunam
806 590 877 655 tulit
900 589 1143 676 Camulogenus.

193 675 236 739 At
256 677 288 758 ii,
313 677 367 760 qui
387 675 545 761 praesidio
568 685 676 739 contra
698 685 801 740 eastra
821 674 956 739 Labieni
985 685 1075 740 erant
1095 698 1143 740 re·

194 760 268 842 lieri,
292 782 386 847 quum
408 759 563 846 proelium
585 762 784 825 commissum
807 759 977 842 audissent,
1002 759 1142 827 subsidio

194 847 257 908 suis
278 849 382 910 ierunt
403 845 577 932 collemque
599 855 750 931 ceperunt
770 867 873 933 neque
894 855 1073 910 nostrorum
1087 847 1143 910 mi-

194 930 280 994 liturn
311 932 466 994 victorum
498 932 649 1015 impetum
686 931 841 996 sustinere
868 939 1045 1016 potuerunt.
1090 931 1144 996 Sic

194 1037 265 1079 cnm
287 1018 352 1079 suis
374 1014 566 1099 fugientibus
581 1017 738 1101 permixti,
762 1038 841 1102 quos
862 1039 926 1081 non
942 1015 1041 1081 silvae
1056 1038 1143 1082 mon·

194 1112 302 1186 tesque
328 1110 491 1182 texenmt,
527 1100 568 1164 ab
598 1102 739 1187 equitatu
768 1110 841 1166 sunt
868 1102 1036 1166 interfecti.
1072 1101 1144 1166 Hoc

194 1187 317 1270 negotio
340 1185 481 1250 confecto
503 1183 662 1249 Labienus
684 1188 852 1250 revertitur
873 1187 1064 1272 Agedicum‚
1087 1185 1142 1251 ubi

194 1269 417 1356 impedimenta
437 1271 533 1334 totius
556 1273 713 1336 exercitus
729 1271 840 1336 relicta
855 1280 960 1335 erent:
982 1271 1057 1335 inde
1073 1293 1142 1335 cum

194 1353 336 1420 omnibus
359 1356 457 1440 copiis
479 1355 520 1419 ad
542 1353 711 1420 Caesarem
732 1358 884 1442 pervenit.

255 1440 306 1504 63.
328 1440 515 1505 Defectione
535 1439 740 1506 Haeduorum
762 1445 888 1527 cognita
907 1439 1027 1506 bellum
1049 1463 1143 1527 auge·

192 1537 251 1589 tur.
293 1525 483 1612 Legationes
511 1527 546 1590 in
572 1548 681 1591 omnes
710 1535 819 1613 partes
845 1528 1143 1591 circummittuntur:

192 1621 342 1697 quantum
361 1614 472 1696 gratia,
490 1614 683 1695 auctoritate,
705 1614 839 1698 pecunia
859 1611 975 1694 velent,
999 1611 1040 1676 ed
1061 1611 1145 1675 solli·

192 1696 332 1761 citandus
355 1697 496 1761 civitates
518 1699 677 1780 nituntur;
697 1699 783 1762 nacti
804 1695 940 1780 obsides,
985 1719 1042 1762 uos
1066 1695 1144 1762 Cae·

193 1805 245 1847 sar
266 1782 350 1869 apud
371 1805 425 1848 cos
447 1781 644 1868 deposuerat,
666 1783 779 1848 horum
794 1781 948 1932 suqqdicio
964 1719 1145 1848 dubitantes

192 1869 341 1933 territant.
386 1868 536 1932 Petunta
553 1867 771 1954 Vercingetori
794 1891 812 1932 e
868 1867 970 1950 aedui,
992 1878 1028 1932 ut
1049 1868 1090 1932 ad
1111 1889 1146 1934 se

191 1955 297 2018 veniat
328 1954 529 2039 rationesque
562 1952 639 2018 belli
672 1891 804 2038 gerendi
833 1955 1049 2018 communicet.
1098 1952 1146 2018 Re

191 2041 357 2124 impetrata
378 2037 579 2121 contendunt,
601 2048 636 2103 ut
656 2041 732 2124 ipsis
756 2061 878 2102 summa
898 2039 1021 2124 imperii
1043 2036 1145 2102 treda-

192 2134 257 2206 tur‚
286 2132 317 2186 et
344 2145 381 2187 re
407 2123 440 2186 in
474 2125 720 2189 controversiam
749 2123 885 2188 deducte
905 2125 999 2187 totius
1023 2121 1145 2187 Galbae

192 2206 358 2273 concilium
379 2207 528 2273 Bibracte
549 2209 705 2273 indicitur.
738 2209 860 2273 Eodem
878 2209 1068 2288 conveniunt
1089 2229 1132 2270 un

192 2293 286 2380 dique
308 2293 496 2380 frequentes.
529 2293 737 2358 Multitudinis
752 2294 910 2378 suffragiis
925 2315 975 2356 res
992 2293 1144 2377 permitti·

191 2390 257 2442 tur:
280 2377 322 2442 ad
344 2399 440 2442 unum
459 2401 567 2443 omnes
579 2379 694 2445 Vercin
719 2380 871 2463 etorigem
892 2376 1026 2463 probant
1046 2378 1144 2462 impe·

193 2472 335 2528 retorem.
379 2462 430 2526 Ab
453 2463 513 2528 hoc
540 2464 670 2529 concilio
696 2403 799 2545 iterii,
820 2462 990 2548 Lingones,
1013 2462 1145 2528 Treveri

191 2547 355 2612 afuerunt:
378 2548 432 2630 illi,
456 2548 539 2633 quod
561 2549 728 2612 amicitiam
738 2547 949 2614 Romanorum
971 2546 1144 2633 sequeban-

191 2647 256 2716 tnr3
279 2632 419 2714 lbeveri
448 2633 532 2717 quod
560 2632 691 2697 aberant
712 2630 836 2719 longius
859 2641 890 2697 et
912 2631 952 2695 ab
976 2632 1144 2698 Germanis

200 2715 425 2798 iremcbantur,
454 2740 535 2804 quae
564 2717 622 2781 fnit
649 2739 760 2800 causa,
791 2739 887 2804 quare
908 2727 973 2783 toto
997 2717 1144 2783 abessent

190 2741 273 2868 bello
303 2812 335 2868 et
362 2803 482 2865 neutris
515 2803 637 2866 auxilia·
665 2804 833 2868 mitterent.
887 2803 1004 2888 Magno
1034 2801 1144 2869 dolore

190 2888 316 2953 Haedui
337 2887 443 2952 ferunt
464 2909 498 2950 se
521 2886 659 2952 deiectos
680 2889 867 2974 principatu,
891 2898 1062 2975 queruntur
1082 2887 1143 2953 for·

190 2987 284 3038 tunae
307 2975 581 3038 commutationem
596 2983 627 3037 et
642 2972 789 3038 Caesaris
806 2973 1033 3059 indulgentiam
1053 2974 1087 3038 in
1109 2995 1144 3039 se

190 3060 361 3145 requirunt,
390 3080 494 3144 neque
522 3072 628 3123 tamen
656 3080 747 3123 susce
769 3068 801 3123 to
823 3057 907 3123 bello
930 3081 1020 3122 suurn
1043 3059 1144 3122 consi·

189 3142 267 3206 lium
295 3141 335 3206 ab
368 3141 499 3230 reliquis
529 3165 677 3230 separare
706 3081 832 3208 audent.
876 3142 972 3208 Inviti
1005 3165 1144 3208 summae

190 3229 257 3314 spei
278 3228 494 3294 adolescentes
514 3227 714 3316 Eporedorix
735 3237 766 3292 et
780 3227 998 3293 Viridomarus
1012 3227 1144 3294 Vercin·

189 3312 322 3399 getorigi
344 3325 465 3398 parent.

253 3397 303 3460 64.
317 3397 391 3484 lpse
405 3401 540 3485 imperat
554 3398 685 3486 reliquis
697 3398 875 3466 civitatibus
888 3397 1014 3465 obsides
1026 3396 1143 3462 deden·

7 3453 8 3518 l
126 3533 129 3540 .
189 3479 283 3568 dique
306 3485 465 3549 coustituit
487 3484 580 3550 diem.
627 3485 697 3550 Huc
726 3507 835 3551 omnes
858 3486 989 3573 equites,
1013 3481 1143 3570 quinde-
