2562 3966
417 201 551 267 COMM.
574 201 621 265 VI
644 200 737 265 CAP.
762 201 854 264 1-3.
1054 198 1114 263 119

153 395 232 459 pore
260 374 423 456 resarciri,
458 373 515 438 sed
545 374 639 438 etiam
668 372 840 438 maioribus
875 372 986 457 augeri
1015 371 1114 455 copiis

153 466 272 544 posset.
303 457 397 537 Quod
412 481 507 545 quum
521 459 691 544 Pompeius
714 467 746 521 et
766 456 959 542 reipublicae
986 465 1017 520 et
1039 457 1114 520 ami-

155 544 248 610 citiae
270 545 450 633 tribuisset,
481 543 626 610 celeriter
648 543 790 609 confecto
813 565 871 627 per
893 564 966 606 suos
989 541 1114 605 delectu

154 629 256 692 tribus
271 640 343 694 ante
360 639 505 694 exactam
520 630 657 695 hiemem
673 638 703 693 et
723 629 900 694 constitutis
924 637 955 691 et
970 626 1114 690 adductis

154 713 333 800 legionibus
363 713 585 800 duplicatoque
618 737 727 778 earum
762 713 936 778 cohortium
970 734 1113 794 numero,

155 821 235 884 quas
279 823 351 864 cum
382 798 421 878 Q.
456 800 578 865 Titurio
616 801 780 880 amiserat,
818 808 850 861 et
889 797 1050 862 celeritate
1084 805 1115 860 et

156 885 254 968 copiis
280 885 403 967 docuit,
431 885 508 970 quid
533 885 642 971 populi
672 885 802 949 Romani
825 881 990 968 disciplina
1019 892 1114 968 atque

156 991 232 1054 opes
254 979 393 1054 possent.
916 995 918 1000 ·

219 1055 249 1120 2.
271 1055 440 1120 Interfecto
462 1055 695 1135 Indutiomaro,
728 1063 763 1118 ut
786 1055 958 1133 docuimus,
982 1053 1024 1116 ad
1047 1055 1114 1116 eius

153 1141 346 1226 propinquos
369 1164 389 1204 a
411 1141 560 1207 Treveris
582 1142 748 1226 imperium
764 1140 914 1204 defertur.
946 1137 999 1202 Illi
1020 1139 1114 1202 finiti·

155 1247 223 1289 mos
246 1224 423 1292 Germanos
446 1226 616 1291 sollicitare
640 1236 670 1290 et
691 1228 860 1312 pecuniam
885 1224 1028 1309 polliceri
1050 1245 1114 1288 non

156 1309 321 1375 desistunt.
351 1311 456 1390 Quum
472 1312 511 1375 ab
527 1313 682 1397 proximis
705 1313 874 1396 impetrare
890 1333 953 1375 non
974 1317 1113 1394 possent,

155 1395 321 1460 ulteriores
344 1406 475 1460 tentant.
504 1397 645 1460 Inventis
661 1396 822 1461 nonnullis
838 1394 1017 1460 civitatibus
1031 1396 1114 1458 iure·

155 1481 289 1545 iurando
304 1483 386 1546 inter
408 1505 443 1546 se
465 1482 653 1546 confirmant
668 1481 895 1566 obsidibusque
918 1481 957 1544 de
979 1481 1115 1565 pecunia

156 1575 286 1630 cavent:
310 1567 453 1632 Ambiori
477 1590 527 1631 em
550 1567 611 1632 sibi
633 1571 784 1642 societate
808 1576 839 1631 et
860 1565 988 1631 foedere
1004 1565 1115 1629 adiun-

156 1660 244 1800 gunt.
283 1651 405 1730 Quibus
427 1590 522 1716 regbus
545 1654 678 1736 cognitis
703 1651 831 1732 Caesar,
856 1675 951 1738 quum
974 1650 1114 1736 undique

180 1735 275 1800 ellum
297 1741 404 1822 parari
425 1738 557 1820 videret,
580 1739 724 1820 Nervios,
748 1737 931 1800 Aduatucos
954 1758 991 1800 ac
1005 1735 1113 1798 Mena-

156 1823 225 1906 pios
253 1823 408 1887 adiunctis
439 1822 643 1888 Cisrhenanis
674 1822 820 1890 omnibus
843 1821 1012 1887 Germanis
1043 1842 1114 1884 esse

156 1907 190 1971 in
212 1910 316 1989 armis,
340 1907 483 1974 Senones
505 1909 546 1972 ad
567 1911 757 1994 imperatum
776 1931 841 1972 non
855 1908 965 1971 venire
989 1915 1020 1969 et
1042 1927 1115 1970 cum

158 1990 349 2058 Carnutibus
366 1994 570 2080 finitimisque
586 1995 765 2060 civitatibus
788 1993 921 2058 consilia
943 1991 1114 2056 communi·
1152 2055 1158 2058 .

157 2099 231 2142 care
242 2126 251 2160 ,
289 2101 309 2142 a
344 2080 493 2144 Treveris
531 2078 708 2145 Germanos
746 2078 865 2144 crebris
902 2075 1115 2162 legationibus

156 2162 328 2246 sollicitari,
351 2166 503 2230 maturius
520 2164 580 2230 sibi
603 2165 642 2230 de
664 2164 749 2229 bello
765 2163 967 2249 cogitandum
982 2163 1114 2248 putavit.

221 2249 251 2312 3.
273 2249 385 2334 Itaque
407 2250 547 2315 nondum
566 2250 669 2316 hieme
692 2249 836 2318 confecta
850 2250 1002 2334 proximis
1048 2256 1114 2312 uat-

156 2341 228 2398 tuor
254 2337 371 2398 coactis
401 2335 579 2420 legionibus
607 2335 647 2400 de
669 2337 841 2421 improviso
869 2337 902 2398 in
932 2333 1012 2398 fines
1065 2355 1114 2396 er·

156 2421 280 2484 viorunr
308 2421 468 2486 contendit
496 2431 542 2502 et,
576 2422 760 2506 priusquam
788 2419 836 2484 illi
863 2429 916 2485 aut
944 2419 1114 2484 convenire

157 2513 211 2568 aut
225 2505 393 2590 profugere
408 2515 548 2591 possent,
571 2529 686 2590 magno
701 2508 823 2591 pecoris
844 2515 937 2591 atque
952 2503 1115 2568 hominum

156 2611 288 2655 numero
318 2601 409 2676 capto
437 2602 531 2678 atque
562 2613 600 2654 ea
626 2591 745 2676 praeda
777 2590 928 2654 militibus
962 2610 1115 2656 concessa

156 2677 352 2762 vastatisque
373 2678 459 2762 agris
481 2679 514 2740 in
529 2677 722 2741 deditionem
737 2679 846 2740 venire
869 2684 964 2761 atque
987 2673 1114 2739 obsides

158 2758 219 2824 sibi
242 2761 318 2825 dare
333 2764 445 2846 coegit.
473 2762 521 2826 Εο
538 2761 682 2826 celeriter
705 2762 846 2826 confecto
861 2761 988 2844 negotio
1003 2780 1115 2823 rursus

157 2845 191 2910 in
212 2845 347 2911 hiberna
368 2846 510 2932 legiones
531 2847 669 2910 reduxit.
700 2846 843 2912 Concilio
867 2845 990 2910 Galliae
1012 2846 1115 2929 primo

158 2953 250 3012 vere,
284 2942 319 2996 ut
339 2933 533 3015 instituerat,
566 2932 700 3015 indicto,
735 2955 832 3018 quum
853 2930 967 3017 reliqui
988 2937 1116 3015 praeter

157 3014 316 3099 Senones,
347 3017 502 3082 Carnutes
532 3018 752 3104 Treverosque
782 3018 960 3098 venissent,
991 3015 1116 3078 initium

157 3099 235 3164 belli
257 3125 295 3166 ac
324 3103 509 3169 defectionis
538 3104 599 3167 hoc
629 3125 699 3168 esse
732 3102 917 3183 arbitratus,
952 3109 987 3162 ut
1008 3100 1116 3164 omnia

156 3195 346 3272 postponere
368 3189 537 3271 videretur,
561 3189 729 3254 concilium
743 3187 902 3252 Lutetiam
920 3183 1116 3251 Parisiorum

158 3273 316 3337 transfert.
354 3272 502 3338 Confines
526 3282 614 3338 erant
636 3274 669 3337 hi
691 3272 869 3340 Senonibus
893 3271 1116 3352 civitatemque

157 3367 283 3441 patrum
305 3360 457 3423 memoria
479 3360 723 3438 coniunxerant,
758 3357 815 3422 sed
837 3355 877 3422 ab
900 3354 961 3419 hoc
984 3353 1116 3418 consilio

158 3441 274 3507 afuisse
303 3444 572 3509 existimabantur.
608 3443 688 3508 -Hac
714 3465 749 3506 re
778 3465 835 3528 pro
866 3450 1016 3524 suggestu
1044 3461 1116 3524 pro·
