2562 3970
190 233 216 296 O
552 229 806 293 PRAEFATIO.

187 425 284 488 quum
299 413 406 487 aperte
421 403 499 467 haee
515 401 615 468 altera
629 401 803 465 sententiae
815 421 890 486 pars
906 399 948 463 ab
964 401 1146 486 interprete

186 487 329 573 profecta
351 489 407 572 sit,
437 487 491 572 qui
522 485 629 549 verbis
659 495 814 565 ipnnnque
842 493 962 550 muitum
992 495 1146 550 miserunt

189 571 372 657 adscripsit:
395 580 442 636 sie
463 585 496 636 ut
515 593 612 647 ‚omne
632 593 726 649 penus
742 577 894 644 (telorum)
920 577 1033 650 quibus
1056 579 1145 650 iynis

185 665 365 740 periectas
390 659 680 721 solitusestmitii.‘
719 655 830 740 Itaque
858 657 960 721 verba
987 656 1067 720 inde
1102 655 1145 720 ab

186 752 234 808 sic
256 755 289 805 ut
309 744 397 805 uncis
422 742 547 808 inclusi.

251 825 318 890 Sub
339 826 434 891 finem
460 850 486 892 c.
510 826 550 889 18
578 827 701 889 restitui
728 847 903 910 pronomen
932 850 966 892 se
996 827 1038 890 ab
1065 827 1147 912 Nip-

186 912 317 1000 perdeio
332 914 480 975 omissum
503 919 550 992 tii
569 919 599 973 si
615 917 747 989 fecisset,
772 919 802 976 ei
822 934 861 975 se
877 921 1026 992 promisit
1041 921 1146 978 omnio

188 1002 424 1076 concessurum).
448 997 548 1061 Abest
577 1017 610 1058 se
639 1017 659 1059 a
684 995 782 1060 Paris.
812 1019 891 1079 sec.;
912 1000 947 1060 in
976 997 1069 1062 Leid.
1093 1020 1144 1083 pr.

188 1081 306 1147 coaluit
327 1103 398 1144 curn
419 1081 676 1163 antecedentem,
699 1080 783 1144 unde
799 1091 901 1145 ortum
916 1093 965 1147 eat
980 1092 1036 1148 eis.
1061 1081 1142 1150 Cod.

188 1166 282 1232 Vind.
307 1174 339 1229 et
359 1165 575 1251 Oudendorpii
597 1164 672 1229 libri
692 1187 725 1229 se
746 1165 872 1230 habent.

251 1249 379 1314 Initium
407 1274 433 1316 c.
461 1253 503 1315 20
531 1249 615 1335 apud
640 1250 866 1335 Nipperdeium
901 1263 932 1316 et
963 1253 1063 1338 vulgo
1097 1256 1146 1318 sic

187 1337 390 1402 constitutum
419 1347 484 1401 est:
518 1343 605 1412 ,Quod
633 1341 802 1416 Pompeius,
833 1360 872 1402 ex
897 1343 1044 1418 persupis
1076 1362 1146 1405 cum

188 1429 367 1488 deditionem
394 1429 501 1502 oppidi
529 1429 642 1500 factam
669 1442 735 1484 esse
766 1431 884 1501 scisset,
915 1437 1022 1489 costra
1052 1435 1148 1489 mouit

192 1513 314 1573 Ucubim
334 1529 442 1572 ansus
464 1521 492 1571 et
520 1515 632 1571 circum
661 1527 697 1568 en
723 1513 792 1571 loeo
827 1517 953 1573 castella
989 1518 1147 1591 disposuit

187 1606 216 1658 et
236 1599 451 1657 munitionibus
472 1615 506 1656 se
527 1597 681 1656 continere
708 1601 814 1670 coepit.
849 1601 965 1658 Ucesor
994 1604 1088 1660 movit
1118 1613 1147 1662 et

186 1685 321 1760 propius
342 1690 446 1742 costra
468 1685 580 1740 castris
603 1683 734 1739 contulit.
757 1676 874 1742 Misere
897 1680 1041 1744 abundat
1062 1681 1146 1746 illud

191 1770 285 1840 Quod,
307 1785 348 1826 ne
371 1785 410 1827 ue
433 1762 558 1826 defendi
581 1768 683 1845 potest
705 1759 791 1838 locis,
816 1764 927 1848 quales
950 1766 1145 1831 Oudendor-

188 1853 260 1934 pius
294 1848 335 1911 ad
350 1785 390 1912 b.
423 1849 480 1910 civ.
515 1845 578 1926 111,
608 1846 657 1926 17,
686 1846 706 1908 6
737 1847 916 1933 adscripsit.
955 1851 1021 1915 Ubi
1058 1855 1147 1917 enirn

189 1933 351 1998 abundare
373 1933 498 1996 videtur
521 1937 602 2010 quod
622 1929 688 2015 (vel
710 1937 790 2012 boe),
813 1935 876 2017 ipsi
901 1937 1003 2001 verbo
1025 1940 1146 2022 prima-

190 2020 237 2082 rio
261 2018 440 2081 adiunctum
462 2026 518 2098 est,
542 2037 582 2078 ex
603 2037 664 2099 quo
685 2016 803 2099 pendet
825 2023 984 2085 sententia
1006 2044 1068 2106 per
1097 2025 1147 2088 in-

189 2103 344 2167 finitivum
368 2104 535 2181 enuntiata,
555 2121 635 2185 quac
649 2099 703 2163 illo
722 2105 909 2184 pronomine
927 2110 1146 2193 praecipitur3

190 2207 344 2271 nusquam
359 2197 463 2250 autern
476 2185 554 2249 illud
568 2206 739 2270 pronomen
755 2187 933 2254 seiunctum
945 2201 994 2256 est
1009 2215 1030 2256 a
1041 2195 1147 2260 verbo

191 2275 273 2335 inter
296 2273 374 2335 osita
387 2295 424 2335 ea
434 2273 504 2356 ipsa
519 2272 679 2350 sententia,
696 2292 790 2355 quam
807 2295 1018 2358 praemonere
1035 2278 1145 2344 debet.

191 2293 345 2441 Diapiicet
374 2377 513 2443 quoque,
547 2353 631 2441 quod
659 2354 792 2439 abrupte
820 2359 930 2426 addita
955 2365 1020 2426 sint
1041 2365 1149 2430 verba

194 2449 305 2516 Uuesnr
326 2451 509 2521 montesis,
534 2462 614 2540 quae
635 2448 740 2503 tamen
769 2442 892 2509 interno
915 2449 1047 2514 vinculo
1072 2473 1148 2517 cum

191 2525 448 2592 antecedentibus
470 2532 676 2590 contrnentur.
711 2523 912 2613 Quapropter
941 2545 1015 2618 post
1044 2545 1151 2619 coepit

191 2613 309 2675 inserui
331 2620 415 2675 etiam
438 2620 469 2674 et
483 2612 669 2674 sententiam
683 2609 763 2674 hanc
779 2614 917 2680 evadere
932 2619 1030 2684 iussi:
1056 2627 1152 2697 Quod

194 2702 360 2775 Pompeius,
384 2719 422 2761 esc
439 2703 582 2776 persnpis
606 2717 692 2773 quum
716 2702 895 2765 deditionem
912 2713 1022 2784 oppidi
1029 2713 1150 2785 facicm

191 2803 257 2846 esse
277 2790 393 2863 scisset,
417 2793 519 2847 castro
540 2789 629 2844 mouit
653 2785 773 2844 Ucubim
794 2805 903 2850 uersus
927 2803 956 2853 et
971 2799 1091 2857 circum
1108 2817 1148 2859 ea

192 2874 259 2931 toea
286 2874 409 2931 castello
437 2873 587 2944 disposuit
614 2876 644 2928 et
669 2874 883 2934 munitionibus
913 2897 948 2938 se
982 2887 1150 2946 continere

193 2960 297 3031 coepit,
322 2960 373 3016 eti
379 2974 432 3016 cm
455 2958 566 3015 Caesar
586 2957 677 3014 movit
696 2962 725 3014 et
740 2961 876 3034 propius
899 2973 1005 3026 costra
1029 2975 1151 3031 castris

194 3044 325 3102 eontulit.

253 3121 346 3187 Initio
369 3144 395 3188 c.
418 3121 460 3184 24
480 3121 517 3183 N.
540 3120 619 3184 haec
641 3119 755 3184 edidit:
784 3127 950 3204 Pompeius
978 3155 1048 3200 eum
1078 3149 1151 3204 ani.

193 3214 387 3274 memorerm
406 3213 525 3272 castello
547 3227 580 3270 se
602 3213 724 3270 excludi
745 3211 895 3290 Aspauia,
929 3227 1014 3296 quod
1037 3235 1087 3288 est
1110 3234 1150 3292 ab

197 3295 290 3356 Ucubi
317 3301 401 3359 milia
425 3311 570 3370 passuum
605 3295 641 3366 V,
664 3297 739 3355 bueo
765 3316 817 3358 res
843 3309 1027 3371 necessario
1053 3317 1148 3378 deno.

193 3382 287 3454 cubat,
310 3391 344 3442 ut
364 3383 407 3442 ad
425 3383 623 3441 dimicandum
645 3383 846 3445 descenderet.
885 3385 930 3451 At
953 3390 1047 3457 abest
1071 3409 1106 3460 nt
1131 3422 1151 3464 a

193 3456 290 3525 Paris.
308 3483 381 3545 sec.;
397 3462 429 3524 in
444 3459 536 3524 Vind.
560 3459 703 3525 hocloco
726 3469 772 3540 ei,
797 3478 829 3530 ut
849 3482 925 3552 post·
939 3482 1152 3550 dimicandum
