2532 3968
193 226 272 298 XIV
547 224 802 296 PRAEFATIO.

194 403 265 470 seu
285 404 440 478 insumus·
465 419 560 467 coust
589 420 627 464 ex
654 403 761 475 Belpto
789 403 1043 468 transierant
1070 395 1142 479 (out

194 505 297 554 oroneo
316 491 383 565 [ere
405 491 445 548 tis
466 489 636 553 nominibus
651 490 797 550 civitatum
816 488 1014 562 appellantur,
1032 487 1140 560 quous

195 578 257 637 ortt
277 592 316 640 cx
338 575 509 638 civitatibus
538 589 572 634 eo
595 566 816 654 pervenerunt)
845 578 873 633 et
893 572 968 636 tetto
991 573 1075 632 illato
1097 572 1142 637 iti

190 667 427 738 permanserunt
448 667 538 733 utque
565 675 660 732 apros
682 660 781 720 colere
803 664 975 734 coeperunt.
1007 651 1140 737 Nipper-

193 740 284 810 deius
314 761 391 820 quos
419 751 508 808 notos
535 747 566 807 to
596 743 696 806 insula
724 745 808 818 ipsi
826 745 968 804 memorio
984 745 1140 818 proditum

193 833 300 896 dicunt
320 826 476 892 exaravit.
515 823 558 891 At
581 847 675 909 quum
696 845 808 910 perum
829 824 967 904 intersit,
990 824 1044 908 qui
1067 822 1138 903 siut,

192 911 248 998 qui
269 910 422 979 memoris
449 909 527 978 illud
548 909 706 994 proditum
728 908 842 989 dicant,
876 915 985 972 contre
1006 906 1138 973 multum

191 996 318 1076 referat,
353 995 526 1062 incolarum
554 1005 677 1079 partem
709 994 742 1058 in
768 992 873 1056 insula
901 1000 970 1073 ipso
992 1014 1062 1062 esse
1084 1014 1138 1060 nu-

190 1089 265 1162 tum,
286 1089 410 1166 purtem
432 1102 474 1148 ex
484 1079 595 1163 Belgio
612 1079 787 1160 advenisse,
811 1087 888 1160 ipso,
912 1076 997 1162 quod
1014 1079 1048 1143 in
1070 1076 1137 1146 cod.

191 1163 326 1251 Scalig„
367 1164 493 1248 Ouiae,
529 1164 617 1232 Leid.
654 1187 701 1250 pr.
737 1165 835 1243 inest,
872 1163 963 1228 unice
1003 1160 1138 1248 proben-

191 1249 267 1316 dum
290 1271 359 1318 esse
378 1251 496 1335 putavi.
526 1247 644 1334 Recepi
662 1249 776 1315 deinde
793 1247 1137 1334 plusquamperfectum

191 1343 380 1402 transierunt
407 1356 503 1420 quum
532 1343 563 1398 et
590 1336 740 1419 temporis
769 1335 891 1402 ratione
912 1332 1064 1418 postulari
1091 1335 1138 1396 vi-

190 1419 317 1500 deutur,
333 1428 364 1484 et
385 1418 537 1488 bonorum
560 1418 712 1488 librorum
738 1419 922 1485 auctoritate
935 1417 1137 1486 commendo·

189 1514 242 1573 tur
254 1504 383 1591 (legitur
395 1505 478 1570 enim
493 1506 526 1574 in
537 1504 635 1572 Paris.
651 1507 751 1589 primo
766 1504 897 1589 aliisque
909 1502 1020 1584 libris),
1033 1525 1138 1589 neque

190 1591 329 1674 suspicio
352 1588 442 1657 abest
457 1591 644 1675 scripturam
661 1597 847 1656 transierunt
871 1597 1068 1655 correcturae
1085 1587 1137 1656 do·

189 1673 261 1740 beri
292 1684 421 1760 propter
459 1696 497 1744 es
529 1696 609 1760 quae
646 1684 819 1760 sequuntur
845 1688 1080 1753 permenserunt
1106 1682 1138 1740 ot

189 1774 355 1840 coeperunt
398 1759 523 1824 effecte

254 1843 291 1909 Ο.
315 1845 355 1910 13
374 1783 412 1912 Fi.
436 1846 577 1929 scripsit:
599 1851 635 1912 ln
658 1852 717 1912 toc
731 1851 826 1911 medio
846 1866 938 1908 eursu
962 1858 1005 1908 est
1026 1851 1135 1918 insuto,

189 1951 267 2008 quoe
294 1937 464 2011 appelletur
490 1937 603 1995 Mona:
625 1938 795 2010 complures
817 1943 981 2011 praetereo
1006 1936 1140 1996 minores

188 2021 397 2084 subiectae
425 2022 542 2081 insulae
570 2023 798 2088 existimantem
826 2022 862 2081 cte
888 2021 999 2094 quitos
1027 2021 1137 2080 insutis

188 2106 330 2164 nonnulli
349 2107 541 2180 scripserunt
561 2108 625 2164 dies
647 2108 805 2166 continuos
820 2107 946 2178 triptota
960 2105 1016 2164 sub
1031 2106 1137 2164 trumo

188 2205 257 2248 esre
285 2197 407 2251 noctem.
452 2184 542 2251 Libri
574 2186 656 2252 inter
683 2192 834 2250 subiectae
863 2192 894 2248 et
924 2191 1054 2249 obiectae
1080 2183 1136 2248 flu-

187 2277 311 2346 ctuent3
333 2279 499 2356 utrumque
521 2269 674 2355 displicet,
700 2270 783 2355 quod
804 2269 922 2335 insulas
945 2268 995 2332 hic
1010 2269 1135 2334 demon·

187 2356 283 2421 strari
314 2377 445 2426 necesse
479 2365 526 2421 est
559 2378 578 2422 a
608 2355 703 2420 Mona
725 2354 764 2418 od
787 2354 1029 2439 septentrionem
1051 2355 1135 2418 sitas.

186 2436 259 2506 seri
282 2441 309 2504 si
329 2441 436 2524 itsquc
456 2447 651 2520 superiectae,

252 2461 290 2590 ὃ.
313 2525 353 2590 15
373 2525 489 2591 retinui
511 2532 572 2590 loct
597 2523 637 2590 sb
657 2522 848 2608 Nipperdem
869 2524 959 2587 uncis
981 2521 1135 2588 inclusum

187 2615 372 2687 (intermisso
395 2613 485 2689 [toci]
506 2607 630 2695 spatio),
654 2609 791 2693 itemque

251 2693 288 2762 C·
320 2694 360 2760 19
382 2702 462 2758 uotis
485 2692 588 2778 (qucum
610 2702 759 2773 equitatus
774 2707 877 2760 noster
896 2700 1023 2761 tiberius
1040 2714 1135 2775 proc-
1250 2737 1251 2752 ,

185 2783 284 2846 tunm
303 2785 502 2856 vastandique
531 2800 625 2846 cuuto
654 2801 687 2843 se
710 2787 858 2862 iurares
880 2787 1018 2859 eiecerat,
1042 2786 1136 2845 omni·

187 2868 244 2928 bus
266 2871 324 2930 otis
346 2872 449 2928 uotis
471 2871 640 2943 semitisque
661 2872 837 2930 essedarios
859 2887 897 2930 εκ
919 2873 1005 2932 silvis
1027 2872 1136 2931 emitte·

186 2953 239 3017 out
246 2971 271 3014 e.
282 2971 309 3028 q.
317 2949 357 3036 r.)
367 2951 501 3031 servavi,
511 2949 595 3034 quod
606 2953 764 3016 eoomisso
772 2951 866 3036 plane
877 2953 1136 3035 ineptenarretur

185 3032 308 3113 nullam
335 3037 419 3103 uam
452 3035 657 3121 semitamque
678 3036 784 3115 fuisse,
809 3058 871 3137 qua
892 3057 955 3102 non
979 3033 1134 3102 Cassivel-

185 3117 302 3188 launus
325 3119 501 3190 essedarios
524 3144 565 3188 ex
594 3121 681 3186 silvis
703 3123 850 3187 emiserrt.
894 3120 1051 3186 Abletivis
1073 3119 1135 3184 illis

185 3212 323 3269 omuibus
351 3213 409 3274 viis
439 3215 519 3274 notis
550 3215 721 3287 semitisque
750 3229 878 3272 causam
904 3207 1046 3287 indicari,
1080 3225 1136 3268 our

185 3287 420 3358 Cassivellauni
442 3291 578 3360 conditio
606 3293 718 3357 melior
739 3292 833 3356 fuerit
861 3291 1082 3370 Romanorum,
1105 3298 1136 3353 et

184 3373 270 3438 unde
292 3375 409 3444 seeum
432 3377 481 3459 sit,
504 3386 539 3444 ut
560 3399 601 3442 ex
622 3379 674 3444 ino
698 3379 781 3444 insto
810 3377 960 3442 essedarii
983 3400 1023 3442 ex
1046 3374 1134 3440 silvis

184 3463 402 3546 proruperint²
422 3471 508 3528 recte
534 3465 654 3530 monuit
676 3401 899 3532 gchneideruss
