2538 3978
242 235 244 241 '
353 226 486 291 COMM.
509 227 558 290 HI
581 226 672 291 OAP.
697 223 810 289 7-10.
1038 225 1077 290 81

124 397 270 463 Caesaris
293 399 429 463 amicitia
459 399 586 480 avertit3
603 406 802 469 ,conventum
825 395 949 460 Salonis
983 419 1080 482 quum

123 506 226 570 neque
254 482 530 568 pollicitationibus
557 505 660 569 neque
690 483 925 546 denuntiatione
946 482 1079 566 periculi

123 591 308 655 permovere
329 579 446 654 posset,
469 569 618 654 oppidum
640 590 823 654 oppugnare
845 569 986 631 instituit.
1019 567 1079 630 Est

122 664 227 744 autem
250 655 398 740 oppidum
414 665 445 717 et
458 653 520 718 loci
542 664 656 718 natura
672 663 703 718 et
724 653 805 717 colle
828 654 990 716 munitum.
1014 653 1079 717 Sed

122 740 269 804 celeriter
296 741 382 803 cives
411 740 545 805 Romani
574 739 687 824 ligneis
718 739 836 802 effectis
865 737 1005 800 turribus
1028 738 1076 802 his

122 847 192 888 sese
214 827 394 890 munierunt
415 836 454 908 et,
479 848 574 910 quum
604 832 709 888 essent
730 823 844 886 infirmi
868 823 909 886 ad
930 825 1077 886 resisten-

121 909 196 974 dum
222 917 350 996 propter
385 913 574 996 paucitatem
606 909 766 974 hominum
794 909 915 972 crebris
946 909 1079 972 confecti

120 995 313 1078 vulneribus,
337 995 378 1059 ad
400 1006 575 1060 extremum
598 995 749 1058 auxilium
772 994 1003 1058 descenderunt
1014 1017 1076 1058 ser-

119 1103 240 1166 vosque
273 1104 381 1146 omnes
414 1081 550 1166 puberes
587 1080 801 1144 liberaverunt
837 1088 868 1144 et
904 1081 1076 1164 praesectis

120 1169 261 1232 omnium
276 1166 442 1230 mulierum
462 1166 601 1230 crinibus
615 1175 773 1229 tormenta
788 1165 968 1228 effecerunt.
992 1163 1075 1242 Quo·

119 1274 190 1316 rum
205 1274 241 1315 co
265 1255 331 1316 nita
346 1249 501 1316 sententia
513 1252 664 1317 Octavius
681 1252 784 1337 quinis
800 1252 911 1313 castris
927 1251 1075 1335 oppidum

119 1275 324 1401 circumdedit
346 1348 440 1424 atque
467 1360 530 1401 uno
557 1347 696 1421 tempore
726 1336 890 1400 obsidione
920 1346 951 1399 et
980 1359 1075 1420 oppu-

119 1423 319 1508 gnationibus
350 1445 403 1487 eos
425 1445 568 1508 premere
591 1424 702 1506 coepit.
736 1421 786 1484 illi
819 1424 923 1484 omnia
954 1425 1075 1506 perpeti
1131 1479 1133 1484 .

117 1510 220 1592 parati
241 1510 377 1571 maxime
399 1531 419 1571 a
439 1531 474 1571 re
502 1509 704 1572 fiumeutaria
730 1506 924 1570 laborabant.
969 1505 1075 1584 Quare

118 1595 222 1656 missis
245 1594 286 1657 ad
308 1593 479 1658 Gaesarem
493 1593 604 1678 legatis
620 1591 771 1656 auxilium
786 1591 827 1655 ab
850 1613 887 1655 eo
908 1592 1074 1677 petebant3

118 1677 249 1762 reliqua,
272 1689 306 1743 ut
327 1689 481 1764 poterant,
508 1678 707 1743 incommoda
733 1698 847 1763 perse
870 1677 1074 1740 sustinebant.

42 1819 44 1822 .
118 1762 161 1826 Et
182 1763 276 1848 longo
298 1766 482 1849 interposito
504 1767 604 1850 spatio
628 1785 723 1850 quum
756 1762 943 1826 diuturnitas
977 1785 1074 1847 oppu-

118 1850 274 1934 gnationis
301 1849 559 1934 neglegentiores
584 1849 776 1914 Octavianos
799 1848 968 1929 effecisset,
991 1851 1076 1912 nacti

117 1935 317 1998 occasionem
331 1936 495 1999 meridiani
510 1937 660 2020 temporis
676 1935 819 1998 discessu
841 1955 949 2005 eorum
991 1936 1075 1997 ueris

117 2017 366 2106 mulieribusque
380 2022 413 2083 in
428 2043 518 2085 muro
534 2021 702 2105 dispositis,
725 2043 766 2082 ne
783 2018 858 2104 quid
873 1955 1074 2103 quotidianae

118 2105 352 2168 consuetudinis
374 2105 615 2188 desideraretur,
635 2107 697 2190 ipsi
718 2127 813 2168 manu
834 2102 918 2167 facta
940 2126 1011 2167 curn
1027 2106 1074 2186 iis,

117 2211 197 2275 quos
219 2211 321 2274 nuper
341 2192 479 2254 maxime
494 2191 713 2272 liberaverant,
736 2194 768 2254 in
790 2189 936 2274 proxima
950 2187 1076 2252 Octavii

26 2338 31 2346 ,
116 2284 222 2339 castra
235 2277 423 2360 irruperunt.
439 2277 499 2340 His
511 2278 699 2362 expugnatis
715 2275 826 2340 eodem
840 2275 960 2358 impetu
975 2274 1075 2338 altera

117 2370 190 2423 sunt
205 2360 315 2442 adorti,
338 2361 411 2425 inde
433 2363 528 2426 tertia
543 2372 574 2426 et
596 2371 708 2446 quarta
729 2370 761 2426 et
782 2360 930 2444 deinceps
952 2359 1075 2444 reliqua

76 2494 77 2499 η
117 2446 327 2531 omnibusque
349 2469 402 2511 eos
426 2448 537 2511 castris
558 2446 747 2533 expulerimt
763 2455 794 2510 et
807 2467 922 2529 magno
944 2468 1074 2510 numero

116 2531 281 2596 interfecto
308 2531 447 2618 reliquos
476 2542 570 2619 atque
598 2537 702 2618 ipsum
731 2532 899 2596 Octavium
920 2533 954 2594 in
975 2553 1073 2594 naves

117 2617 287 2702 confugere
310 2626 489 2699 coegerunt.
532 2617 595 2682 Hic
616 2618 676 2681 fuit
698 2616 937 2702 oppugnationis
961 2618 1073 2680 exitus.

117 2700 247 2786 lamque
269 2703 370 2767 hiems
401 2703 684 2790 appropinquabat,
708 2713 739 2767 et
760 2703 856 2766 tantis
879 2701 1073 2765 detrimentis

116 2789 252 2872 receptis
290 2787 441 2852 Octavius
485 2789 652 2873 desperata
694 2787 926 2874 oppugnatione
967 2787 1074 2872 oppidi

119 2869 352 2957 Dyrrhachium
374 2897 442 2936 sese
465 2874 506 2938 ad
526 2875 710 2959 Pompeium
732 2874 859 2957 recepit.

182 2959 232 3021 10.
254 2958 548 3024 Demonstravimus
576 2959 613 3022 L.
639 2959 814 3024 Vibullium
835 2957 959 3036 Rufum,
982 2957 1072 3020 Pom·

116 3045 170 3126 pei
183 3043 386 3128 praefectum,
412 3044 461 3109 bis
476 3047 509 3108 in
524 3055 711 3130 potestatem
726 3045 911 3130 pervenisse
928 3041 1073 3106 Caesaris

118 3136 212 3212 atque
245 3129 285 3192 ab
319 3152 356 3193 eo
390 3153 459 3194 esse
493 3131 664 3212 dimissinn,
694 3129 792 3194 semel
819 3127 861 3191 ad
891 3125 1072 3209 Corfinium,

117 3212 230 3276 iterum
253 3215 286 3276 in
307 3215 471 3300 Hispania.
494 3215 588 3280 Hunc
609 3238 666 3300 pro
690 3217 754 3279 suis
768 3213 931 3278 beneficiis
955 3211 1073 3276 Caesar

117 3295 265 3361 idoneum
295 3301 498 3382 iudicaverat,
530 3323 623 3386 quem
660 3316 731 3365 eum
766 3299 923 3364 mandatis
950 3297 991 3361 ad
1014 3295 1072 3360 On.

117 3380 303 3466 Pompeium
324 3388 468 3466 mitteret,
487 3386 687 3471 eundemque
703 3385 787 3470 apud
809 3383 867 3448 On.
889 3382 1073 3468 Pompeium

118 3469 335 3616 auctoritaltpm
361 3470 479 3534 habere
511 3470 724 3554 intellegebat.
761 3470 839 3533 Erat
850 3479 973 3617 6autem
994 3467 1074 3534 baec

160 3569 245 3610 ciem.
297 3601 305 3618 .
