2532 3968
205 265 313 334 XXVI
556 267 800 333 PRAEFATIO

270 438 305 504 Ο.
329 439 371 502 64
392 438 489 506 edidi:
519 443 591 520 Ipse
617 447 744 518 imperat
761 446 889 518 reliquis
906 448 1079 506 ciuitatibus
1099 446 1153 508 ub-

205 532 288 590 sides
303 531 373 590 ded
379 532 451 590 end
457 535 470 590 i
476 547 544 603 que
559 531 812 590 constinn'tdiem.=
832 531 911 590 Huc
926 548 1027 590 omnes
1039 537 1152 606 equites

207 617 379 688 quindecim
393 618 474 674 milia
488 627 610 675 numero
626 618 764 675 celeriter
779 619 942 676 conuenire
957 618 1046 676 iubet.
1076 611 1151 696 Nip-

206 693 356 780 perdeius
386 717 425 757 ea
453 716 534 782 quae
555 693 629 760 libri
650 694 805 780 praebent
826 698 1038 779 corruptionis
1060 699 1086 760 si
1131 719 1151 760 o

204 789 313 843 notata
334 779 451 844 edidit:
479 786 500 857 †
517 788 645 860 deniqne
658 790 688 845 ci
701 789 748 845 rei
762 788 830 845 bue.
867 781 1002 865 Propter
1022 783 1087 846 fina
1100 803 1151 844 em

204 863 359 950 syllabam
387 865 600 929 antecedentis
628 868 715 930 vocis
746 871 835 931 obsid
842 889 881 930 es
897 865 1039 950 'priorem
1060 866 1151 930 verbi

204 957 334 1014 dedendi
355 951 510 1016 excidisse
533 952 691 1036 suspicor3
714 957 861 1030 dendique
884 951 1044 1037 quodiam
1060 973 1150 1036 supe-

202 1045 306 1113 rarat,
335 1036 368 1097 in
391 1043 518 1114 denique
548 1058 617 1099 esse
645 1046 797 1100 mutatum
819 1038 944 1122 iamque
966 1036 1006 1100 ad
1028 1048 1151 1102 senten·
1180 1103 1184 1112 ,

202 1121 279 1183 tiam
301 1119 489 1204 explendam
510 1121 550 1185 ab
573 1122 779 1187 emendatore
796 1121 931 1207 quodam
952 1131 1038 1186 eirei
1057 1123 1150 1186 infer·

202 1214 271 1268 tum
300 1227 379 1286 esse,
406 1208 520 1270 mirum
545 1207 646 1272 videri
673 1208 791 1293 nequit.
833 1206 926 1286 Quod
947 1207 1150 1292 subsequitur

202 1296 279 1370 Huc,
310 1292 431 1354 etiamsi
458 1291 653 1377 displicebat,
682 1313 787 1378 neque
808 1295 876 1356 veri
898 1291 1050 1356 absonum
1073 1293 1151 1356 mihi

203 1375 386 1457 videbatur,
415 1384 584 1460 genuinam
612 1379 799 1463 scripturam
822 1385 872 1442 Ad
891 1384 972 1442 bunc
993 1399 1056 1441 una
1078 1399 1151 1442 oum

203 1460 463 1526 antecedentibus
485 1483 556 1526 esse
578 1475 765 1548 corruptam,
788 1473 910 1527 mutare
932 1472 1037 1527 tamen
1052 1461 1148 1527 nolui.

267 1544 304 1608 O.
327 1546 452 1611 6711011
475 1569 545 1611 esse
566 1549 725 1632 putabam,
751 1557 914 1631 amimea,
939 1548 1023 1634 quod
1045 1551 1077 1612 in
1100 1571 1149 1612 co·
1252 1613 1253 1640 p

203 1630 325 1694 dinibus
348 1646 404 1714 est,
428 1655 499 1697 cum
521 1642 602 1697 intre
624 1656 665 1697 ex
685 1633 869 1718 Nipperdeii
892 1636 1149 1698 sententiaoom-

201 1726 366 1780 mutarem.

266 1800 302 1864 Ο.
327 1805 364 1864 'tt
389 1805 515 1868 servavi
529 1804 690 1890 vulgatam
711 1805 879 1868 lectionem
894 1812 1029 1870 secunda
1044 1813 1149 1884 ciuilio

202 1894 324 1951 silentio
349 1896 508 1964 equitatum
535 1897 706 1954 dimittit.
722 1927 765 1938 -
785 1889 824 1952 N.
840 1897 934 1954 mittit.

267 1970 303 2035 C.
328 1971 368 2036 73
389 1973 423 2034 in
444 1972 533 2037 libris
552 1975 635 2039 baec
656 1977 821 2062 leguntur:
844 1979 950 2055 Itaque
965 1983 1081 2038 truncis
1096 1997 1148 2038 ar-

202 2063 308 2122 borum
330 2071 397 2120 out
421 2066 576 2125 admodum
594 2070 692 2138 firmis
714 2069 808 2126 ramis
830 2069 961 2126 abscisis
983 2074 1072 2138 atque
1095 2067 1148 2122 lto-

200 2165 268 2206 rum
284 2149 440 2207 delibratis
460 2166 497 2210 ac
513 2157 691 2224 praeacutis
720 2154 926 2212 cacuminibus
948 2169 972 2210 e.
995 2167 1022 2224 q.
1038 2168 1062 2210 s.
1108 2144 1147 2208 N.

201 2239 254 2291 aut
274 2228 461 2312 particulam
483 2232 582 2312 eiecit,
606 2241 639 2294 at
656 2236 771 2317 optime
793 2255 862 2296 eam
885 2231 998 2297 deinde
1021 2229 1148 2294 Schnei-

200 2311 295 2376 derus
331 2313 489 2397 defendit3
522 2319 628 2464 itapue
650 2320 774 2382 retinui.

267 2397 301 2461 Ο.
326 2398 366 2461 74
388 2399 426 2462 N.
448 2402 493 2464 ita
515 2403 566 2465 edi
591 2406 629 2465 it:
653 2410 709 2466 His
727 2409 876 2482 perfectis
901 2409 1043 2479 reaiones
1058 2422 1145 2464 seeu-

201 2495 250 2546 tus
265 2505 353 2561 quum
370 2495 472 2565 potuit
493 2496 691 2566 aequissimas
708 2510 771 2568 pro
787 2495 849 2552 loci
862 2499 973 2552 nutura
989 2497 1146 2565 quattuor-

201 2575 296 2633 decim
309 2579 398 2634 vrniliu
415 2593 562 2651 passuum
584 2581 757 2652 complexus
774 2581 866 2654 paris
882 2579 1009 2635 eiusdem
1022 2579 1146 2648 ueneris

200 2661 391 2733 munitiones,
415 2664 552 2720 diuersas
575 2665 612 2721 ab
632 2665 689 2742 lais,
712 2673 819 2722 centra
841 2665 1019 2722 exteriorem
1033 2663 1147 2720 bostem

194 2746 343 2822 perlicit,
380 2754 415 2804 ut
449 2763 486 2805 ue
519 2763 630 2818 meante
664 2750 780 2821 quidem
808 2750 1009 2817 multitudine,
1047 2749 1076 2804 st
1103 2749 1147 2803 ita

201 2833 338 2901 accidat,
382 2834 464 2889 eius
485 2832 506 2903 †
529 2833 709 2892 discessu
757 2836 951 2893 munitionum
985 2833 1146 2907 praesidio

199 2916 405 2989 circumfundi
420 2925 568 2990 possent;
596 2935 641 2979 uc
662 2936 706 2978 ue
729 2937 794 2979 cum
811 2921 952 2996 periculo
975 2935 1014 2978 es
1036 2919 1147 2978 castris

199 3001 308 3072 ceredi
331 3009 514 3074 coeatur,
551 3006 664 3063 dierum
694 3009 818 3078 triuintu
842 3007 986 3081 pabutum
1013 3005 1148 3077 frumen·

199 3091 317 3158 tumque
344 3087 453 3146 tatere
481 3103 581 3148 omnes
610 3099 781 3150 conuectum
814 3093 902 3151 iubet.
947 3083 1055 3147 Verba
1071 3091 1147 3146 eins

198 3170 334 3229 discessu
363 3169 407 3230 ita
434 3169 508 3232 ferri
529 3172 674 3255 nequire,
705 3193 801 3257 quum
822 3171 956 3252 Caesar,
987 3170 1040 3254 qui
1062 3167 1147 3230 solus

198 3247 264 3313 ille'
282 3251 446 3316 discedens
476 3276 545 3319 esse
574 3268 694 3339 posset,
727 3279 830 3342 neque
852 3255 1014 3320 discedere
1035 3253 1146 3320 vellet.

198 3343 231 3398 et
258 3357 300 3398 ne
321 3348 504 3420 cogeretur,
532 3340 720 3406 frumentum
749 3352 890 3425 paratim
921 3340 1039 3404 habere
1060 3337 1147 3400 iube·

198 3426 261 3500 ret,
291 3421 506 3508 Elbcrlingius
529 3435 559 3487 ct
587 3425 649 3512 Nip
673 3427 797 3492 erdeius
824 3434 1020 3505 monuerunt,
1043 3444 1147 3508 neque

198 3515 235 3565 ut
254 3505 318 3567 iam
332 3505 424 3572 aliter
442 3511 622 3594 sentiamus,
646 3451 832 3578 Schneideri
847 3513 1041 3598 expositione
1058 3507 1147 3594 quid·
