2562 3966
372 194 506 260 COMM.
529 193 591 258 Vll
613 193 706 260 CAP.
729 194 844 260 9-12.
1023 191 1082 258 147

130 383 314 452 oppugnare
335 367 469 430 instituit
496 367 529 430 id
552 389 591 432 ue
620 365 716 431 biduo
738 363 1002 447 circumvallavit3
1023 373 1085 429 ter·

130 452 173 516 tio
196 449 247 516 die
268 451 373 515 missis
397 475 437 516 ex
461 390 574 537 oppido
603 451 719 536 legatis
747 450 786 518 de
816 450 974 536 deditione
997 469 1086 514 arma

130 537 280 618 conferri,
317 538 455 605 iumenta
487 537 631 622 produci,
661 547 827 603 sexcentos
856 535 982 602 obsides
1016 535 1084 600 dari

128 621 226 687 iubet.
275 621 320 686 Ut
362 645 433 688 uam
455 626 591 708 primum
619 624 678 686 iter
707 623 839 705 laceret,
870 627 921 688 ea'
937 622 991 708 qui
1012 642 1085 686 oon·

129 707 240 772 ficeret
277 706 313 772 C.
330 646 522 772 'Crebonium
541 707 679 794 legatum
701 707 866 794 relinquit3
887 708 957 793 ipse
980 705 1085 788 Cena·

129 792 206 856 burn
229 755 402 857 Carnutum
424 793 646 878 proficiscitur3
671 795 724 878 qui
745 803 818 870 turn
831 793 969 878 primum
990 791 1087 858 allatu

130 879 240 943 nuntio
263 877 302 942 de
324 881 556 964 oppugnatione
579 879 819 961 Vellaunoduni,
842 900 939 964 quum
959 876 1085 963 longius

130 985 202 1027 eam
223 985 290 1028 rem
305 963 434 1029 ductum
452 965 491 1028 iri
506 966 728 1046 existimarent,
751 963 943 1050 praesidium
961 961 1086 1030 Cenabi

130 1048 239 1114 tuendi
261 1052 365 1132 causa,
389 1049 473 1136 quod
494 1071 532 1114 eo
554 1052 723 1131 mitterent,
747 1047 980 1134 comparabant
1010 1047 1085 1112 Huc

130 1133 227 1200 biduo
254 1135 407 1220 pervenit.
458 1134 578 1200 Castris
605 1146 677 1200 ante
707 1136 855 1221 oppidum
885 1135 996 1220 positis
1023 1132 1100 1198 diei'

130 1233 271 1305 tempore
293 1219 441 1284 exclusus
462 1223 495 1284 in
515 1231 677 1307 posterum
697 1221 961 1306 oppugnationem
983 1218 1088 1284 differt

48 1313 51 1318 '
131 1327 276 1392 quaeque
298 1305 339 1369 ad
361 1328 430 1370 eam
452 1329 521 1372 rem
542 1309 613 1370 usui
636 1308 697 1370 sint
719 1306 869 1377 militibus
890 1307 1024 1392 imperat
1045 1314 1086 1387 et,

131 1389 216 1474 quod
238 1390 388 1476 oppidum
410 1391 576 1458 Cenabum
598 1415 677 1478 pons
697 1391 833 1458 fluminis
848 1392 974 1478 Ligeris
989 1391 1087 1456 conti·

131 1475 236 1558 nebat,
259 1478 387 1559 veritus,
410 1500 451 1543 ne
472 1487 567 1544 noctu
587 1499 629 1542 ex
644 1477 759 1563 oppido
796 1479 985 1562 refugerent,
1009 1475 1087 1543 duas

131 1561 273 1645 legiones
294 1563 328 1624 iu
350 1565 446 1626 armis
469 1564 627 1628 excubare
641 1564 737 1627 iubet.
771 1501 978 1630 Cenabenses
992 1560 1087 1646 paulo

131 1658 205 1710 ante
227 1646 363 1710 mediam
385 1658 509 1714 noctem
539 1649 663 1714 silentio
686 1671 727 1714 cx
750 1649 865 1735 oppido
888 1649 1007 1732 egressi
1029 1645 1087 1710 flu·

132 1753 204 1795 men
231 1734 367 1796 transire
396 1744 574 1819 coeperunt.
620 1735 692 1814 Qua
719 1757 754 1798 re
785 1758 843 1819 per
872 1731 1093 1818 exploratores

131 1817 273 1882 nuntiata
295 1816 416 1884 Caesar
437 1818 587 1904 legiones,
611 1841 688 1905 quas
711 1821 875 1905 expeditas
898 1839 968 1882 esse
989 1819 1087 1882 iusse-

132 1913 191 1984 rat,
214 1904 312 1988 portis
334 1904 471 1968 incensis
500 1907 679 1970 intromitt't
705 1915 800 2054 atquc
828 1903 943 1990 oppido
970 1904 1089 1989 potitur

14 2015 16 2018 ·
132 1991 300 2074 perpaucis
323 2010 363 2052 cx
378 1989 514 2054 hostium
528 2013 658 2055 nurnero
674 1991 741 2062 desi
765 1991 870 2072 eratis,
894 1991 968 2075 quin
984 1988 1088 2054 cuncti

29 2075 31 2079 ’
131 2084 328 2159 caperentur,
358 2075 442 2160 quod
474 2079 577 2161 pontis
613 2087 707 2163 atque
742 2078 888 2142 itinerum
923 2076 1088 2159 angustiae

133 2159 339 2224 multitudinis
368 2161 474 2246 fugam
502 2161 753 2228 intercluserunt.
799 2161 958 2247 Oppidum
982 2161 1089 2245 diripit

132 2256 227 2332 atque
249 2246 397 2328 incendit,
428 2247 578 2332 praedam
606 2247 757 2312 militibus
786 2248 891 2328 donat,
914 2247 1087 2310 exercitum

132 2331 281 2416 Ligerem
302 2331 440 2396 traducit
465 2343 559 2419 atque
580 2334 613 2397 in
635 2333 811 2418 Biturigum
833 2333 912 2398 fines
934 2331 1087 2416 pervenit.

198 2419 248 2482 12.
281 2417 543 2502 Vercingetorix,
566 2419 620 2482 ubi
644 2419 682 2482 de
704 2419 849 2483 Caesaris
878 2417 1015 2482 adventu
1037 2438 1088 2480 co-

133 2505 258 2588 gnovit,
291 2505 523 2589 oppugnatione
547 2503 666 2569 destitit
692 2515 785 2590 atque
808 2503 934 2570 obviam
957 2501 1088 2566 Caesari

155 2588 350 2654 roficiscitur.
383 2589 442 2678 Ille
464 2589 614 2674 oppidum
629 2589 805 2675 Biturigum
871 2589 965 2650 situm
988 2588 1020 2650 in
1035 2588 1089 2650 via

133 2613 356 2740 lioviodunum
379 2697 560 2760 oppugnare
584 2677 770 2742 instituerat.
816 2610 886 2752 Clio
910 2696 950 2736 ex
973 2671 1088 2758 oppido

135 2781 231 2847 quum
252 2761 349 2845 legati
371 2761 412 2824 ad
434 2781 506 2823 eum
521 2761 683 2824 venissent
705 2771 836 2842 oratum,
860 2768 895 2824 ut
917 2759 977 2822 sibi
998 2759 1088 2844 igno·

134 2855 238 2910 sceret
266 2851 405 2931 suaeque
433 2847 518 2910 vitae
551 2845 747 2928 consuleret,
775 2855 810 2912 ut
835 2843 995 2908 celeritate
1017 2842 1088 2907 reli·

135 2953 215 3017 quas
242 2953 294 2996 res
317 2931 498 3014 conficeret,
529 2953 593 3016 qua
612 2931 762 3018 pleraque
793 2940 860 2994 erat
889 2937 1087 3009 consecutus,

135 3039 224 3083 arma
252 3018 403 3097 conferri,
438 3037 536 3102 equos
565 3017 705 3100 produci,
739 3016 866 3082 obsides
894 3014 964 3078 dari
991 3013 1087 3077 iubet.

136 3103 230 3166 Parte
245 3101 468 3174 iamobsidum
483 3101 606 3184 tradita,
630 3121 725 3188 quum
747 3102 871 3187 reliqua
892 3098 1088 3163 administra-

135 3199 253 3271 rentur,
276 3187 510 3252 centurionibus
532 3201 564 3250 et
585 3191 692 3274 paucis
719 3187 869 3252 militibus
891 3183 1088 3264 intromissis,

137 3275 190 3361 qui
205 3296 295 3338 arma
308 3275 509 3359 iumentaque
525 3276 755 3359 conquirerent,
779 3275 935 3358 equitatus
950 3269 1088 3333 hostiurn
1139 3281 1140 3284 ’

136 3359 246 3446 procul
267 3361 354 3424 visus
377 3368 434 3440 est,
458 3360 511 3444 qui
527 3379 640 3442 agmen
656 3357 924 3442 Vercingetorigis
948 3365 1090 3420 anteces-

137 3455 232 3512 serat
277 3443 380 3524 Qnem
402 3443 590 3529 simulatque
618 3444 768 3530 oppidani
789 3449 1022 3590 cqqpspexerrmt
1043 3448 1092 3504 at·
