2538 3978
195 229 239 296 94
484 231 546 295 DE
568 231 711 296 BELLO
735 229 869 296 OIVILI

196 392 352 467 maximas
366 402 549 488 largitiones
571 403 647 466 fecit
660 413 692 466 et
714 402 1000 468 confirmandorum
1021 401 1164 468 militum

197 511 294 554 causa
316 488 511 574 diripiendas
533 488 583 551 his
607 491 749 554 civitates
771 489 867 552 dedit.

260 574 311 638 32.
334 574 463 641 Interim
492 575 695 638 acerbissime
724 576 895 659 imperatae
916 575 1071 660 pecuniae
1092 582 1165 638 tota

196 661 361 746 provincia
383 659 600 744 exigebantur.
616 660 718 724 Multa
738 671 905 745 praeterea
925 661 1101 745 generatim
1118 659 1164 722 ad

198 747 365 809 avaritiam
380 745 650 830 excogitabantur.
677 745 712 808 ln
733 747 839 830 capita
852 745 977 829 singula
992 767 1163 809 servorum

197 853 251 912 ac·
268 831 440 895 liberorum
479 831 632 894 tributum
673 831 909 916 imponebatur,
954 831 1161 910 columnaria,

198 917 336 997 ostiaria,
359 917 556 997 frumentum,
573 917 698 998 milites,
712 939 809 996 arma,
824 917 969 1000 remiges,
992 924 1162 990 tormenta,

197 999 347 1065 vecturae
368 1001 622 1088 imperabantur,
638 1005 726 1067 cuius
748 1001 841 1066 modo
863 1003 911 1065 rei
932 1023 1047 1066 nomen
1068 1021 1164 1084 repe-

197 1089 253 1149 riri
274 1097 407 1171 poterat,
429 1088 491 1151 hoc
513 1089 588 1151 satis
604 1109 675 1152 esse
697 1088 739 1152 ad
760 1087 918 1171 cogendas
940 1089 1091 1172 pecunias
1113 1085 1163 1148 vi-

199 1171 341 1235 debatur.
385 1173 457 1237 Non
486 1172 589 1238 solum
616 1173 757 1254 urbibus,
788 1172 845 1237 sed
872 1194 975 1258 paene
1000 1174 1079 1236 vicis
1108 1192 1163 1234 ca

199 1257 362 1344 stellisque
385 1258 517 1343 singulis
541 1279 613 1323 cum
640 1261 774 1344 imperio
795 1258 1071 1343 praeficiebantur.
1094 1255 1162 1334 Qui

198 1341 311 1406 horum
333 1344 409 1428 quid
439 1345 641 1408 acerbissime
671 1344 889 1408 crudelissime
913 1365 953 1406 ue
979 1341 1161 1423 feceratis

199 1436 231 1490 et
259 1429 310 1491 vir
338 1439 370 1492 et
397 1431 475 1493 ciris
504 1433 638 1515 optimus
668 1429 853 1494 habebatur.
892 1367 972 1492 brat
1003 1428 1099 1513 plena
1121 1425 1161 1488 li-

201 1522 324 1577 ctorum
353 1524 385 1578 et
410 1517 615 1600 imperiorum
643 1517 816 1600 provincia,
846 1514 970 1580 differta
991 1512 1160 1598 praefectis

199 1608 294 1684 atque
326 1602 543 1684 exactoribus,
574 1602 628 1687 qui
659 1611 785 1685 praeter
806 1603 975 1685 imperatas
1008 1599 1160 1684 pecunias

198 1705 255 1747 suo
279 1686 374 1748 etiam
395 1689 518 1772 privato
547 1686 733 1771 compendio
756 1685 951 1750 serviebant:
974 1683 1161 1748 dictitabant

198 1771 283 1834 enim
306 1793 340 1833 se
356 1771 448 1836 domo
462 1775 627 1858 patriaque
643 1773 792 1858 expulsos
812 1771 957 1836 omnibus
971 1769 1161 1833 necessariis

197 1877 293 1940 egere
315 1855 420 1939 rebus,
443 1867 478 1921 ut
500 1859 633 1923 honesta
659 1858 906 1943 praescriptione
927 1879 995 1920 rem
1017 1853 1160 1940 turpissi-

198 1963 283 2005 mam
304 1951 457 2027 tegerent.
479 1943 685 2009 Accedebant
697 1944 745 2023 ad
759 1943 839 2008 haec
860 1943 1066 2026 gravissimae
1087 1961 1160 2004 usu-

197 2048 262 2108 rae,
297 2029 381 2112 quod
413 2031 446 2101 in
479 2030 564 2096 bello
596 2029 783 2114 plerumque
819 2026 963 2092 accidere
996 2025 1161 2090 consuevit

197 2113 357 2177 universis
385 2115 547 2200 imperatis
576 2117 734 2200 pecuniia3
764 2114 877 2199 quibus
904 2115 938 2176 in
966 2111 1061 2176 rebus
1089 2131 1159 2200 pro-

198 2196 348 2263 lationem
378 2200 441 2264 diei
468 2201 668 2266 donationem
691 2223 761 2264 esse
783 2198 939 2262 dicebant.
972 2198 1084 2281 ltaque
1106 2217 1159 2260 aes

200 2281 339 2348 alienum
374 2288 557 2369 provinciae
594 2307 631 2350 eo
667 2287 796 2350 biennio
828 2282 1070 2370 multiplicatum
1101 2290 1158 2344 est.

197 2366 309 2452 Neque
331 2372 435 2436 minus
458 2373 498 2438 ob
522 2395 592 2436 eam
622 2395 752 2436 causam
775 2371 897 2434 civibus
919 2368 1068 2434 Romanis
1091 2368 1157 2430 eius

197 2455 395 2553 provinciae,
427 2458 484 2522 sed
515 2461 549 2522 in
576 2457 716 2543 singulos
750 2466 923 2522 conventus
956 2452 1158 2538 singulasque

199 2540 342 2605 civitates
371 2553 476 2607 certae
503 2547 658 2629 pecuniae
686 2543 938 2628 imperabantur,
972 2548 1157 2622 mutuasque
1251 2607 1252 2610 ,

194 2623 269 2688 illas
292 2649 334 2690 ex
355 2630 627 2694 senatusconsulto
643 2630 729 2713 exigi
745 2628 946 2708 dictitabant3
969 2625 1156 2712 publicanis,

197 2711 287 2774 utin
310 2712 404 2798 Syria
431 2715 580 2796 fecerant,
610 2717 805 2800 insequentis
833 2715 909 2778 anni
930 2711 1067 2796 vectigal
1087 2731 1155 2795 pro·

197 2805 349 2861 mutuum.
1251 2845 1252 2868 ,

264 2883 315 2946 33.
337 2883 509 2950 Praeterea
540 2885 661 2972 Ephesi
694 2907 713 2948 a
744 2885 816 2950 iano
849 2884 974 2948 Dianae
997 2883 1156 2967 depositas
1251 2885 1252 2920 ³

199 2967 369 3054 antiquitus
396 2973 546 3056 pecunias
580 2972 684 3057 Scipio
717 2969 786 3036 tolli
817 2970 956 3035 iubebat.
1001 2968 1157 3054 Certaque

198 3054 265 3135 eius
288 3055 336 3118 rei
358 3056 408 3120 die
431 3061 600 3121 constituta
622 3080 718 3144 quum
740 3058 773 3120 in
795 3057 904 3120 fanum
925 3063 1055 3119 ventum
1076 3063 1158 3118 esset

197 3139 347 3205 adhibitis
376 3143 590 3229 compluribus
621 3144 768 3208 senatorii
796 3143 929 3222 ordinis,
959 3163 1036 3226 quos
1065 3138 1158 3205 advo·
1249 3183 1252 3230 J

198 3236 327 3289 caverat
349 3227 464 3314 Scipio,
487 3229 611 3292 litterae
628 3231 656 3292 ei
671 3229 847 3292 redduntur
862 3251 881 3292 a
895 3229 1055 3312 Pompeio,
1071 3248 1157 3294 mare
1251 3295 1252 3312 2

139 3367 141 3376 ,
197 3313 351 3376 transisse
382 3337 452 3378 cum
476 3314 653 3400 legionibus
682 3314 868 3379 Caesarem:
902 3322 1086 3398 properaret
1118 3311 1159 3376 ad

197 3415 232 3458 se
255 3419 326 3462 cum
349 3403 490 3464 exercitu
516 3403 625 3464 venire
655 3402 822 3486 omniaque
843 3399 1054 3486 posthaberet.
1099 3398 1158 3462 His

199 3479 311 3546 litteris
334 3489 473 3572 acceptis
503 3507 581 3572 quos
610 3486 822 3551 advocaverat
843 3485 986 3568 dimittit,
1008 3486 1078 3570 ipse
1099 3487 1159 3550 iter
