2562 3966
179 245 240 309 154
435 243 494 306 DE
515 241 659 310 BELLO
682 240 873 308 GALLIOO

173 417 258 480 'ciem
284 417 532 502 varietatemque
562 436 640 502 opus
674 415 813 481 deforme
842 435 906 478 non
934 422 983 479 est
1004 415 1133 480 alternis

177 501 319 565 trabibus
348 522 387 564 ac
414 502 519 583 saxis,
550 523 630 648 quac
659 502 754 565 rectis
783 500 875 564 lineis
905 520 978 563 suos
1005 499 1133 568 ordinas

178 596 319 668 servant,
346 595 413 650 tum
442 585 484 650 ad
509 586 554 648 uti
569 586 676 650 ‘tatem
704 596 736 651 et
763 584 980 650 defensionem
1008 586 1133 650 urbium
1216 591 1221 598 '

178 692 332 736 summam
353 670 450 734 habet
472 674 744 756 opportunitatem,
789 667 852 734 uod
872 679 903 734 et
924 669 965 734 ab
987 671 1134 735 incendic

178 756 259 842 lapis
282 767 314 821 et
334 755 374 820 ab
398 755 496 820 ariete
524 758 658 820 materia
679 693 826 837 defendit,
861 777 942 842 quae
972 757 1134 842 perpetuis

178 841 320 905 trabibus
342 841 440 927 pedes
463 837 681 927 quadragenos
703 840 826 926 plerum
850 863 890 905 ue
912 842 1064 905 introrsus
1086 863 1134 906 re·

179 928 287 992 vincta
308 948 412 1012 neque
433 928 596 1011 perrumpi
617 949 722 1012 neque
744 925 843 990 distra
865 927 876 988 i
898 935 1010 1011 potest

243 1011 294 1075 24.
316 1011 377 1074 His
399 1020 445 1075 tct
465 1010 562 1075 rebus
584 1011 734 1096 impedita
756 1014 988 1096 oppugnatione
1008 1011 1134 1094 milites,

201 1118 276 1161 uum
298 1105 363 1160 toto
385 1105 526 1181 tempore
548 1096 665 1181 frigore
687 1105 719 1159 et
740 1095 875 1159 assiduis
897 1095 1050 1161 imbribus
1073 1107 1134 1160 tar-

180 1117 338 1264 darentur,
361 1189 467 1244 tamen
489 1181 660 1245 continenti
682 1180 792 1245 labore
814 1183 918 1245 omnia
939 1181 1019 1246 haec
1041 1204 1132 1267 supe·

179 1277 329 1330 taverunt
344 1275 376 1330 et
387 1265 498 1329 diebus
511 1273 587 1327 XXV
599 1288 748 1350 aggerem
758 1265 856 1329 latum
867 1267 972 1351 pedes·
982 1273 1135 1350 CCCXXX,

182 1351 278 1416 altum
299 1349 396 1438 pedes
426 1357 524 1412 LXXX
554 1359 786 1416 exstruxerunt.
837 1349 942 1430 Quum
964 1353 991 1416 is
1013 1375 1137 1416 murum

180 1436 316 1500 hostium
337 1457 440 1522 paene
473 1437 676 1521 contingeret,
707 1447 738 1501 et
761 1435 880 1500 Caesar
902 1437 942 1500 ad
965 1460 1042 1523 opus
1065 1460 1136 1504 con-

182 1522 347 1586 suetudine
377 1520 547 1586 excubaret
576 1521 754 1607 militesque
781 1521 966 1605 hortaretur,
989 1544 1030 1586 nc
1054 1523 1137 1609 quod

180 1608 307 1674 omnino
330 1617 392 1670 tem
415 1629 452 1671 us
475 1606 515 1670 ab
538 1627 632 1691 opere
658 1608 923 1690 intermitteretur,
945 1607 1043 1693 paulo
1066 1619 1137 1673 ante

180 1693 305 1756 tertiam
331 1631 472 1777 vigiliam
495 1700 542 1756 cst
560 1692 814 1756 animadversum
836 1692 956 1756 fumare
978 1714 1136 1781 aggerem,

181 1799 274 1864 quern
296 1777 440 1842 cuniculo
463 1777 568 1842 hostes
592 1777 836 1860 succenderant,
867 1777 1040 1866 eodemque
1062 1790 1137 1845 tem·

181 1885 258 1948 pore
291 1871 356 1928 tcto
382 1885 471 1928 muro
505 1862 642 1929 clamore
672 1861 795 1927 sublato
822 1862 944 1927 duabus
996 1867 1070 1930 ortis
1098 1865 1138 1928 ab

182 1957 314 2036 utroque
349 1948 446 2013 latere
485 1949 616 2012 turrium
651 1948 772 2034 eruptio
806 1946 922 2031 fiebat,
958 1887 1012 2013 alu

183 2047 275 2119 atque
298 2033 418 2098 aridam
439 2035 602 2098 materiem
625 2033 665 2097 de
686 2055 776 2097 muro
791 2035 824 2096 in
844 2056 992 2118 aggerem
1016 2037 1137 2099 eminus

183 2119 350 2200 iaciebant,
379 2121 482 2204 picem
504 2118 706 2204 reliquasque
727 2139 788 2199 ree,
813 2119 926 2204 quibus
947 2121 1030 2203 ignis
1054 2121 1136 2185 exci-

182 2205 243 2267 tari
271 2213 387 2288 potest,
417 2204 606 2284 fundebant,
635 2215 682 2286 ut,
714 2225 775 2289 quo
801 2205 936 2288 primum
959 2214 1138 2268 curreretur

183 2298 237 2351 aut
259 2290 309 2352 cui
329 2290 377 2352 rei
398 2289 532 2354 ferremr
560 2289 721 2368 auxilium,
749 2290 804 2350 vix
826 2292 905 2351 ratio
927 2289 1000 2351 iniri
1020 2300 1137 2375 posset.

183 2373 318 2455 Tamen,
342 2373 426 2459 quod
452 2376 592 2439 instituto
624 2373 770 2438 Caesaris
793 2393 918 2457 semper
939 2373 1021 2437 duae
1043 2374 1137 2460 legio·

184 2481 240 2521 nes
262 2481 318 2542 pro
341 2460 452 2523 castris
475 2457 676 2524 excubabant
698 2457 867 2542 pluresque
881 2459 1005 2542 partitis
1020 2468 1138 2545 tempo·

183 2543 271 2607 ribus
300 2555 389 2608 erant
415 2548 448 2609 in
477 2565 587 2628 opere,
616 2542 761 2606 celeriter
789 2543 905 2607 factum
934 2555 991 2624 est,
1013 2553 1056 2619 ‘ut
1085 2545 1138 2609 alii

184 2629 401 2714 eruptionibus
422 2632 612 2708 resisterent,
635 2627 689 2690 alii
711 2635 813 2691 turres
835 2627 1023 2693 reducerent
1044 2651 1138 2779 agge-

183 2735 313 2800 remque
334 2712 606 2793 interscinderent,
630 2713 732 2775 omnis
753 2734 830 2777 vero
852 2735 893 2776 ex
908 2717 1019 2778 castris
1035 2739 1066 2779 m
1101 2717 1138 2780 ti·

183 2799 258 2864 tudo
281 2800 322 2863 ad
343 2797 602 2884 restinguendum
624 2807 835 2862 concurreret.

247 2885 298 2948 25.
322 2883 427 2962 Quum
448 2885 482 2948 in
504 2882 648 2948 omnibus
669 2881 748 2947 locis
771 2892 956 2970 consumpta
977 2885 1041 2950 iam
1066 2886 1138 2950 reli-

184 2991 247 3058 qua
275 2979 364 3055 parte
396 2970 497 3034 noctis
529 2977 738 3054 pugnaretur,
776 2991 962 3056 semperque
996 2969 1139 3036 hostibus

185 3077 257 3140 spes
279 3056 432 3119 victoriae
460 3053 738 3139 redintegraretur,
762 3075 798 3117 eo
821 3056 933 3140 magis,
979 3055 1043 3120 uod
1065 3056 1139 3120 deu·

185 3152 249 3204 stoa
271 3139 395 3226 pluteos
416 3143 548 3206 trurium
570 3138 723 3202 videbant
744 3161 804 3202 nec
825 3139 918 3204 facile
940 3162 960 3203 a
984 3143 989 3156 “
1010 3163 1028 3205 e
1050 3163 1139 3226 aper·

183 3233 232 3288 tos
254 3225 296 3289 ad
317 3225 531 3290 auxiliandum
553 3223 853 3307 animadvertebant,
877 3247 944 3289 sem
968 3247 1002 3289 er
1024 3249 1064 3290 ue
1078 3227 1140 3313 ipsi

182 3319 326 3374 recentes
348 3311 480 3374 defessis
510 3309 716 3375 succederent
737 3331 924 3396 omnemque
945 3247 1069 3375 belline
1092 3333 1139 3375 sa·

184 3393 282 3456 lutem
303 3397 336 3458 in
356 3394 411 3460 illo
432 3396 567 3480 vestigio
588 3394 738 3480 temporis
754 3396 888 3479 positam
903 3395 1138 3478 arbitrarentur,

152 3565 153 3568 Ἴ
184 3477 298 3542 accidit
326 3480 574 3564 inspectantibus
603 3480 706 3562 nobis,
730 3479 813 3566 quod
836 3479 967 3568 dignum
987 3483 1140 3546 memoria

990 1949 1008 1966 ‘⁸
1052 1951 1138 2014 faces
1219 1990 1222 1995 ·
1266 1997 1267 2010 ,
