2562 3966
191 222 249 286 162
442 217 503 282 DE
525 217 668 284 BELLO
692 217 881 284 GALLIOO

186 391 361 458 occultasse
376 400 470 477 atqua
486 412 527 454 ex
541 382 645 454 media
667 389 764 454 caede
778 391 906 476 fugisse.
931 389 1138 458 Conclamant

188 477 313 541 Haedui
341 485 372 540 et
399 476 577 540 Litavicum
611 474 778 539 obsecrant
785 523 807 558 r,
828 484 863 539 ut
895 475 957 540 sibi
986 476 1138 542 consulet.

188 563 287 642 Quasi
307 584 400 643 vero,
423 562 525 647 inquit
546 560 614 643 ille,
644 560 766 625 consilii
788 561 829 625 sit
849 582 917 643 res,
941 583 980 625 ac
1001 583 1067 626 non
1087 585 1139 626 ne·

187 670 276 714 cesse
306 649 346 711 sit
375 645 466 712 nobis
494 645 686 731 Gergoviam
714 644 904 710 contendere
934 656 1060 711 etcum
1080 647 1140 712 Ar·

185 735 291 798 vernis
302 733 638 816 nosmetooniungere.
661 731 714 793 An
729 730 916 812 dubitamus,
935 733 1011 817 quin
1022 733 1139 798 nefario

186 820 325 884 facinore
347 817 484 881 admisso
505 815 640 880 Romani
671 818 735 879 iam
757 816 798 880 ad
818 837 877 879 nos
906 817 1139 883 interficiendos

186 902 397 970 concurrant?
440 901 594 984 Proinde,
623 900 749 988 siquid
775 896 808 964 in
830 901 920 966 nobis
954 903 1051 966 animi
1084 913 1139 986 est,

185 1009 411 1076 persequamur
433 1008 542 1052 eorum
563 995 706 1062 mortem,
731 987 785 1073 qui
799 986 1019 1071 indignissime
1034 988 1138 1054 interi·

187 1083 279 1142 erunt
318 1082 412 1159 atque
445 1071 502 1136 hos
539 1071 678 1136 lenones
711 1071 948 1136 interficiamus.
993 1071 1142 1139 Ostendit

187 1162 273 1224 cives
292 1158 460 1240 Romanos,
484 1159 539 1243 qui
561 1159 628 1221 eius
646 1156 796 1242 praesidii
816 1156 933 1220 fiducia
946 1179 1010 1222 una
1032 1167 1137 1222 erant:

186 1267 335 1331 magnum
367 1264 533 1306 numerum
562 1242 710 1306 frumenti
739 1251 931 1307 commeatus
954 1265 994 1307 ue
1020 1242 1136 1330 diripit,

186 1332 271 1416 ipsos
300 1327 469 1392 crudeliter
491 1329 688 1392 excruciatos
710 1325 867 1390 interficit.
918 1267 1052 1392 liuntios
1075 1338 1140 1394 tota

186 1418 312 1480 civitate
340 1413 546 1478 Haeduorum
578 1412 721 1495 dimittit,
760 1412 871 1477 eodem
903 1413 1068 1478 mendacio
1099 1413 1140 1479 de

186 1501 283 1566 caede
306 1501 445 1586 equitum
468 1507 498 1562 et
519 1498 696 1583 principum
716 1507 895 1583 permovet3
929 1498 1079 1581 hortatur,
1102 1509 1137 1564 ut

185 1586 280 1651 simili
299 1586 436 1666 ratione,
466 1593 560 1670 atque
582 1584 650 1669 ipse
671 1583 795 1666 fecerit,
820 1605 892 1646 suus
914 1584 1046 1648 iniurias
1068 1607 1138 1670 per·

186 1694 220 1738 se
243 1681 366 1736 uantur.

223 1696 299 1822 q39.
321 1754 520 1842 Eporedorix
534 1753 696 1836 Haeduus,
720 1777 841 1820 summo
856 1755 925 1822 loco
948 1766 1040 1822 natus
1064 1755 1137 1821 ado·

184 1843 307 1908 lescens
323 1851 354 1905 et
371 1861 510 1904 summae
533 1839 618 1904 domi
638 1843 806 1925 potentiae,
830 1851 862 1905 et
883 1863 947 1906 una
960 1841 1138 1907 Viridoma-

186 1951 250 2010 rus,
272 1928 342 2013 pari
364 1933 468 1990 aetate
491 1933 522 1988 et
543 1925 652 2009 gratia,
676 1926 734 1991 sed
755 1949 873 2011 genere
892 1928 1020 2014 dispari,
1045 1950 1139 2012 quem

186 2013 303 2078 Caesar
324 2010 364 2074 ab
386 2009 545 2074 Divitiaeo
568 2009 629 2074 sibi
650 2011 798 2076 traditum
817 2035 858 2078 ex
872 2013 984 2077 humili
1005 2013 1074 2076 loco
1098 2011 1139 2076 ad

185 2119 339 2162 summam
357 2096 541 2182 dignitatem
562 2095 765 2181 perduxerat,
787 2100 821 2162 in
844 2101 985 2184 equitum
1006 2119 1138 2162 numero

185 2191 400 2247 convenerant
413 2181 597 2246 nominatim
612 2181 652 2246 ab
669 2204 706 2248 eo
722 2185 853 2247 evocati.
883 2183 942 2246 His
966 2193 1033 2246 erat
1054 2184 1139 2246 inter

186 2290 220 2332 se
241 2267 281 2331 de
302 2268 479 2352 principatu
509 2267 683 2350 contentio,
713 2277 744 2331 et
766 2269 799 2330 in
820 2267 876 2331 illa
897 2269 1137 2352 magistratuum

185 2354 399 2419 controversia
420 2351 501 2416 alter
521 2374 579 2438 pro
602 2349 854 2436 Convictolitavi,
877 2351 956 2417 alter
978 2375 1034 2437 pro
1058 2350 1138 2417 Coto

185 2439 313 2502 summis
351 2436 461 2522 opibus
494 2446 722 2521 pugnaverant.
779 2437 830 2500 Hx
858 2437 906 2502 his
939 2436 1139 2523 Eporedorix

185 2525 309 2608 cognito
337 2522 472 2586 Litavici
499 2521 629 2587 oonsilio
656 2521 762 2585 media
789 2521 857 2587 fere
885 2532 978 2587 nocte
1006 2545 1083 2586 rem·
1097 2523 1139 2587 ad

185 2607 354 2674 Gaesarem
376 2609 492 2690 defert,
526 2615 603 2688 orat,
625 2627 666 2670 ne
687 2608 825 2691 patiatur
848 2609 1008 2673 civitatem
1028 2610 1139 2693 pravis

185 2691 430 2758 adolescentium
459 2689 597 2756 consiliis
627 2691 668 2756 ab
698 2692 837 2756 aniicitia
865 2693 973 2780 populi
1001 2693 1138 2758 Romani

185 2779 335 2861 deficere;
358 2775 442 2862 quod
456 2776 596 2840 futurum
616 2776 791 2862 provideat,
816 2779 843 2842 si
859 2801 892 2843 se
907 2788 954 2844 tot
975 2780 1138 2844 hominum
1215 2833 1217 2835 .

184 2864 270 2930 milia
299 2884 370 2926 cum
398 2861 540 2926 hostibus
570 2863 806 2946 coniunxerint,
839 2886 973 2949 quorum
1002 2864 1137 2930 salutem

86 2995 90 3001 ·
185 2971 286 3038 neque
308 2947 478 3034 propinqui
504 2945 690 3032 neglegere,
720 2970 824 3035 neque
853 2951 964 3014 civitas
986 2949 1051 3014 levi
1071 2971 1138 3014 mo·

162 3052 165 3060 ’
185 3045 289 3100 mento
311 3035 479 3097 aestimare
497 3042 613 3117 posset.

246 3120 298 3183 40.
314 3119 430 3204 Magna
443 3119 572 3181 affectus
584 3117 795 3184 sollicitudine
810 3119 870 3185 hoc
884 3121 993 3185 nuntio
1006 3117 1138 3202 Caesar,

185 3204 268 3290 quod
284 3225 407 3289 semper
418 3202 621 3268 Haeduorum
637 3205 755 3268 civitati
767 3208 937 3292 praecipue
952 3204 1138 3288 indulserat,

185 3289 271 3353 nulla
291 3289 476 3375 interposita
490 3287 684 3352 dubitatione
706 3287 846 3374 legiones
866 3289 1029 3375 expeditas
1045 3299 1139 3376 quat·

184 3385 255 3452 tuor
277 3375 509 3460 equitatumque
531 3395 657 3438 omnem
676 3395 717 3451 ex
731 3376 843 3439 castris
866 3375 980 3458 educit,
1003 3395 1063 3439 nec
1076 3375 1139 3439 fuit

186 3457 320 3541 spatium
346 3457 402 3522 tali
431 3468 571 3546 tempore
593 3457 634 3523 ad
656 3459 870 3526 contrahenda
898 3467 1017 3544 castra,
1051 3459 1140 3548 quod
