2562 3966
370 168 504 238 OOMM.
527 171 589 234 VH
612 169 704 240 OAP.
727 171 864 246 31-35.
1034 171 1096 238 159

138 351 269 427 tumque
291 362 415 406 omnem
438 351 470 406 et
491 363 569 427 quos
594 342 677 406 inter
699 342 913 425 controversia
934 344 1026 408 'esset
1054 341 1094 408 ad

140 449 175 492 se
196 426 363 490 Decetiam
392 427 544 505 evocavit
590 426 695 506 Quum
723 449 823 512 prope
852 428 953 490 omnis
983 427 1093 492 civitas

140 534 179 578 eo
201 512 410 594 convenisset,
433 511 659 598 docereturque
680 513 788 598 paucis
811 510 893 576 clam
915 514 1094 578 convocatis

139 596 202 662 alio
231 595 317 678 loco,
351 595 411 661 alio
434 606 574 682 ternpore
604 607 699 682 atque
728 599 899 682 oportuerit
924 597 1095 665 fratrema

139 684 235 747 fratre
256 684 476 763 renuntiatum,
500 704 596 831 quum
618 681 706 766 leges
728 681 790 760 duo
818 704 859 746 ex
885 705 949 747 una
976 681 1095 746 familia

139 769 214 831 vivo
235 777 369 854 utroque
390 789 453 831 non
476 790 510 832 so
524 790 577 830 um
597 769 798 852 magistratus
821 771 922 832 creari
941 778 1093 849 vetarent,

141 852 199 916 sed
221 853 314 915 etiam
336 851 369 914 in
391 863 502 916 senatu
531 875 600 916 esse
622 852 835 937 prohiberent,
863 853 976 918 Cotum
997 855 1094 938 impe·

140 939 223 1020 rium
235 936 395 1022 deponere
412 938 523 1022 coegit,
541 935 831 1019 Conuictolitauem,
852 940 905 1024 qui
943 960 977 1002 er
992 960 1094 1002 sacer·

141 1022 231 1088 dotes
259 1044 347 1086 more
376 1023 511 1088 civitatis
539 1023 723 1088 intermissis
750 961 983 1108 magistratibus
1011 1035 1095 1089 esset

141 1117 276 1190 creatus,
320 1116 485 1174 otestatem
507 1108 648 1173 obtinere
670 1108 768 1172 iussit.

205 1192 256 1256 34.
322 1214 360 1258 oc
382 1192 508 1257 decreto
529 1194 594 1257 inte
634 1194 713 1259 osito
736 1193 913 1258 cohortatus
931 1192 1093 1276 Haeduos,

143 1286 176 1342 ut
208 1279 494 1343 controversiarum
527 1300 566 1342 ac
596 1215 802 1356 dissensionis
836 1278 1095 1344 obliviscerentur

142 1373 236 1449 atque
266 1362 410 1430 omnibus
433 1363 556 1428 omissis
588 1361 684 1428 rebus
716 1363 790 1427 huic
821 1363 906 1428 bello
940 1365 1096 1428 servirent

142 1469 251 1534 eaque,
275 1470 355 1533 quae
370 1450 569 1530 meruissent,
588 1450 731 1534 praemia
745 1448 785 1530 ab
801 1471 836 1512 se
852 1449 976 1512 devicta
991 1449 1096 1514 Gallia

143 1541 364 1618 exspectarent
385 1535 619 1619 equitatumque
648 1556 773 1598 omnem
795 1545 827 1600 et
847 1535 985 1619 peditum
1009 1534 1096 1598 milia

44 1663 47 1668 -
142 1617 252 1698 decem
275 1617 336 1684 sibi
358 1617 501 1682 celeriter
515 1621 682 1700 mitterent,
706 1641 786 1704 quae
809 1622 842 1682 in
862 1619 1026 1704 praesidiis
1049 1621 1095 1684 rei

142 1703 363 1768 {iumentariae
371 1725 468 1774 causa
476 1702 664 1789 disponeret,
678 1706 852 1772 exercitum
860 1707 891 1767 in
901 1704 979 1768 duas
987 1714 1103 1788 partes,

144 1787 266 1852 divisit:
290 1797 436 1874 quattuor
451 1787 591 1874 legiones
613 1791 647 1853 in
662 1789 803 1854 Senones
818 1790 1017 1875 Parisiosque
1036 1787 1096 1852 La·

143 1873 235 1938 bieno
248 1872 408 1938 ducendas
420 1872 515 1957 dedit,
528 1897 586 1948 sex
599 1875 668 1960 ipse
679 1876 712 1938 in
724 1875 887 1946 Arvernos
899 1873 940 1938 ad
948 1874 1096 1960 oppidum

145 1957 337 2044 Gergoviam
358 1957 532 2024 secundum
547 1959 664 2024 flumen
678 1959 796 2023 Elaver
811 1960 916 2042 duxit3
940 1961 1095 2045 equitatus

143 2055 264 2128 partem
285 2043 332 2114 illi
352 2043 509 2126 attribuit,
532 2054 653 2130 partem
676 2045 735 2108 sibi
750 2045 885 2144 reliquit
907 2043 1029 2123 Quare
1046 2067 1095 2110 co·

143 2129 230 2214 gnita
243 2127 485 2214 Vercingetorix
507 2129 651 2195 omnibus
666 2132 846 2216 interruptis
870 2133 936 2196 cius
958 2129 1095 2194 fluminis

143 2213 289 2298 pontibus
312 2213 352 2278 ab
373 2213 471 2278 altera
484 2213 622 2278 fluminis
644 2226 732 2300 parte
753 2217 814 2280 iter
835 2216 939 2280 facere
962 2217 1074 2300 coepit.

207 2299 259 2362 35.
294 2295 399 2382 Quum
420 2309 552 2385 uterque
574 2302 731 2386 utrimque
759 2311 843 2365 esset
869 2303 1040 2382 exercitus,
1063 2302 1095 2364 in

145 2394 316 2470 conspectu
336 2383 466 2471 fereque
489 2407 507 2448 e
528 2387 657 2470 regione
680 2387 790 2450 castris
809 2396 913 2450 castra
923 2385 1095 2470 ponebant.

145 2470 312 2556 Dispositis
335 2468 599 2555 exploratoribus,
628 2471 743 2536 necubi
770 2471 881 2536 effecto
909 2480 1003 2557 ponte
1035 2471 1097 2536 Ro-

144 2556 228 2620 mani
261 2556 367 2639 copias
400 2554 628 2637 traducerent,
652 2566 719 2620 erat
747 2557 780 2619 in
812 2557 933 2640 magnis
967 2555 1097 2622 Caesari

145 2638 378 2706 difficultatibus
407 2663 474 2724 res,
507 2663 548 2706 ne
576 2643 726 2706 maiorem
748 2644 875 2706 aestatis
897 2649 1017 2728 partem
1040 2641 1097 2706 flu-

145 2727 228 2796 mine
262 2724 482 2810 impediretur,
517 2726 601 2813 quod
625 2748 689 2790 non
715 2726 783 2791 fere
812 2737 884 2790 ante
913 2737 1097 2796 autumnum

144 2809 261 2876 Elaver
281 2809 364 2875 vado
393 2813 519 2876 transiri
541 2811 630 2876 solet.
668 2811 788 2898 ltaque,
812 2834 853 2879 ne
874 2811 908 2876 id
930 2811 1095 2892 accideret,

145 2895 281 2960 silvestri
308 2894 377 2960 loco
407 2898 518 2962 castris
545 2897 654 2982 positis
684 2919 701 2960 e
723 2899 852 2982 regione
875 2898 966 2960 unius
989 2918 1097 2962 eorum

145 2981 295 3066 pontium,
319 3003 396 3066 quos
415 2981 655 3068 Vercingetorix
674 2981 898 3047 rescindendos
921 2991 1095 3062 curaverat,

145 3075 269 3152 postero
292 3064 342 3130 die
365 3088 436 3130 cum
452 3063 573 3131 duabus
588 3066 764 3152 legionibus
783 3068 816 3131 in
832 3066 954 3132 occulto
968 3067 1096 3146 restitit3

146 3151 282 3238 reliquas
305 3153 412 3236 copias
436 3174 506 3216 cum
529 3151 673 3217 omnihus
701 3152 941 3238 impedimentis,
967 3161 1002 3214 ut
1024 3172 1096 3215 con·

146 3245 305 3322 onerarat,
336 3237 423 3300 misit
450 3239 566 3324 carptis
603 3237 789 3324 quibusdam
824 3235 1019 3317 cohortibus,
1052 3237 1098 3300 uti

145 3343 294 3386 numerus
326 3319 485 3406 legionum
518 3332 662 3388 constare
694 3322 863 3388 videretur.
911 3321 971 3384 His
1004 3343 1097 3406 quam

146 3405 326 3492 longissime
347 3418 478 3492 possent
499 3409 608 3494 egredi
624 3410 744 3490 iussis,
768 3429 865 3494 quum
886 3407 949 3471 iam
971 3429 1013 3472 ex
1035 3406 1096 3471 diei
