2490 3974
456 237 600 304 OAPUr
621 239 736 304 9-13.
1013 239 1072 304 191

184 411 233 472 ll.
257 409 376 474 Caesar
396 431 461 474 una
481 420 573 474 nocte
595 411 629 473 in
650 407 785 473 navibus
807 429 938 474 consum
959 420 993 473 ta
1013 411 1077 475 iam

113 493 207 558 coelo
230 493 357 560 albente
385 516 480 580 quum
510 496 667 580 proficisci
690 502 869 576 conaretur,
901 431 1003 560 subito
1025 519 1079 560 na·

112 580 205 650 vium
226 602 311 664 pars,
335 580 374 644 dc
397 601 460 667 qua
480 581 621 660 timebat,
650 603 691 644 ex
713 600 820 643 errore
843 579 954 644 codem
977 581 1080 645 conie-

115 663 258 728 rebatur.
280 665 353 729 Hae
373 687 408 731 re
432 667 558 751 cognita
579 664 699 730 Caesar
714 664 860 729 celeriter
882 664 922 728 de
943 666 1079 730 navibus

114 748 252 833 imperat
274 772 383 815 omnes
413 751 521 836 egredi
550 760 644 836 atque
672 753 706 814 in
734 749 825 814 litore
848 759 985 814 armatos
1007 750 1080 814 reli·

115 854 197 918 quos
213 835 416 906 advenientes
431 834 547 900 milites
568 844 763 921 exspectare.
778 835 890 921 ltaque
907 837 976 899 sine
991 857 1079 899 mora

114 917 252 993 navibus
280 921 325 984 eis
353 923 387 984 in
415 930 540 1007 portum
569 922 705 1006 receptis
727 932 759 986 et
781 920 922 985 advectis
944 920 1079 986 militum

115 1005 321 1106 equitumque
337 1007 436 1092 copiis
450 1028 561 1070 rursus
584 1006 625 1070 ad
639 1006 789 1093 oppidum
809 1005 985 1091 Ruspinam
998 1005 1081 1070 redit

117 1111 139 1151 a
173 1110 213 1153 ue
235 1089 281 1154 ibr
303 1093 414 1154 castris
437 1093 612 1156 constitutis
635 1093 704 1176 ipse
726 1113 798 1155 cum
821 1089 1001 1154 cohortibus
1025 1112 1080 1153 ex·

116 1195 158 1259 pe
183 1176 232 1238 ‘tis
255 1183 334 1238 XXX
362 1176 586 1241 frumentatum
615 1187 663 1241 est
711 1176 859 1240 refectus.
892 1175 945 1238 nx
971 1198 1010 1240 eo
1032 1184 1081 1238 est

114 1261 279 1344 cognitum
302 1259 447 1326 Caesaris
462 1261 645 1343 consilium,
660 1199 749 1326 illim
771 1283 843 1326 cum
865 1260 967 1324 classe
988 1261 1079 1324 navi·

117 1343 178 1408 bus
208 1346 369 1428 onerariis,
400 1368 482 1434 quae
511 1347 719 1429 deerrassent,
751 1346 892 1411 subsidio
921 1347 967 1408 ire
997 1344 1080 1408 clam

116 1427 262 1495 hostibus
289 1431 438 1513 voluisse,
468 1455 509 1496 ne
539 1454 614 1496 casu
643 1433 859 1517 imprudentes
882 1453 959 1494 suae
980 1453 1079 1494 naves

115 1516 153 1578 in
189 1515 324 1580 classem
359 1516 615 1581 adversariorum
650 1517 836 1596 inciderent,
871 1537 976 1601 neque
1009 1537 1081 1579 eam

115 1621 188 1663 rem
209 1623 263 1666 cos
291 1598 430 1666 voluisse
460 1605 551 1683 scire,
583 1605 638 1688 qui
658 1605 693 1666 in
712 1601 879 1688 praesidiis
905 1600 1009 1663 relicti
1030 1601 1080 1664 sui

117 1684 233 1749 milites
255 1685 397 1768 fluissent,
419 1710 461 1752 ne
483 1689 515 1752 hi
536 1698 667 1774 propter
690 1711 816 1753 suorum
837 1687 1027 1771 paucitatem
1049 1693 1081 1748 et

117 1769 258 1835 hostium
279 1770 513 1838 multitudinem
533 1782 620 1837 metu
642 1773 823 1838 deficerent.

184 1855 233 1919 12.
256 1855 386 1922 Interim
416 1880 512 1944 quum
541 1861 604 1922 iam
634 1858 753 1923 Caesar
780 1877 969 1944 progressus
997 1861 1082 1918 esset

117 1963 139 2004 a
162 1944 274 2006 castris
297 1943 423 2008 circiter
443 1943 532 2008 milia
551 1967 704 2030 passuum
725 1951 771 2026 ΙΙΙ,
787 1965 843 2030 per
866 1939 1080 2026 speculatores

117 2035 151 2090 et
172 2036 389 2092 antecessores
419 2031 540 2116 equites
569 2032 731 2094 nuntiatur
761 2031 790 2093 ei
813 2027 920 2113 copias
943 2026 1081 2088 hostium

117 2111 202 2176 haud
217 2110 312 2196 longe
335 2113 375 2178 ab
398 2137 467 2180 sese
489 2117 584 2178 visas.
606 2115 649 2178 Et
669 2113 798 2180 hercule
814 2135 887 2178 oum
909 2131 946 2176 eo
968 2108 1080 2173 nuntio

118 2195 223 2348 pulvis
252 2199 365 2282 ingens
395 2201 535 2285 conspici
564 2210 693 2285 coeptus
723 2210 781 2264 est.
803 2199 874 2262 Hae
894 2220 931 2262 re
953 2195 1080 2280 cognita

149 2304 242 2347 aasar
275 2283 420 2348 celeriter
448 2285 537 2350 iubet
567 2287 740 2371 equitatum
765 2286 959 2362 rmiversum,
990 2281 1079 2349 cuius

11 2389 12 2456 j
118 2369 243 2452 copiam
263 2366 374 2434 habuit
395 2372 428 2434 in
449 2373 629 2455 praesentia
656 2392 720 2434 non
749 2391 905 2456 magnam,
932 2375 964 2430 et
986 2368 1079 2450 sagit-

11 2475 12 2482 *
120 2454 226 2535 tarios,
249 2476 382 2539 quorum
407 2477 524 2540 parvus
553 2479 711 2538 numerus,
740 2477 781 2520 ex
803 2455 913 2519 castris
936 2451 1081 2515 arcessiri

11 2553 12 2570 ¹
120 2547 214 2624 atque
236 2538 404 2605 ordinatim
433 2541 524 2626 signa
547 2563 580 2604 se
609 2541 724 2605 leniter
746 2540 913 2626 consequ13
934 2539 1004 2623 ipse
1027 2557 1079 2597 an·

119 2623 266 2688 tecedere
289 2647 361 2690 curn
389 2627 499 2712 paucis
529 2628 667 2690 armatis.
693 2627 825 2713 Iamque
852 2647 948 2709 quum
971 2618 1080 2704 procul

12 2789 13 2798 ,
120 2708 218 2773 hostis
241 2711 380 2796 conspici
401 2721 518 2797 posset,
540 2711 655 2776 milites
671 2713 705 2775 in
726 2734 837 2797 campo
860 2710 947 2774 iubet
961 2704 1081 2791 galeari

12 2819 13 2828 ¹
122 2794 215 2858 etad
238 2817 307 2858 eam
329 2819 469 2881 pugnam
484 2799 608 2883 parari3
631 2819 765 2883 quorum
781 2799 908 2861 omnino
929 2811 1080 2857 numerus

120 2879 178 2944 fuit
189 2888 265 2942 XXX
279 2881 454 2946 cohortium
469 2906 540 2946 cum
555 2883 712 2967 equitibus
726 2889 823 2964 CCCC,
847 2877 1017 2963 sagittariis
1030 2880 1080 2937 CL.

186 2967 235 3030 13.
259 2967 376 3031 Hostes
405 2968 541 3048 interim,
572 2991 706 3053 quorum
734 2969 800 3033 dux
830 2976 897 3030 erat
919 2962 1080 3026 Labienus

121 3059 152 3114 et
173 3051 234 3116 duo
263 3052 393 3134 Pacidii,
424 3055 524 3118 aciem
552 3053 691 3138 dirigrmt
719 3051 858 3118 mirabili
885 3045 1081 3132 longitudine

12 3149 14 3174 Ι
120 3158 183 3201 non
211 3138 363 3222 peditum,
396 3139 453 3202 sed
482 3141 622 3224 equitum
654 3139 828 3203 confertam
857 3146 888 3199 et
916 3137 999 3197 inter
1026 3153 1080 3194 eos

12 3221 14 3258 l
121 3221 200 3286 levis
222 3233 400 3286 armaturae
421 3223 575 3289 Numidas
591 3236 622 3289 et
642 3225 819 3310 sagittarios
840 3221 964 3310 pedites
985 3219 1080 3280 inter·

12 3305 13 3344 l
121 3319 291 3392 posuerant
313 3309 410 3388 etita
438 3309 717 3382 condensaverant
748 3319 782 3372 ut
803 3307 914 3394 procul
937 3301 1080 3368 Caesari-

107 3395 174 3483 ani
195 3394 359 3480 pedestres
383 3396 489 3480 copias
520 3396 755 3475 arbitrarentur,
779 3396 926 3460 dextrum
947 3410 986 3451 ac
1008 3386 1081 3450 sini-

13 3561 14 3570 ,
123 3486 221 3544 strum
258 3502 356 3544 cornu
391 3481 514 3568 magnis
558 3482 698 3566 equitum
735 3481 832 3566 copiis
868 3481 1080 3547 firmaverant.
