2534 3970
346 228 349 233 ·
387 211 520 277 COMM.
544 213 589 275 [V
612 211 704 275 CAP.
729 211 862 274 19-22.
1060 211 1100 276 ts

150 383 314 466 superiore
350 391 469 446 aestate
505 381 545 445 ad
576 382 762 447 Veneticum
797 380 916 445 bellum
953 381 1101 446 effecerat

150 464 286 531 classem
312 467 399 531 iubet
426 469 604 531 convenire.
647 467 776 530 Interim
806 465 937 530 consilio
960 467 1026 532 eius
1049 488 1099 532 co·

148 552 238 636 gnito
261 562 292 616 et
313 575 370 638 per
392 561 581 616 mercatores
603 551 724 637 perlato
739 551 781 615 ad
801 550 968 616 Britannos
984 573 1003 614 a
1017 573 1099 614 com-

150 633 295 721 pluribus
324 635 445 702 insulae
475 637 654 700 civitatibus
677 636 811 701 adeum
839 635 936 720 legati
957 637 1098 718 veniunt,
1144 659 1155 671 ³

148 742 204 870 qap
231 721 439 807 polliceantur
467 721 593 786 obsides
621 721 697 786 dare
719 730 813 822 atque
838 721 970 806 imperio
991 719 1100 821 populi

198 808 285 870 mani
300 807 527 892 obtemperare.
559 805 682 894 Quibus
697 805 810 870 auditis
825 804 997 870 liberaliter
1010 805 1099 891 pollu—

150 891 231 954 citus
260 891 477 976 hortatusque,
506 900 541 953 ut
566 892 599 954 in
621 914 661 955 ea
687 892 845 954 sententia
868 901 1098 976 permanerent,

149 997 204 1040 eos
227 975 355 1043 domum
368 977 498 1040 remittit
520 986 551 1039 et
577 999 648 1040 cum
666 977 704 1039 iis
720 997 783 1039 una
798 973 983 1058 Commium,
1006 998 1100 1062 quem

148 1061 219 1146 ipse
248 1060 453 1126 Atrebatibus
486 1063 641 1146 superatis
673 1083 781 1145 regem
813 1061 857 1124 ibi
886 1062 1098 1142 constituerat,

149 1147 240 1210 cuius
269 1156 300 1210 et
327 1148 475 1210 virtutem
506 1156 537 1209 et
565 1145 731 1209 consilium
763 1144 918 1231 probabat
946 1155 978 1209 et
1006 1167 1098 1232 quem

148 1229 213 1295 sibi
242 1231 369 1295 fidelem
398 1252 469 1316 esse
496 1229 722 1315 arbitrabatur,
752 1232 902 1316 cuiusque
932 1233 1099 1295 auctoritas

147 1317 182 1379 in
212 1316 261 1380 bis
293 1315 476 1404 regionibus
509 1317 616 1401 magni
644 1314 834 1398 habebatur,
867 1317 972 1380 mittit.
1015 1315 1099 1380 Huic

148 1397 295 1487 imperat,
319 1424 397 1488 quas
419 1403 528 1485 possit,
552 1401 644 1465 adeat
666 1402 808 1464 civitates
831 1401 1042 1486 horteturque,
1059 1411 1100 1464 ut

148 1486 259 1572 populi
279 1486 414 1551 Romani
440 1485 535 1550 fidem
557 1496 743 1573 sequantur,
772 1507 869 1572 seque
896 1486 1039 1550 celeriter
1061 1508 1098 1550 eo

148 1581 317 1636 venturum
337 1571 469 1635 nuntiet
510 1569 688 1635 Volusenus
715 1571 889 1658 perspectis
916 1569 1098 1656 regionibus

150 1657 307 1739 omnibus,
331 1665 482 1743 quantum
498 1656 527 1718 ei
548 1655 704 1720 facultatis
725 1655 795 1720 dari
816 1657 926 1740 potuit,
950 1656 1003 1740 qui
1024 1656 1099 1719 navi

149 1743 260 1828 egredi
274 1764 312 1806 ac
327 1763 361 1807 se
375 1740 521 1805 barbaris
540 1745 734 1805 committere
749 1763 812 1805 non
827 1740 966 1821 auderet,
990 1741 1098 1825 quinto

150 1826 201 1892 die
225 1826 266 1890 ad
288 1826 457 1891 Caesarem
486 1829 655 1889 revertitur
684 1847 826 1912 quaeque
855 1825 901 1889 ibi
921 1827 1098 1911 perspexis-

150 1921 208 1996 set,
236 1914 404 1978 renuntiat.

214 1997 265 2061 22.
297 1989 395 2061 {lum
415 1999 449 2061 in
470 1997 518 2060 bis
548 1995 625 2060 locis
648 1995 767 2060 Cacsar
794 1996 921 2060 navium
943 1995 1097 2084 paranda

149 2105 220 2146 rum
241 2099 338 2146 causa
359 2091 512 2162 moratur,
536 2101 577 2144 ex
598 2103 713 2166 magna
733 2091 823 2168 parte
843 2081 1036 2148 Morinorum
1058 2082 1099 2148 ad

150 2189 223 2232 eum
244 2166 341 2253 legati
361 2177 531 2248 venerumt,
555 2167 664 2252 quise
687 2165 726 2230 de
748 2189 786 2231 su
809 2168 918 2231 erioris
948 2167 1098 2253 temporis

150 2251 281 2316 oonsilio
297 2261 493 2335 excusarent,
516 2251 601 2337 quod
618 2251 760 2316 homines
782 2190 911 2316 barbari
925 2263 957 2318 et
971 2263 1097 2319 nostrae

149 2337 383 2402 consuetudinis
412 2338 547 2422 imperiti
579 2335 697 2400 bellum
734 2336 849 2424 populo
882 2337 1022 2403 Romano
1054 2337 1097 2403 fe-

149 2423 275 2504 cissent,
298 2444 332 2486 se
355 2445 395 2486 ue
418 2445 470 2504 ea,
515 2444 574 2485 uae
596 2423 789 2508 imperasset,
812 2422 950 2488 facturos
971 2422 1097 2510 pollice

149 2517 267 2572 rentur.
350 2530 387 2572 oc
410 2507 471 2572 sibi
492 2447 612 2571 daesar
639 2508 713 2570 satis
743 2517 915 2656 opportune
944 2507 1097 2573 accidisse

149 2593 329 2673 arbitratus,
347 2592 430 2679 quod
444 2615 484 2655 ne
507 2615 547 2655 ue
558 2601 630 2676 post
644 2601 768 2677 tergum
805 2603 904 2656 ostem
919 2593 1097 2681 relinquere

149 2676 278 2742 volebat
309 2700 411 2763 neque
441 2616 516 2742 belli
548 2677 680 2761 gerendi
712 2700 770 2763 pro
794 2688 844 2741 ter
872 2679 947 2741 anni
974 2688 1097 2764 tempus

149 2761 330 2827 facultatem
344 2762 481 2827 babebat
495 2784 598 2849 neque
613 2761 670 2826 has
685 2773 739 2825 tan
787 2785 876 2828 arum
887 2785 992 2827 rerum
1007 2785 1096 2828 occu-

148 2848 290 2932 pationes
304 2847 488 2912 Britanniae
504 2846 740 2934 anteponendas
757 2847 925 2929 iudicabat,
947 2870 1098 2933 magnum

148 2933 186 2996 iis
208 2955 373 2997 numerum
396 2933 540 2997 obsidum
562 2934 704 3016 imperat.
739 2931 862 3012 Quibus
884 2933 1027 2998 adductis
1043 2955 1096 2998 eos

150 3015 298 3082 infidam
319 3019 448 3103 recepit.
491 3016 633 3081 Navibus
663 3019 788 3082 circiter
813 3024 913 3080 LXXX
942 3018 1096 3083 onerariis

150 3105 267 3167 coactis
290 3103 528 3188 constratisque,
552 3111 628 3189 quot
650 3103 725 3166 satis
748 3115 818 3166 esse
837 3103 878 3167 ad
897 3103 975 3167 duas
997 3112 1096 3165 traus-

149 3187 320 3272 portandas
335 3188 475 3272 legiones
492 3186 701 3270 existimabat,
725 3188 808 3288 quod
826 3197 990 3272 praeterea
1010 3188 1096 3249 navi-

151 3295 202 3337 um
223 3273 390 3360 longarum
412 3271 563 3354 babebat,
587 3281 759 3357 quaestam,
782 3272 895 3356 legatis
917 3271 1093 3358 praefectis-

151 3381 208 3446 que
224 3358 392 3422 distribuit.
414 3357 487 3421 Huc
502 3357 695 3421 accedebant
705 3364 795 3418 xv111
812 3359 974 3421 onerariae
988 3377 1095 3436 naves,

132 3451 229 3530 'quae
256 3442 300 3508 'ex
329 3466 367 3507 oo
396 3442 465 3508 loco
495 3441 535 3506 ab
565 3441 692 3506 milibus
721 3463 872 3527 passuum
901 3451 971 3506 octo
1002 3449 1096 3506 vento
