2538 3978
372 265 504 332 cortu.
529 265 578 330 1n
599 255 851 333 onr.-‘u-n.
1031 217 1093 332 na

133 435 213 502 bant
233 460 297 502 non
320 459 475 520 concursu
490 439 556 502 acri
570 439 663 520 facto,
679 462 743 504 non
757 439 877 525 proelio
900 439 1091 520 dimicatum,

135 522 259 611 sibique
287 525 374 609 ipsos
394 523 603 590 ,multitudine
625 535 719 611 atque
749 525 900 610 angustiis
923 526 1023 588 maius
1047 531 1092 588 at·

133 607 244 675 tulisse
268 608 497 693 detrimentum,
514 633 609 696 quam
631 611 671 674 ab
687 611 776 677 hoste
792 609 997 695 accepissent.
1020 607 1093 672 Nou

134 691 270 782 denique
293 715 474 758 communes
502 694 580 759 belli
607 717 698 760 casus
720 695 981 776 recordabantur,
1020 716 1093 776 iram

133 778 288 864 parvulae
312 801 406 865 saepe
429 801 544 844 causae
566 781 618 846 vel
640 780 739 844 falsae
755 781 941 866 suspicionis
963 717 1019 844 vel

131 866 213 928 roris
235 865 392 950 repentini
421 864 474 930 vel
501 865 643 930 obiectae
672 864 833 951 religionis
862 887 977 950 magua
1000 865 1093 928 detri-

131 959 239 1013 menta
259 949 447 1034 intulissent,
465 952 586 1037 quoties
602 951 655 1015 vel
670 951 758 1014 ducis
774 951 850 1019 vitio
865 949 917 1014 vel
933 949 1025 1035 culpa
1039 950 1093 1012 tri-

131 1035 210 1098 buni
231 1037 265 1100 in
288 1037 429 1100 exercitu
451 1045 535 1100 esset
561 1037 731 1119 offensum,
763 1035 828 1117 sed,
851 1035 983 1122 proinde
1007 1034 1094 1099 acsi

130 1121 247 1184 virtute
269 1119 429 1203 vicissent,
445 1143 549 1208 neque
568 1121 635 1186 ulla
650 1125 850 1187 commutatio
866 1143 972 1184 rerum
986 1128 1094 1206 posset

132 1205 286 1287 accidere,
309 1227 368 1292 per
389 1206 499 1292 orbem
521 1216 676 1272 terrarum
695 1209 779 1272 fama
801 1229 839 1270 ac
859 1207 974 1270 litteris
995 1207 1093 1270 victo·

73 1321 78 1330 ·
132 1293 214 1354 riam
236 1291 303 1355 eius
326 1291 390 1354 diei
412 1291 685 1356 concelebrabunt.

195 1377 246 1460 73.
271 1376 391 1441 Caesar
402 1400 421 1440 a
433 1378 646 1464 superioribus
659 1377 796 1442 consiliis
809 1377 959 1463 depulsus
968 1397 1094 1442 omnem

133 1461 196 1526 sibi
217 1463 471 1527 commutandam
491 1462 568 1526 belli
582 1466 737 1527 rationem
760 1464 959 1526 existimavit,
981 1462 1093 1549 Itaque

132 1569 196 1614 uno
218 1557 360 1633 tempore
382 1548 550 1633 praesidiis
581 1549 726 1612 omnibus
760 1548 903 1612 deductis
935 1555 966 1612 et
994 1569 1093 1634 oppu-

135 1634 285 1717 gnatione
308 1633 437 1697 dimissa
459 1643 633 1722 coactoque
655 1635 689 1697 in
704 1657 802 1698 unum
824 1633 928 1706 locum
951 1635 1094 1699 exercitu

133 1721 317 1781 concionem
344 1719 429 1804 apud
457 1718 572 1784 milites
594 1718 705 1783 habuit
732 1720 937 1804 hortatusque
961 1725 1017 1800 est,
1050 1739 1092 1782 ne

134 1824 181 1884 ea,
205 1825 286 1900 quae
301 1803 506 1887 accidissent,
529 1807 671 1890 graviter
684 1804 802 1870 ferrent
822 1825 904 1868 neve
926 1803 980 1867 his
996 1803 1093 1870 rebus

130 1897 327 1952 terrerentur
348 1888 518 1976 multisque
541 1891 688 1954 secundis
711 1889 839 1975 proeliis
861 1911 959 1952 unum
981 1887 1092 1952 adver·

132 1995 203 2036 snm
226 1982 257 2036 et
278 1973 311 2037 id
332 1974 491 2038 mediocre
514 1984 719 2060 opponerent.
735 1974 926 2038 Habendam
948 1974 1092 2039 fortunae

129 2059 274 2143 gratiam,
298 2058 382 2144 quod
403 2057 528 2124 Italiam
550 2062 618 2124 sine
641 2061 746 2148 aliquo
768 2057 901 2125 vulnere
924 2061 1092 2144 cepissent,

131 2143 217 2230 quod
253 2143 331 2208 duas
367 2143 539 2230 Hispanias
581 2145 892 2210 bellicosissimorum
929 2145 1092 2209 hominum

128 2229 328 2315 peritissimis
340 2239 434 2316 atque
451 2231 720 2296 exercitatissimis
733 2230 864 2294 ducibus
880 2233 1090 2316 pacavissent,

128 2314 214 2400 quod
245 2313 394 2378 finitimas
423 2315 706 2402 frumentariasque
733 2317 914 2402 provincias
931 2317 975 2378 ¹in
1004 2323 1093 2401 pote·

127 2409 242 2464 statem
268 2400 484 2486 redegissent3
518 2400 653 2486 denique
675 2402 837 2466 recordari
869 2400 995 2482 debere,
1030 2410 1093 2486 qua

126 2484 277 2550 felicitate
305 2487 389 2550 inter
416 2485 537 2550 medias
564 2486 703 2550 hostiurn
726 2487 843 2553 classes
872 2486 1005 2572 oppletis
1026 2503 1092 2551 non

127 2570 229 2635 solum
250 2571 402 2658 portibus,
427 2571 484 2636 scd
506 2573 601 2636 etiam
617 2571 760 2636 litoribus
784 2595 892 2636 omnes
914 2571 1088 2640 incolumes
1117 2619 1119 2630 2

127 2666 234 2722 essent
255 2659 470 2744 transportati.
499 2656 618 2722 Sinon
640 2658 745 2722 omnia
768 2659 918 2722 caderent
941 2655 1095 2739 secunda,
1113 2697 1118 2731 2

125 2741 284 2806 fortunam
314 2765 384 2807 esse
417 2743 573 2806 industria
602 2742 840 2808 sublevandam.
886 2741 979 2820 Quod
1007 2749 1117 2808 esset

126 2835 291 2912 acceptum
314 2827 501 2910 detrimenti,
525 2829 664 2892 cuiusvis
686 2830 902 2915 potiusquam
925 2849 1007 2902 suue-
1025 2824 1091 2890 oul-
1177 2906 1181 2914 .

125 2933 185 3061 gae
208 2913 326 2977 debere
348 2913 454 2978 tribui.
470 2914 591 2978 Locum
615 2935 649 2978 se
665 2936 801 3001 aequum
816 2913 857 2977 ad
873 2911 1116 2984 dimicandum<

148 2997 261 3080 edisse,
290 3000 423 3084 potitum
453 3021 522 3064 esse
551 2999 688 3064 hostium
718 3001 840 3081 castris,
866 2997 1031 3084 expulisse
1052 3017 1115 3070 ec,

127 3105 293 3169 superasse
315 3093 502 3170 pugnantes.
540 3083 605 3150 Sed
634 3087 701 3149 sive
730 3085 870 3170 ipsorum
891 3081 1089 3168 pensabatis

126 3169 192 3232 sive
208 3190 297 3234 error
312 3168 426 3254 aliquis
442 3171 510 3234 sive
526 3172 621 3235 etiam
642 3170 768 3234 fortuna
782 3179 905 3256 partam
919 3170 1089 3252 iarn-prse-

127 3263 311 3341 sentemqus
326 3256 490 3320 victoriam
501 3255 777 3342 interpellavisset,
792 3255 927 3319 dandam
943 3250 1091 3317 omnibus

125 3357 263 3424 operam,
285 3349 321 3403 ut
342 3349 506 3428 acceptum
527 3341 761 3406 incommodum
775 3343 891 3405 virtute
907 3337 1090 3402 sarciretur.

125 3421 220 3504 Quod
242 3426 269 3488 si
296 3434 381 3490 esset
406 3427 532 3509 factum,
554 3429 633 3506 fore,
661 3427 708 3490 uti
737 3423 779 3490 ad
800 3423 995 3574 Gegrpovium
1016 3441 1091 3488 oon·

1030 788 1092 842 ter·
1183 837 1186 846 .
