2562 3966
169 194 230 257 120
426 193 486 256 nu
508 191 653 256 annuo
677 190 868 286 satureo

167 367 311 429 nuntiata
334 364 445 429 eodem
469 364 520 427 die
543 386 615 428 cum
638 363 816 448 legionibus
838 364 872 428 iu
888 361 1030 427 Senones
1053 384 1127 447 pro·

165 452 318 515 ficiscitur
339 452 526 534 magnisque
548 449 712 512 itineribus
737 471 773 512 eo
796 451 950 534 pervenit.

230 537 261 598 4.
286 535 420 620 Cognito
445 536 512 598 eius
535 534 674 598 adventu
696 535 793 614 Acco,
838 536 871 597 ui
892 535 1040 620 princeps
1057 536 1126 597 eius

166 621 291 686 consilii
301 623 412 702 fuerat,
427 619 517 684 iubet
530 623 564 683 in
576 621 692 710 oppida
702 620 826 683 multitu
850 622 933 682 'nem
946 622 1125 690 convenire.

167 705 376 789 Conantibus,
400 708 584 791 priusquam
599 707 632 770 id
648 705 731 769 effici
745 715 860 790 posset,
885 705 998 768 adesse
1013 705 1127 768 Roma·

167 815 226 856 nos
249 795 421 856 nuntiatur.
466 791 655 856 Necessario
679 792 835 855 sententia
864 791 1020 854 desistunt
1041 789 1127 874 lega·

167 891 279 964 tosque
295 877 488 962 deprecandi
502 899 599 941 causa
615 877 656 940 ad
668 876 839 942 Caesarem
852 879 993 939 mittunt:
1010 875 1128 938 adeunt

191 987 225 1026 er
246 963 408 1044 Haeduos,
432 984 566 1048 quorum
589 964 760 1048 antiquitus
780 972 849 1026 erat
870 963 904 1024 in
925 961 988 1024 fide
1005 962 1126 1024 civitas.

166 987 320 1112 liibenter
356 1047 477 1111 Caesar
511 1047 694 1133 petentibus
731 1047 874 1112 Haeduis
912 1047 966 1111 dat
1001 1047 1128 1110 veniam

168 1135 466 1219 excusationemque
491 1136 621 1218 accipit,
652 1133 737 1220 quod
759 1136 913 1197 aestivum
935 1143 1059 1216 tempus
1081 1131 1127 1194 in-

168 1221 279 1284 stantis
302 1218 388 1301 belli,
411 1241 476 1282 non
499 1221 692 1305 quaestionis
716 1241 786 1283 esse
809 1217 1030 1283 arbitrabatur.
1062 1217 1127 1280 Ob-

168 1305 290 1368 sidibus
312 1306 473 1388 imperatis
504 1314 631 1368 centum
659 1305 716 1369 hos
739 1305 881 1368 Haeduis
905 1301 1127 1367 custodiendos

167 1391 274 1454 tradit.
319 1390 442 1454 Eodem
464 1389 621 1454 Carnutes
644 1390 766 1474 legatos
789 1390 979 1472 obsidesque
1001 1389 1129 1450 mittunt

167 1479 217 1540 usi
232 1475 488 1561 deprecatoribus
503 1475 620 1558 Remis,
667 1499 778 1540 uorum
797 1484 887 1539 erant
909 1477 942 1537 in
964 1472 1126 1536 clientela:

169 1562 280 1626 eadem
308 1562 413 1626 ferunt
441 1585 606 1646 responsa.
646 1501 779 1646 (ieragit
809 1560 976 1626 concilium
1008 1556 1127 1622 Caesar

168 1649 353 1733 equitesque
375 1649 510 1734 imperat
531 1647 721 1711 civitatibus.

172 1769 175 1774 ·
232 1734 262 1796 5.
286 1734 358 1797 Hac
383 1742 473 1819 parte
497 1732 622 1797 Galliae
650 1743 764 1818 pacata
792 1743 874 1797 totus
909 1745 941 1798 et
967 1743 1073 1797 mente
1097 1739 1139 1806 et

167 1821 273 1886 animo
295 1823 329 1883 in
342 1818 475 1882 bellum
497 1818 710 1882 Treverorum
734 1829 764 1881 et
786 1819 980 1903 Ambiorigis
1001 1821 1127 1882 insistit.

170 1904 363 1968 Cavarinum
391 1927 462 1967 curn
493 1905 632 1988 equitatu
655 1903 817 1966 Senonum
840 1927 948 1968 secum
970 1904 1130 1989 proficisci

168 1991 269 2072 iubet,
299 2013 339 2054 ne
369 1991 439 2072 quis
467 1997 522 2052 aut
552 2010 592 2050 ex
619 1989 712 2050 huius
745 1988 909 2063 iracundia
939 2000 993 2053 aut
1016 2012 1058 2052 ex
1080 2010 1128 2069 ec,

169 2075 254 2161 quod
283 2082 456 2154 meruerat,
491 2072 563 2136 odio
592 2073 727 2136 civitatis
755 2083 858 2138 motus
882 2078 1022 2138 exsistat.
1067 2073 1128 2136 His

168 2160 263 2224 rebus
287 2159 472 2238 constitutis,
498 2159 582 2243 quod
604 2180 661 2243 pro
678 2158 842 2244 explorato
865 2159 1004 2223 habebat
1019 2159 1129 2222 Ambi-

169 2248 290 2330 origem
311 2244 432 2329 proelio
454 2266 518 2306 non
541 2267 612 2308 esse
632 2254 892 2328 concertaturum,
916 2243 1040 2329 reliqua
1062 2245 1130 2308 eius

169 2330 302 2394 consilia
324 2330 428 2393 animo
453 2329 735 2414 circumspiciebat.
773 2331 874 2395 Erant
894 2331 1037 2414 Menapii
1058 2351 1130 2415 pro·
1187 2349 1189 2357 ·

168 2417 281 2501 pinqui
301 2415 488 2478 Eburonum
520 2415 653 2497 finibuS,
687 2418 849 2562 perpetuis
878 2415 1048 2502 paludibus
1079 2415 1131 2479 sil·

168 2505 280 2587 visque
302 2503 430 2583 muniti,
465 2502 519 2586 qui
540 2503 596 2564 uni
618 2524 660 2565 ex
686 2500 748 2564 Gal
761 2503 792 2563 ia
813 2502 853 2566 de
898 2523 955 2565 ace
985 2501 1026 2564 ad
1053 2499 1131 2564 Cae-

170 2609 272 2650 sarem
302 2587 423 2671 lcgatos
456 2610 629 2672 numquam
657 2588 817 2650 miserant.
865 2525 946 2652 dium
978 2586 1027 2650 his
1061 2608 1132 2650 esse

169 2673 340 2758 hospitium
375 2673 552 2756 Ambiorigi
590 2673 730 2754 sciebat3
767 2675 843 2736 item
879 2695 937 2759 per
973 2673 1131 2736 Treveros

169 2761 295 2823 venisse
319 2758 488 2822 Germanis
521 2763 554 2821 iu
587 2760 759 2822 amicitiam
796 2769 997 2843 cognoverat.
1042 2757 1137 2820 Haec‘

168 2847 257 2930 prius
294 2844 341 2907 illi
378 2843 574 2907 detrahenda
615 2843 733 2908 auxilia
771 2843 991 2924 existimabat,
1037 2865 1133 2928 quam

168 2934 273 3014 ipsum
294 2929 379 2993 bello
407 2928 595 3012 lacesseret,
629 2953 670 2994 ne
698 2929 865 3014 desperata
893 2929 994 2993 salute
1022 2939 1076 2992 aut
1098 2951 1133 2992 se

169 3018 203 3080 in
230 3016 394 3101 Menapios
425 3014 558 3078 abderet
586 3027 641 3078 aut
674 3038 746 3079 cum
771 3015 1027 3078 Transrhenanis
1060 3035 1133 3078 con·

170 3102 261 3184 gredi
297 3111 470 3184 cogeretur.
528 3100 599 3166 Hoc
631 3102 709 3165 inito
746 3101 876 3166 consilio
913 3102 1008 3164 totius
1043 3122 1133 3164 exer-

171 3189 250 3250 citus
283 3186 510 3270 impedimenta
539 3186 580 3249 ad
601 3185 780 3251 Labienum
808 3189 841 3250 in
871 3186 1030 3251 Treveros
1063 3187 1133 3248 mit-

170 3275 208 3333 tit
236 3271 376 3356 duasque
407 3271 547 3354 legiones
577 3272 616 3336 ad
646 3294 718 3336 curn
745 3273 905 3358 proficisci
931 3269 1035 3353 iubet3
1065 3272 1134 3356 ipse

172 3379 244 3418 cum
273 3355 451 3441 legionibus
475 3379 515 3419 ex
538 3357 630 3436 editis
654 3359 793 3443 quinque
818 3359 852 3421 in
874 3357 1040 3442 Menapios
1062 3378 1133 3440 pro-

171 3441 329 3504 ficiscitur.
382 3441 433 3504 Illi
469 3380 557 3505 nulla
593 3453 705 3507 coacta
741 3465 836 3521 manu
872 3443 935 3508 loci
975 3440 1133 3528 praesidio
