2538 3978
371 251 506 316 COMM.
528 251 561 314 H
583 250 676 316 CAP.
698 253 834 316 41--43,
1041 253 1081 320 73

124 432 240 504 rantes,
263 434 297 488 ut
320 432 461 488 extremo
483 427 566 489 vitae
581 435 722 510 tempore
736 424 879 491 homines
893 425 997 492 facere
1008 447 1082 492 con·

125 517 264 590 suerunt,
288 520 340 574 aut
352 532 441 574 suam
452 520 585 574 mortem
607 511 837 574 miserabantur
858 523 912 575 aut
933 519 1082 598 parentes

124 615 199 660 suos
222 595 494 676 commendabant,
523 596 550 659 si
572 618 650 682 quos
673 618 715 660 ex
737 619 774 660 eo
795 597 936 682 periculo
957 597 1083 660 fortuna

125 701 254 743 servare
266 683 438 830 gotmsset
460 680 561 744 Plena
575 690 665 745 erant
679 683 784 746 omnia
794 683 915 746 timoris
927 691 959 746 et
968 685 1081 749 luctus.

189 764 241 829 42.
293 767 371 848 urio,
401 766 456 830 ubi
477 768 651 852 perterritis
674 767 818 832 omnibus
847 789 950 854 neque
973 766 1082 830 cohor-

125 851 262 914 tationes
285 874 358 915 suas
380 873 483 938 neque
505 874 617 938 preces
640 852 742 916 audiri
752 851 916 938 intellegit,
938 875 1034 916 unam
1048 860 1082 914 ut

124 937 159 998 in
180 936 305 1000 miseris
327 935 423 1000 rebus
447 959 536 1022 spem
556 937 712 1024 reliquam
735 937 843 1002 salutis
866 961 936 1002 esse
952 937 1082 1000 arbitra·

122 1031 175 1084 tus
197 1023 359 1106 proximos
382 1020 479 1086 colles
503 1044 618 1108 capere
640 1025 806 1088 universos
829 1034 923 1108 atque
938 1045 975 1086 eo
992 1023 1083 1107 signa

123 1106 235 1170 inferri
257 1106 353 1170 iubet.
377 1107 445 1171 Hos
468 1129 593 1194 quoque
615 1119 828 1193 praeoccupat
849 1109 964 1172 missus
987 1129 1006 1171 a
1028 1107 1082 1171 Sa-

123 1191 222 1255 burra
245 1195 412 1277 equitatus.
446 1192 528 1256 Tum
550 1215 627 1258 vero
650 1193 691 1257 ad
714 1217 867 1258 summam
890 1195 945 1258 des
970 1193 1082 1257 eratio-

123 1299 199 1341 nem
226 1280 327 1342 nostri
355 1280 546 1363 perveniunt
568 1288 600 1342 et
620 1280 734 1364 partim
755 1279 910 1364 firgientes
933 1217 973 1342 ab
997 1299 1014 1340 e
1037 1279 1082 1340 ui-

123 1372 192 1425 tatu
213 1363 455 1443 interficiuntur,
478 1366 592 1448 partim
613 1366 730 1450 integri
750 1364 969 1450 procumbunt.
1033 1369 1104 1426 or·'

124 1457 209 1511 tatur
231 1446 403 1513 Curionem
433 1447 490 1512 Cn.
521 1449 689 1531 Domitiae,
722 1450 901 1535 praefectus
935 1449 1082 1535 equitum,

126 1555 200 1596 cum
220 1535 331 1619 paucis
354 1533 513 1619 equitibus
537 1537 782 1618 circumsistens,
805 1535 840 1599 ut
854 1536 930 1620 fuga
952 1533 1083 1598 salutem

124 1627 212 1702 petat
233 1627 327 1704 atque
349 1621 382 1682 in
405 1631 509 1684 castra
530 1621 707 1703 contendat,
731 1630 762 1685 et
785 1643 818 1684 se
835 1621 875 1686 ab
891 1643 928 1686 eo
942 1642 1006 1683 non
1022 1618 1083 1682 dis-

121 1715 288 1768 cessurum
309 1703 486 1789 pollicetur.
529 1704 573 1768 At
596 1704 691 1770 Curio
713 1727 885 1791 numquam
909 1727 943 1770 se
965 1705 1080 1768 amisso

128 1789 282 1870 exercitu,
316 1811 409 1875 quem
431 1813 451 1854 a
472 1788 611 1854 Caesare
632 1791 708 1855 fidei
730 1793 932 1856 commissum
953 1811 1083 1874 accepe-

124 1874 175 1954 rit,
198 1875 321 1936 ineius
344 1885 547 1961 conspectum
574 1897 776 1941 reversurum
801 1877 964 1941 confirmat
989 1884 1084 1960 atque

124 1959 171 2022 ita
184 1958 344 2043 proelians
365 1961 560 2025 interficitur.
582 1961 713 2047 Equites
736 1985 778 2026 ex
792 1963 911 2048 proelio
933 1963 1084 2047 perpauci

126 2066 161 2108 se
183 2045 353 2130 recipiunt3
391 2046 448 2109 sed
474 2048 507 2128 ii,
545 2068 623 2132 quos
657 2047 698 2111 ad
729 2049 937 2112 novissimum
970 2067 1083 2130 agmen

126 2151 278 2216 equorum
304 2131 545 2197 reficiendorum
574 2155 670 2196 causa
691 2133 868 2198 substitisse
891 2133 1083 2196 demonstra-

125 2224 193 2278 tum
215 2223 271 2279 est.
301 2218 377 2302 fuga
408 2219 502 2283 totius
533 2219 691 2284 exercitus
723 2218 834 2304 procul
863 2217 1084 2282 animadversa

126 2322 196 2364 sese
218 2301 390 2368 incolumes
413 2303 446 2365 in
469 2313 572 2367 castra
594 2304 767 2369 conferunt.
789 2304 906 2368 Milites
929 2303 970 2367 ad
985 2325 1083 2366 unum

126 2408 236 2450 omnes
257 2389 501 2454 interficiuntur.
629 2447 633 2452 .

190 2472 241 2536 43.
263 2473 324 2537 His
344 2474 442 2538 rebus
465 2476 597 2559 cognitis
619 2475 756 2540 Marcius
777 2475 876 2538 Rufus
893 2474 1083 2561 quaestorin

126 2559 237 2621 castris
258 2559 385 2624 relictus
408 2583 427 2624 a
449 2557 587 2624 Curione
610 2560 789 2625 cohortatur
811 2583 892 2642 suos,
914 2582 955 2622 ne
978 2559 1082 2623 animo

127 2641 283 2707 deficiant.
319 2645 372 2709 Illi
394 2653 484 2709 orant
506 2655 599 2731 atque
622 2645 799 2727 obsecrant,
829 2655 864 2710 ut
885 2647 923 2730 in
941 2643 1083 2709 Siciliam

125 2727 261 2792 navibus
282 2739 491 2816 reportentur.
514 2730 687 2796 Pollicetur
708 2732 932 2817 magistrisque
948 2732 1083 2815 imperat

127 2815 264 2896 navium,
298 2827 334 2879 ut
355 2817 455 2902 primo
477 2838 534 2880 ves
559 2839 612 2880 ere
645 2838 755 2880 omnes
789 2815 921 2902 scaphas
945 2815 986 2878 ad
1006 2815 1081 2878 litus

127 2899 276 2984 appulsae
298 2900 447 2966 habeant.
485 2839 557 2966 Sed
581 2910 687 2966 tantus
719 2901 777 2965 fuit
810 2904 948 2966 omnium
969 2909 1081 2981 terror,

127 2994 161 3046 ut
182 2984 237 3048 alii
259 2986 371 3052 adesse
394 2987 499 3071 copias
522 2987 620 3051 Iubae
643 2987 794 3071 dicerent,
817 2986 871 3050 alii
893 3008 964 3050 cum
985 2983 1082 3068 legio-

125 3069 219 3133 nibus
241 3072 359 3134 instare
369 3071 489 3136 Varum
500 3073 625 3158 iamque
649 3095 683 3136 se
704 3073 868 3158 pulverem
889 3071 1083 3135 venientium

126 3175 266 3239 cernere,
298 3179 430 3243 quarum
451 3181 558 3223 rerum
580 3157 659 3221 nihil
682 3160 808 3223 omnino
831 3157 999 3236 acciderat,
1028 3153 1084 3216 alii

127 3238 262 3305 classem
282 3242 419 3306 hostiurn
440 3242 584 3308 celeriter
599 3242 816 3308 advolaturam
837 3243 1081 3327 suspicarentur.

88 3359 90 3362 ·
126 3324 236 3410 Itaque
268 3330 444 3412 perterritis
477 3328 623 3392 omnibus
646 3328 707 3392 sibi
729 3330 861 3414 quisque
887 3323 1081 3391 consulebat.

129 3408 193 3487 Qui
213 3414 247 3474 in
269 3411 371 3476 classe
393 3422 493 3495 erant,
515 3413 674 3500 proficisci
702 3413 924 3500 properabant.
958 3412 1083 3475 Horum

126 3494 204 3580 fuga
223 3499 352 3562 navium
374 3501 590 3564 onerariarum
611 3500 780 3586 magistros
802 3498 967 3563 incitabat:
990 3493 1084 3584 pauci
