2562 3966
155 195 217 260 144
411 193 472 256 DE
494 193 637 258 BELLO
661 191 852 258 GALLIOO

152 368 243 430 rium.
289 363 361 444 Qua
382 363 488 446 oblata
508 373 662 450 potestate
685 365 829 429 omnibus
856 363 906 427 his
929 363 1110 430 civitatibus

154 449 281 516 obsides
303 452 447 534 imperat,
471 460 589 513 eertum
611 473 777 516 numerum
799 450 933 513 militum
953 451 994 514 ad
1009 472 1043 514 se
1058 458 1108 513 o'e-

153 534 262 600 leriter
285 534 399 598 adduci
420 534 516 616 iubet,
540 557 698 599 armorum
721 545 872 622 quantum
900 557 1044 621 quaeque
1066 536 1108 600 ci-

153 623 234 684 vitas
257 619 342 684 dorni
364 619 510 706 quodque
532 629 604 684 ante
627 631 749 705 tempus
779 619 907 703 efficiat,
931 622 1108 704 constituit3

153 706 307 791 imprimis
331 705 484 790 equitatui
506 705 618 768 studet.
658 704 805 769 Summae
828 705 1010 790 diligentiae
1026 727 1108 792 sum-

153 814 237 854 mam
258 791 382 875 imperii
405 791 603 854 severitatem
626 790 728 872 addit;
751 789 967 874 magnitudine
991 812 1028 854 su
1050 789 1108 875 pli-

155 879 195 940 eii
218 874 397 938 dubitantes
424 876 516 958 cogit.
560 875 641 938 Nam
662 877 782 938 maiore
805 877 972 939 commisso
995 813 1109 939 delicto

152 963 219 1047 igni
240 971 333 1046 atque
357 959 501 1023 omnibus
524 962 685 1025 tormentis
701 970 801 1042 necat,
824 958 942 1024 leviore
958 958 997 1024 de
1014 981 1110 1025 causa

154 1044 283 1110 auribus
306 1044 441 1108 desectis
463 1052 517 1107 aut
540 1045 671 1129 singulis
700 1047 822 1112 effossis
851 1044 950 1110 oculis
981 1045 1109 1110 domum

152 1133 298 1212 remittit,
322 1139 356 1192 ut
378 1131 440 1194 sint
461 1129 521 1196 reli
543 1131 591 1192 uis
614 1129 800 1196 documento
834 1139 865 1194 et
892 1130 1109 1216 magnitudine

152 1237 273 1301 poenae
318 1224 492 1278 erterreant
513 1153 602 1280 tilios.
973 1249 980 1261 ·

216 1301 246 1363 5.
268 1239 327 1364 His
351 1300 511 1385 suppliciis
534 1300 678 1364 celeriter
700 1309 807 1365 coacto
830 1303 974 1364 exercitu
995 1299 1108 1366 Lucte-

153 1387 235 1450 rium
259 1385 451 1467 Oadurcum,
483 1407 622 1449 summae
650 1385 809 1450 hominem
839 1386 1005 1468 audaciae,
1037 1407 1109 1448 cum

94 1542 97 1549 ¹
152 1480 243 1556 parte
266 1473 425 1556 copiarum
447 1472 480 1533 in
500 1470 640 1535 Rutenos
662 1472 772 1553 mittit3
807 1472 876 1557 ipse
896 1473 930 1534 in
949 1471 1109 1554 Bituriges

152 1555 369 1642 proficiscitur.
409 1555 487 1618 Eius
517 1556 655 1620 adventu
683 1555 843 1640 Bituriges
874 1556 915 1620 ad
945 1555 1108 1638 Haeduos,
1192 1633 1194 1636 Ι

153 1663 286 1726 quorum
308 1651 399 1704 erant
424 1642 458 1703 in
479 1639 551 1722 fide,
574 1641 694 1724 legatos
716 1643 843 1704 mittunt
865 1641 1039 1705 subsidium
1060 1662 1109 1704 ro·

151 1737 268 1812 gatum,
291 1748 352 1874 <ppo
366 1726 490 1790 facilius
513 1725 654 1790 hostium
676 1726 782 1812 copias
805 1728 958 1792 sustinere
979 1727 1109 1876 possint.

150 1811 278 1876 Haedui
322 1833 339 1875 e
362 1810 494 1876 oonsilio
516 1810 699 1895 legatorum,
724 1834 803 1898 quos
816 1810 936 1878 Caesar
959 1835 977 1877 a
1021 1833 1110 1876 exer·

152 1899 248 1960 citum
269 1896 448 1982 reliquerat,
472 1897 578 1980 copias
602 1897 758 1982 equitatus
772 1897 994 1983 peditatusque
1009 1896 1110 1960 subsi-

152 1982 204 2045 dio
215 1981 411 2065 Biturigibus
423 1981 558 2056 mittunt.
593 1980 657 2060 Qui
689 2005 765 2046 uum
780 1982 822 2046 ad
836 1982 954 2046 flumen
968 1982 1109 2067 Ligerim

150 2068 322 2147 venissent,
346 2065 429 2150 quod
442 2065 603 2151 Bituriges
626 2003 824 2132 aquaeduis
847 2067 968 2148 dividit,
982 2087 1109 2214 paucos

152 2152 219 2217 dies
241 2150 286 2213 ibi
307 2152 421 2214 morati
449 2173 552 2236 neque
584 2153 703 2216 flumen
730 2155 864 2217 transire
891 2154 960 2216 ausi
1004 2172 1110 2215 omum

150 2245 351 2301 revertuntur
371 2235 546 2322 legatisque
559 2238 674 2302 nostris
688 2239 869 2301 renuntiant
884 2259 918 2301 se
932 2236 1110 2320 Biturigum

150 2322 316 2408 perfidiam
337 2323 454 2385 veritos
476 2324 656 2403 revertisse,
680 2322 793 2406 quibus
815 2321 848 2385 id
868 2321 989 2385 consilii
1011 2321 1109 2384 fuisse

152 2408 366 2492 cognoverint,
388 2416 431 2488 ut,
460 2407 488 2470 si
515 2406 634 2471 flumen
655 2408 849 2488 transissent,
871 2429 935 2469 una
957 2412 1110 2491 exparte

150 2494 221 2576 ipsi,
244 2491 343 2556 altera
363 2491 501 2555 Aruerni
528 2515 562 2556 se
590 2493 864 2556 circumsisterent.
907 2491 945 2554 Id
967 2513 1046 2554 eane
1069 2489 1110 2555 de

152 2599 256 2658 causa,
273 2599 367 2662 quam
382 2575 493 2662 legatis
507 2577 757 2663 pronuntiarunt,
773 2599 814 2639 an
828 2575 962 2660 perfidia
981 2575 1110 2640 adducti

150 2661 293 2743 fecerint,
317 2662 400 2747 quod
428 2661 507 2724 nihil
535 2659 626 2724 nobis
656 2669 786 2742 constat,
814 2683 878 2726 non
906 2662 1031 2725 videtur
1048 2683 1109 2746 ¹pro

153 2755 238 2810 certo
261 2769 330 2812 esse
359 2746 606 2832 proponendum.
649 2745 810 2831 Bituriges
834 2769 942 2812 eorum
965 2746 1108 2811 discessu

152 2834 259 2896 statim
281 2854 353 2896 eum
373 2833 525 2895 Arvernis
547 2831 728 2915 iungrmtur.

215 2917 244 2980 6.
267 2917 327 2980 His
341 2913 615 2981 rebusinItaliam
626 2915 757 2980 Caesari
766 2917 927 2996 nuntiatis,
962 2917 1111 2982 numiam

150 3001 205 3067 ille
222 3002 361 3066 urbanas
375 3023 428 3065 res
443 3001 559 3064 virtute
572 2999 654 3066 Gnei
665 3001 744 3065 Pom
767 3003 796 3065 ei
812 3023 932 3067 commo
958 3003 1055 3066 'orem
1076 3003 1111 3066 in

151 3097 266 3150 statum
276 3025 964 3173 pervenissemtallegera,inllansalpinam
972 3087 1110 3152 Galliam

151 3172 310 3256 profectus
333 3181 390 3236 est.
422 3171 471 3236 Eo
494 3194 590 3258 quum
611 3173 764 3254 venisset,
787 3195 904 3257 magna
925 3171 1110 3236 difficultate

149 3256 355 3347 afficiebatur,
369 3279 431 3343 qua
443 3259 565 3321 ratione
577 3256 618 3321 ad
633 3258 806 3322 exercitum
816 3257 984 3344 pervenire
1014 3266 1110 3322 osset.

151 3340 231 3404 Nam
253 3343 280 3405 si
300 3340 441 3425 legiones
463 3343 497 3404 in
510 3345 705 3426 provinciam
719 3351 902 3425 arcesseret,
928 3364 962 3406 se
977 3281 1110 3406 alsente

151 3426 181 3487 in
204 3426 317 3491 itinere
339 3423 459 3510 proelio
479 3427 681 3492 dimicaturas
692 3426 913 3514 intellegebat5
929 3429 955 3492 si
977 3429 1046 3514 ipse
1060 3425 1110 3489 ad
