2534 3970
180 207 222 274 60
436 206 496 270 DE
517 206 660 273 BELLO
683 207 875 274 GALLIOO

180 400 222 442 ex
242 375 358 444 robore
385 376 426 442 ad
454 378 596 463 quamvis
625 379 690 442 vim
719 389 751 443 et
779 378 1000 444 contumeliam
1068 379 1128 446 rie·

177 463 325 546 rendam;
357 472 496 528 transtra
526 463 690 564 pedalibus
712 465 745 527 in
768 463 963 528 altitudinem
984 474 1035 530 tra
1056 465 1128 532 ibus

180 549 305 614 confixa
327 547 424 612 clavis
446 548 558 612 ferrers
581 548 671 635 digiti
691 548 814 634 pollicis
830 549 1051 632 crassitudine,
1074 573 1127 616 an·

180 655 273 699 corae
294 655 353 719 pro
375 633 502 698 funibus
534 633 645 699 ferreis
678 636 798 699 catenis
819 636 997 717 revinctae3
1025 634 1126 721 pelles

177 740 234 806 pro
271 719 351 783 velis
387 719 554 804 alutaeque
589 721 725 785 tenuiter
760 721 937 803 confectae,
973 718 1033 785 hae
1060 722 1127 798 sive

177 811 307 891 propter
335 803 393 870 lini
420 805 558 889 inopiam
587 813 682 890 atque
711 806 779 869 eius
811 827 887 869 usus
920 806 1126 889 inscientiam,

178 890 246 954 sive
262 910 309 971 eo,
333 889 418 1038 ‹ppod
440 899 488 954 est
508 891 609 976 magis
624 889 805 971 verisimile,
829 889 914 977 quod
931 900 1035 956 tantas
1050 900 1127 955 tem-

177 982 316 1059 pestates
371 976 461 1040 ceani
488 984 654 1060 tantosque
687 976 822 1061 impetus
844 986 1010 1040 ventorum
1032 977 1122 1040 susti·

177 1060 248 1123 neri
276 1081 314 1124 ac
342 1069 429 1124 tanta
464 1082 561 1125 onera
592 1061 720 1124 navium
751 1062 821 1145 regi
852 1060 932 1126 velis
964 1062 1126 1128 nonsatis

176 1144 340 1209 commode
368 1168 461 1230 posse
497 1145 741 1210 arbitrabantur.
797 1145 879 1222 Cum
909 1145 958 1210 his
991 1145 1126 1210 navibus

175 1239 304 1293 nostrae
327 1230 422 1294 classi
443 1230 597 1294 eiusmodi
620 1253 807 1318 congressus
830 1240 907 1315 erat,
931 1241 965 1295 ut
985 1253 1050 1297 una
1076 1254 1126 1296 ce·

176 1313 300 1378 lenitate
330 1325 362 1380 et
389 1315 484 1402 pulsu
510 1338 671 1380 remorum
698 1327 889 1403 praestaret,
918 1315 1041 1404 reliqua
1068 1338 1125 1402 pro

175 1397 238 1464 loci
259 1410 380 1483 natura,
410 1424 467 1486 pro
489 1402 522 1465 vi
543 1411 763 1487 tempestatum
784 1401 848 1466 illis
871 1412 976 1467 essent
1004 1402 1126 1488 aptiora

175 1493 208 1550 et
229 1485 522 1551 accommodatiora
565 1485 676 1573 Neque
698 1489 781 1551 enim
803 1488 853 1550 his
875 1497 1001 1552 nostrae
1022 1497 1125 1550 rostro

174 1592 289 1636 nocere
310 1582 456 1658 poterant
478 1571 580 1658 (tanta
600 1574 634 1636 in
654 1573 693 1636 iis
716 1581 783 1638 erat
810 1571 994 1660 firmitudo),
1022 1593 1125 1658 neque

200 1668 307 1742 ropter
329 1657 526 1722 altitudinem
547 1657 640 1722 facile
661 1657 759 1721 telum
781 1657 996 1739 adficiebatur,
1020 1666 1052 1722 et
1074 1679 1124 1720 ea·

176 1679 250 1808 dem
272 1744 312 1807 de
335 1766 431 1807 causa
451 1746 564 1808 minus‘
578 1743 742 1808 commode
771 1743 892 1830 copulis
922 1742 1143 1809 contineban·'

174 1837 234 1891 tur.
257 1827 456 1907 Accedebat,
486 1839 536 1911 ut,
571 1851 667 1916 quum
689 1831 812 1894 saevire
833 1839 945 1893 ventus
969 1829 1125 1914 coepisset

174 1922 261 1978 etse
283 1923 377 1980 vento
400 1914 577 1995 dedissent,
611 1924 642 1979 et
663 1923 882 2001 tempestatem
902 1914 1020 1979 ferrent
1051 1913 1124 1977 faci·

174 1995 235 2061 lius
258 2008 290 2063 et
311 2001 344 2063 in
366 1999 456 2065 vadis
479 2001 689 2064 consisterent
715 2001 811 2064 tutius
834 2010 866 2065 et
894 1999 934 2065 ab
957 2008 1047 2063 aestu
1074 2020 1123 2062 re·

173 2081 267 2148 lictae
289 2083 368 2148 nihil
390 2107 468 2148 saxa
490 2094 521 2148 et
543 2094 650 2150 cautes
673 2087 839 2168 timerent3
862 2107 993 2172 quarum
1015 2105 1124 2158 rerum

175 2169 314 2232 omnium
335 2172 450 2235 nostris
472 2170 609 2234 navibus
631 2193 723 2235 casus
746 2182 815 2237 erat
837 2168 1099 2234 extimescendus.

238 2254 287 2317 14.
311 2252 533 2341 Compluribus
618 2259 743 2341 agnatis
766 2255 889 2342 oppidis
913 2255 1045 2336 Caesar,
1068 2252 1124 2317 ubi

171 2336 327 2402 intellexit
340 2339 457 2405 frustm
470 2279 746 2406 tantuidlaborem
761 2343 842 2405 sumi
863 2363 965 2428 neque
987 2339 1123 2405 hostium

172 2422 279 2509 fugam
294 2426 394 2511 captis
410 2425 533 2512 oppidis
552 2427 682 2513 reprimi
703 2449 806 2513 neque
827 2427 866 2490 iis
887 2425 996 2492 noceri
1017 2445 1121 2510 posse,

172 2509 281 2574 statuit
313 2511 558 2595 exspectandam
591 2511 734 2577 classem.
779 2510 869 2591 Quae
897 2511 953 2575 ubi
975 2509 1123 2574 convenit

172 2617 211 2659 ac
224 2596 361 2681 primum
382 2596 423 2660 ab
438 2595 580 2662 hostibus
594 2599 665 2662 visa
686 2606 742 2680 cst,
766 2599 891 2662 circiter
913 2603 1008 2661 CCXX
1022 2616 1121 2659 naves

173 2702 281 2745 eorum
302 2683 521 2767 paratissimae
543 2693 638 2770 atque
660 2684 745 2748 omni
766 2705 883 2768 genere
898 2704 1058 2748 armorum
1072 2703 1120 2745 or·

171 2767 353 2833 notissimae
375 2769 534 2853 protectae
556 2792 598 2834 ex
618 2777 713 2853 portu
733 2770 849 2834 nostris
872 2770 1025 2833 adversae
1048 2787 1120 2832 con·

172 2853 333 2936 stiterunt3
356 2875 460 2939 neque
482 2854 557 2919 satis
578 2853 689 2935 Bruto,
713 2857 766 2941 qui
788 2853 883 2920 classi
903 2863 1057 2940 praeerat,
1068 2849 1121 2916 vel

174 2937 307 3001 tribunis
329 2937 463 3002 militum
492 2938 805 3026 centurionibusque,
834 2940 947 3026 quibus
978 2935 1121 3022 singulae

172 3044 270 3088 naves
293 3033 384 3088 erant
406 3022 586 3108 attributae,
610 3024 784 3107 constabat,
836 3025 892 3091 uid
913 3035 1045 3110 agerent
1067 3031 1121 3086 aut

172 3130 266 3194 quam
287 3109 442 3173 rationem
462 3132 588 3195 pugnae
609 3111 798 3175 insisterent.
856 3120 939 3176 ostro
962 3112 1047 3176 enim
1063 3129 1120 3172 no-

171 3194 236 3256 ceri
257 3216 322 3259 non
342 3216 437 3279 posse
460 3206 690 3279 cognoverant3
712 3196 852 3260 turribus
875 3205 981 3261 autem
1002 3195 1119 3260 excita·

171 3279 210 3342 tis
233 3289 339 3344 tamen
360 3279 418 3343 has
441 3279 571 3344 altitudo
593 3302 637 3366 pu
659 3282 746 3366 pium
768 3303 809 3344 ex
824 3280 969 3346 barbaris
984 3279 1119 3346 navibus

171 3364 350 3449 superabat,
366 3374 401 3428 ut
415 3387 518 3451 neque
540 3387 582 3430 ex
602 3303 751 3430 inleriore
772 3365 842 3430 loco
865 3367 940 3430 satis
956 3364 1120 3431 commode

170 3449 235 3534 tela
256 3449 351 3514 adiici
372 3460 502 3528 possent
530 3460 562 3514 et
582 3451 680 3514 missa
701 3450 742 3516 ab
765 3449 867 3516 Gallis
888 3453 1017 3532 gravius
1039 3451 1120 3515 acci·
