2562 3970
411 249 545 315 OOMM.
567 249 584 314 Ι
606 249 698 315 OAP.
721 249 856 313 28-32.
1058 247 1098 312 19

145 421 291 503 eundem,
336 443 411 485 uum
433 417 573 484 Siciliam
594 422 773 505 recepisset,
796 421 938 508 protinus
960 418 993 482 in
1016 417 1098 482 Atri-

143 529 213 573 cam
222 445 427 571 transducere
440 507 613 572 exercitum
624 505 720 570 iubet.
742 504 923 569 Sardiniam
938 502 1099 567 obtinebat

143 591 188 656 M.
210 592 312 674 Cotto,
336 589 476 656 Siciliam
497 589 540 653 M.
564 589 660 674 (iat03
692 590 835 654 Africam
862 598 946 655 sorte
968 587 1096 652 Tubero'

145 677 287 744 obtinere
320 673 465 740 debebat.
518 673 707 758 Corelitsni,
740 673 833 738 simul
862 674 903 738 sd
939 697 973 738 se
1005 671 1098 737 Vele-

144 763 228 826 rium
247 763 329 826 mitti
342 761 517 843 audierunt,
539 760 680 826 nondum
701 760 840 846 profecto
863 781 905 822 ex
924 759 1017 823 Italia
1038 781 1095 822 sue

146 855 258 934 sponte
291 845 417 934 Cottam
446 867 487 909 ex
519 846 635 946 oppido
667 847 804 922 eiiciunt.
851 845 910 908 ille
991 846 1097 908 rterri·

145 941 205 1014 tus,
230 931 315 1018 quod
336 953 461 996 omnem
482 933 678 1016 provinciam
692 931 870 995 consentire
884 931 949 994 inte
962 927 1097 1014 legebat,

145 1039 186 1081 ex
206 1015 352 1082 Sardinia
372 1019 405 1080 in
427 1015 567 1081 Africam
588 1016 734 1102 profugit
758 1015 837 1080 Octo
859 1017 892 1078 in
913 1014 1023 1079 Sicilia
1043 1035 1098 1078 no

144 1123 202 1167 ves
224 1101 335 1186 longos
357 1111 481 1166 veteres
502 1101 673 1182 reficiebat,
707 1123 805 1166 novas
839 1100 1016 1164 civitatibus
1038 1101 1094 1164 im·

168 1186 287 1251 erubet
323 1186 413 1250 Haec
445 1207 560 1272 magno
593 1186 695 1251 studio
728 1185 853 1270 agebat.
889 1185 929 1248 In
959 1185 1096 1248 Lucanis

144 1210 339 1358 Bruttiisque
359 1293 417 1358 per
438 1271 558 1357 legatos
580 1293 654 1336 suos
676 1271 792 1336 civium
812 1271 1026 1335 Romanorum
1046 1270 1099 1334 de·

145 1357 245 1422 lectus
267 1356 405 1422 habebat
447 1357 587 1443 equitum
618 1357 821 1443 peditumque
850 1367 971 1420 certum
992 1373 1098 1420 nurne-

145 1465 216 1506 rum
237 1465 257 1506 a
284 1406 464 1506 civitatibus
498 1441 623 1507 Siciliae
656 1441 821 1528 exigebat
847 1438 971 1520 Quibus
1002 1440 1099 1505 rebus

145 1547 247 1614 poene
268 1527 418 1613 perfectis
449 1527 589 1592 adventu
622 1526 769 1592 Curionis
802 1528 927 1612 cognito
961 1527 1100 1614 queritm

145 1615 180 1676 in
201 1613 351 1678 concione
373 1633 443 1678 sese
464 1615 638 1698 proiectum
659 1635 698 1678 so
718 1612 876 1698 proditum
898 1612 991 1677 aOn.
1006 1613 1098 1676 Pom·

146 1699 228 1784 poio,
251 1699 305 1784 qui
326 1698 470 1764 omnibus
491 1697 586 1762 rebus
608 1699 860 1784 impuratissimis
875 1721 939 1762 non
952 1719 1098 1762 neeessa-
1152 1733 1154 1737 ·

146 1786 228 1848 rium
248 1782 368 1848 bellum
389 1786 579 1870 suscepisset
600 1792 632 1848 et
653 1783 699 1848 sb
716 1792 751 1847 se'
771 1781 964 1868 reliquisque
995 1785 1030 1846 in
1052 1805 1100 1848 se·

146 1877 223 1932 natu
243 1871 450 1956 interrogetis
473 1869 576 1933 omnis
597 1868 658 1934 sibi
680 1889 750 1933 esse
772 1869 813 1933 od
833 1867 952 1934 bellurn
968 1865 1041 1954 epte
1062 1889 1101 1931 sc

56 1997 60 2004 -
146 1963 257 2040 parete
278 1954 534 2019 confirmavisset.
566 1953 712 2018 Haecin
734 1955 883 2020 concione
906 1965 1033 2040 questus
1056 1975 1097 2018 ex

147 2040 312 2126 provincio
332 2041 422 2124 sugit.

212 2125 263 2189 31.
284 2125 376 2190 Nocti
397 2146 513 2190 vacuas
528 2124 569 2190 sb
585 2126 628 2189 im
650 2126 723 2190 eriis
746 2125 923 2190 Sardiniam
944 2124 1099 2204 Valerius,

148 2209 245 2276 Curio
259 2208 400 2275 Siciliam
414 2231 486 2274 cum
501 2147 690 2276 exercitibus
702 2235 738 2278 eo
753 2213 948 2297 perveniunt.
964 2210 1100 2293 lichene,

148 2315 245 2382 quum
266 2297 299 2360 in
321 2295 460 2361 Africam
481 2297 629 2379 venisset,
652 2297 772 2362 invenit
792 2299 826 2360 in
846 2297 1009 2382 provincis
1030 2318 1101 2362 cum

147 2383 280 2467 irnperio
302 2381 424 2446 Attium
450 2381 585 2464 Verum3
608 2384 662 2468 qui
682 2379 729 2448 'sd
745 2382 926 2462 Auximum,
949 2391 983 2445 ut
1004 2403 1102 2466 supro

148 2466 441 2548 demonstravimus,
463 2468 587 2532 snnssis
609 2467 789 2532 cohortibus
811 2470 952 2554 protinus
975 2467 1101 2552 exfugs

147 2554 181 2615 in
201 2551 343 2616 Africam
363 2564 552 2638 pervenerat
566 2561 598 2616 ot
620 2575 661 2618 ue
676 2575 745 2617 earn
766 2575 824 2616 sua
844 2563 954 2638 sponte
968 2573 1102 2616 vacuam

149 2645 359 2738 occupaverat
372 2637 557 2726 delectuque
571 2636 614 2702 ha
635 2639 678 2704 ito
700 2639 778 2702 duas
792 2637 934 2722 legiones
956 2637 1103 2702 effecerat
1152 2645 1153 2650 ’

149 2723 310 2787 hommum
339 2731 371 2786 et
395 2721 535 2788 locorum
563 2725 674 2788 notitia
701 2733 732 2787 et
753 2745 812 2787 usn
834 2724 900 2788 eius
922 2724 1102 2810 provinciae

149 2817 260 2872 nactus
283 2807 384 2871 adius
407 2809 448 2872 od
463 2829 500 2871 ea
514 2809 666 2890 conanda,
689 2810 773 2894 quod
792 2810 901 2894 paucis
923 2816 996 2872 ante
1011 2809 1101 2872 annis

150 2913 192 2955 ex
200 2902 350 2978 praetura
361 2913 431 2956 eum
440 2895 636 2978 provinciam
647 2892 831 2958 obtinuerat.
844 2894 907 2958 Hie
920 2895 1101 2958 venientem

149 2975 276 3042 Uticam
296 2977 431 3042 novibus
452 2976 652 3044 Tuberonem
665 2989 757 3064 portu
777 2989 871 3066 atque
893 2979 1008 3064 oppido
1029 3000 1102 3064 pro·

150 3063 238 3128 hibet
264 3085 367 3150 neque
390 3063 536 3128 effectum
562 3063 742 3128 valetudine
763 3064 861 3129 filium
889 3085 1047 3150 exponere
1068 3065 1102 3126 in

150 3159 269 3212 terrem
300 3149 426 3234 potitur,
463 3147 520 3212 sed
540 3148 687 3213 'sublatis
723 3151 845 3215 ancoris
878 3149 1031 3214 excedere
1064 3169 1101 3213 eo

152 3232 347 3382 1οωῧὲοὲΞέ
358 3319 453 3384 rebus
465 3319 615 3385 confectis
626 3319 753 3402 (leesor,
769 3329 803 3384 ut
812 3318 968 3405 reliquum
978 3329 1102 3406 ternpus

152 3423 173 3466 s
185 3401 295 3469 labore
308 3405 574 3488 intermitteretur,
588 3405 703 3470 milites
721 3407 756 3469 in
776 3406 920 3490 proxima
934 3405 1103 3490 municipis

152 3487 294 3570 deducit3
315 3492 383 3576 ipse
412 3491 453 3556 ed
482 3491 591 3556 urbem
613 3492 828 3577 proficiscitur.
851 3489 969 3639 §quoto
992 3500 1102 3557 senatu
