2562 3966
197 199 259 262 170
450 197 511 260 De}
529 195 675 262 eutLO
698 193 888 262 GALLIOO

193 377 370 454 temporum
392 369 575 454 dignitatem
603 377 635 433 et
660 369 793 454 gratiam
823 366 1032 431 antecessisse
1060 367 1145 434 vide·

192 465 310 518 rentur.
354 454 413 518 His
436 455 517 518 datis
544 453 699 518 mandatis
721 475 775 518 eos
797 450 838 515 ab
861 473 896 516 se
917 452 1044 516 dimisit

256 539 309 603 55.
328 539 552 604 Noviodunum
587 549 655 602 erat
689 537 838 624 oppidum
871 535 1077 602 Haeduorum
1105 537 1145 600 ad

193 623 280 708 ripas
301 623 338 686 L'
363 625 426 688 eris
448 634 623 709 opportuno
652 622 722 689 loco
743 625 889 708 positum.
931 621 1004 686 Huc
1026 620 1146 688 Caesar

193 729 302 772 ornnes
325 732 342 773 o
367 709 450 772 sides
473 708 605 792 Galliae,
627 707 827 789 frumentum,
856 708 1021 793 pecuniam
1044 706 1144 792 publi-

193 814 280 875 cam,
310 815 438 858 suorum
466 804 559 880 atque
588 795 745 858 exercitus
767 794 1059 878 impedimentorum
1082 815 1145 856 rna-

190 900 287 963 gnam
297 888 420 964 partem
434 879 623 962 contulerat3
638 879 700 942 huc
711 900 860 962 magnum
875 900 1040 940 numerum
1052 899 1144 963 equo·

192 984 262 1026 rum
300 965 392 1027 huius
431 963 506 1028 belli
548 985 643 1027 causa
673 966 708 1026 in
737 962 831 1026 ltalia
864 974 958 1047 atque
992 963 1050 1026 His
1075 963 1145 1026 ania

192 1056 348 1112 coemtum
375 1051 512 1113 miserat
555 1049 604 1114 Eo
633 1071 729 1134 quum
752 1047 951 1133 Eporedorix
971 1047 1040 1110 Viri
1063 1070 1144 1110 oma-

190 1154 307 1218 rusque
328 1135 491 1198 venissent
519 1133 612 1198 etde
641 1143 723 1198 statu
751 1134 884 1197 civitatis
913 1135 1143 1218 cognovissent,

123 1229 127 1238 '
190 1216 367 1282 Litavicum
387 1218 541 1284 Bibracte
564 1219 605 1282 ab
627 1218 769 1282 Haeduis
791 1228 961 1302 receptum,
992 1217 1076 1304 quod
1098 1227 1145 1280 est

191 1303 341 1387 oppidum
362 1303 448 1389 apud
461 1326 523 1368 eos
551 1305 707 1368 maximae
736 1304 939 1384 auctoritatis,
956 1301 1144 1367 Convictoli-

190 1389 289 1452 tavim
316 1391 533 1473 magistratum
560 1411 771 1475 magnamque
796 1398 917 1474 partem
947 1400 1074 1452 senatus
1104 1387 1144 1450 ad

187 1493 264 1535 eum
285 1475 481 1556 convenisse,
496 1473 616 1558 legatos
632 1474 673 1538 ad
687 1474 982 1558 Vercingetorigem
1003 1472 1043 1536 de
1064 1495 1143 1558 pace

191 1568 224 1622 et
244 1560 383 1622 amicitia
404 1558 602 1624 concilianda
628 1558 755 1644 publice
775 1561 898 1640 missos,
920 1579 985 1622 non
1004 1569 1143 1642 praeter-

190 1643 376 1708 mittendum
390 1653 512 1708 tantum
525 1644 725 1709 commodum
740 1645 1007 1708 existimaverunt
1033 1643 1143 1730 Itaque

190 1729 361 1792 interfectis
382 1729 562 1794 Novioduni
577 1729 760 1794 custodibus
779 1731 895 1816 quique
910 1750 948 1793 eo
963 1727 1144 1814 negotiandi

191 1835 288 1878 causa
308 1826 531 1896 convenerant,
561 1816 728 1900 pecuniam
750 1823 784 1878 at
804 1837 845 1879 ue
875 1836 971 1900 equos
1000 1815 1082 1878 inter
1109 1837 1143 1880 se

188 1900 296 1984 partiti
318 1909 407 1983 sunt;
430 1899 555 1965 obsides
577 1902 739 1964 civitatum
749 1839 897 1964 Bibracte
920 1899 960 1962 ad
982 1901 1143 1984 magistra-

189 1993 257 2046 tum
285 1983 487 2050 deducendos
520 1995 727 2068 curaverunt;
754 1985 919 2071 oppidum,
951 1985 1036 2070 quod
1062 2007 1081 2048 a
1109 2007 1143 2048 se

188 2071 289 2134 teneri
309 2091 374 2133 non
396 2092 490 2155 posse
511 2069 702 2152 iudicabant,
725 2093 766 2134 ne
781 2072 832 2134 cui
848 2078 932 2134 esset
945 2071 1017 2132 usui
1030 2069 1142 2134 Roma-

188 2155 252 2237 nis,
281 2155 503 2238 incendor-unq
540 2156 688 2221 frumenti
723 2155 805 2241 quod
839 2155 942 2218 subito
974 2162 1142 2238 potuerunt

186 2239 322 2304 navibus
345 2249 529 2323 avexerunt,
551 2240 708 2325 reliquum
730 2240 860 2306 flumine
883 2250 975 2324 atque
997 2239 1143 2304 incendio

188 2335 408 2410 corruperunt.
469 2326 535 2411 Ipsi
570 2347 611 2390 ex
645 2325 785 2388 finitimis
818 2321 1001 2408 regionibus
1035 2326 1142 2408 copias

188 2429 312 2494 cogere,
334 2411 494 2495 praesidia
516 2410 736 2495 custodiasque
764 2409 803 2474 ad
826 2411 911 2493 ripas
932 2408 1057 2492 Ligeris
1081 2409 1140 2472 dis-

188 2516 309 2579 ponere
331 2499 565 2581 equitatumque
588 2495 732 2559 omnibus
747 2494 824 2559 locis
839 2495 1000 2558 iniiciendi
1020 2495 1143 2558 timoris
1196 2507 1208 2515 ·

187 2601 284 2644 causa
305 2591 462 2646 ostentare
485 2587 664 2664 coeperunt,
688 2581 713 2642 si
737 2579 777 2644 ab
799 2603 835 2644 re
853 2579 1067 2652 frumentaria¹
1081 2579 1138 2643 Ro·

186 2687 296 2730 manos
319 2665 489 2728 excludere
512 2676 566 2728 aut
593 2664 746 2730 adductos
767 2666 873 2750 inopia
894 2665 927 2727 in
948 2665 1142 2749 provinciam

186 2749 347 2834 expellere
369 2759 507 2834 possent.
553 2749 656 2828 Quam
671 2750 712 2814 ad
727 2773 816 2836 spem
833 2748 966 2814 multum
980 2771 1034 2814 eos
1056 2749 1141 2814 adiu·

184 2837 290 2917 rabat,
314 2835 399 2920 quod
426 2836 525 2922 Liger
553 2857 593 2900 ex
622 2836 749 2901 nivibus
778 2845 931 2918 creverat,
960 2844 995 2898 ut
1016 2837 1140 2900 omnino

121 2923 125 2930 '
185 2919 268 2984 vado
289 2942 353 2985 non
375 2943 469 3006 posse
490 2922 619 2986 transid
640 2921 811 2987 videretur.

248 3005 299 3069 56.
331 3005 454 3085 Quibus
482 3007 579 3072 rebus
608 3008 741 3091 cognitis
771 3006 891 3071 Caesar
922 3005 1141 3070 maturandum

184 3089 247 3154 sibi
269 3094 399 3174 censuit,
423 3094 451 3156 si
472 3102 557 3156 esset
577 3095 612 3156 in
632 3091 832 3175 perficiendis
847 3091 995 3177 pontibus
1017 3090 1141 3175 pericli-

184 3176 324 3260 tandum,
347 3186 382 3239 ut
402 3179 498 3262 prius,
522 3200 617 3264 quam
647 3189 754 3242 essent
780 3179 917 3242 maiores
946 3197 984 3242 eo
1014 3185 1141 3240 coactae

185 3264 304 3346 copiae,
328 3261 502 3327 dimicaret.
546 3263 628 3328 Nam
659 3273 694 3327 ut
716 3272 907 3328 commutato
930 3261 1060 3326 consilio
1082 3262 1143 3324 iter

183 3345 217 3408 in
238 3349 434 3431 prouinciam
456 3360 665 3434 converteret,
688 3359 723 3411 ut
737 3371 778 3412 ne
792 3358 879 3414 metu
890 3348 1018 3434 quidem
1032 3367 1141 3410 neces·

183 3435 267 3496 sario
301 3432 479 3498 laeiundum
516 3437 733 3518 existimabat,
764 3457 862 3520 quum
888 3433 1018 3496 infamia
1049 3440 1142 3518 atque
