2562 3970
208 248 376 314 LXXXIV
552 249 807 314 PRAEFATIO.

210 443 305 524 quem
333 423 427 486 iniret
454 420 501 483 rei
552 421 690 484 erundne
717 422 880 487 rationem.
921 419 968 484 Ite
990 441 1028 483 ue
1057 419 1097 484 de
1118 441 1157 484 eo

212 514 256 590 [m
277 507 403 571 Betreff
420 444 550 586 desseni
567 528 640 590 ,quo
665 529 733 570 rem
756 505 912 569 deducere
940 441 1075 586 vdiebat,
1103 527 1157 568 ne-

211 595 358 657 cessitate
387 601 435 654 est
464 590 608 673 edoctus,
637 600 672 654 ut
700 613 801 676 neque
831 591 1027 676 confligeret,
1053 611 1157 675 neque

209 680 321 768 vagari
344 676 488 741 Cassium
510 674 602 739 iatius
621 677 802 761 paterenus!

276 763 311 827 0.
335 763 376 825 66
398 762 435 826 N.
466 760 579 824 lacuna
608 771 715 825 notata
746 761 825 825 haec
855 783 895 825 ex
924 759 1012 823 libris
1042 759 1157 824 edidit:

210 854 319 914 Fratri
344 859 439 912 autem
464 853 689 911 Ariobarzanis
712 854 886 923 Ariarathi,
907 868 973 910 cum
999 853 1072 910 bene
1092 868 1158 910 ma

211 943 290 1010 ritas
309 945 434 1012 uterque
456 953 556 996 eorum
578 939 615 996 de
635 938 791 1013 republica
813 945 904 1008 esset,
935 953 972 995 ne
994 942 1048 995 aut
1072 939 1161 1010 reani

211 1026 384 1085 haereditas
411 1023 594 1090 Ariarathen
627 1025 819 1101 sollicitaret,
858 1029 910 1080 aut
935 1023 1043 1080 haeres
1070 1024 1160 1094 repni

212 1116 340 1170 terreret
354 1151 362 1165 .
378 1151 386 1166 .
404 1152 433 1166 ..
457 1150 489 1165 ..
517 1109 723 1166 Ariobarzani
748 1109 895 1183 attribuit,
926 1110 978 1180 qui
1005 1107 1062 1165 sub
1094 1108 1160 1165 eius

211 1197 338 1271 irnperio
355 1211 392 1253 ac
414 1196 533 1254 dicione
555 1201 650 1262 esset;
674 1188 829 1252 excidisse
844 1197 934 1273 putet
953 1186 1053 1250 verbe
1068 1193 1159 1252 Ario-

212 1282 377 1350 barzanen,
400 1287 516 1354 partem
538 1280 698 1337 Armeniae
718 1281 845 1337 minaris
861 1281 1011 1338 concessit
1025 1295 1158 1350 eumque.

211 1360 304 1438 Quae
323 1381 421 1447 quum
444 1361 520 1422 satis
543 1358 638 1422 dubia
659 1359 730 1440 sint,
755 1357 892 1422 scribere
914 1357 1026 1421 malui:
1055 1361 1162 1422 Fratri

212 1461 310 1510 antem
332 1451 555 1509 Ariobarzanis
577 1451 737 1508 Ariarathi
751 1457 826 1527 cett,
842 1465 880 1508 ne
902 1455 955 1507 aut
979 1450 1068 1522 repni
1088 1449 1160 1507 hae-

211 1539 327 1596 reditas
352 1537 536 1595 Ariarathen
559 1536 753 1607 saliicitaret,
779 1542 832 1593 aut
856 1536 963 1594 haeres
988 1535 1078 1607 repar·
1099 1540 1159 1592 ter-

210 1629 293 1682 reret
307 1625 333 1681 A
341 1622 626 1686 riobarzanen,
643 1622 796 1696 adtribuit,
815 1623 867 1694 qui
881 1621 936 1679 sab
952 1622 1018 1678 eius
1033 1621 1159 1693 imperia

212 1725 250 1767 ac
278 1709 397 1767 dicione
430 1712 569 1764 essent.
606 1699 787 1765 Verisimile
817 1703 900 1764 enim
927 1708 989 1778 est,
1019 1698 1160 1762 dativum

211 1795 423 1853 Ariobarzani
443 1787 578 1871 primurn
601 1787 753 1870 posuisse,
777 1787 831 1872 qui
859 1787 892 1848 in
918 1787 1080 1849 sententiis
1101 1807 1161 1869 per

211 1872 384 1960 particulas
406 1885 525 1934 aut-aut
547 1870 608 1935 sibi
630 1872 781 1956 oppositis
804 1879 987 1936 Ariarathen
1003 1869 1160 1934 obiectum

213 1981 283 2021 esse
298 1956 439 2042 putebat,
455 1958 499 2020 ita
512 1965 546 2020 ub
561 1963 784 2022 Ariobarzanis
798 1979 912 2020 nornen
935 1956 976 2020 ad
998 1957 1162 2041 sequentia

211 2043 348 2107 referret
370 2052 401 2107 et
422 2043 596 2126 adaptaret.

277 2126 382 2205 Quum
410 2128 444 2190 in
470 2127 613 2192 omnibus
639 2127 706 2192 fere
735 2127 824 2191 libris
851 2128 973 2191 initium
1002 2149 1028 2213 c.
1053 2126 1090 2190 71
1115 2127 1162 2189 sie

212 2214 365 2298 scriptum
391 2214 444 2276 sit:
480 2219 519 2278 At
540 2219 718 2279 Pharnaces
748 2221 912 2279 liberaliter
938 2220 1036 2277 omnia
1060 2218 1161 2293 poili-

213 2307 300 2374 citus,
325 2321 390 2362 cum
410 2305 599 2378 festinantem
614 2311 987 2378 acpraecurreatem
1003 2305 1161 2362 Caesarem

212 2395 355 2464 speraret
375 2390 515 2448 libentius
537 2393 624 2449 etiam
647 2391 831 2449 crediturum
859 2392 925 2449 suis
948 2391 1112 2465 promissis
1135 2405 1160 2448 e.

214 2493 242 2548 tp
271 2491 297 2532 s.
325 2467 586 2554 (praecurrentem
613 2469 748 2533 Vindob.
778 2491 902 2554 quoque
931 2469 1012 2534 liber
1040 2467 1161 2554 habet),

211 2554 275 2617 viri
297 2553 381 2616 docti
403 2553 456 2618 alii
483 2554 559 2618 alies
588 2555 847 2638 excogitaverunt
874 2554 1107 2618 emendationes
1131 2564 1163 2619 et

213 2641 496 2724 interpretationes.
532 2639 742 2724 Nipperderus
773 2661 867 2726 quum
891 2644 1163 2720 praefestinantern

214 2747 253 2788 ac
275 2742 442 2789 currentem
459 2723 687 2787 emendandum
704 2746 773 2786 esse
789 2735 940 2807 censeret,
964 2725 1040 2788 satis
1056 2735 1163 2788 tamen

212 2808 324 2874 hebuit
351 2810 537 2893 suspicionis
566 2811 688 2894 signum
711 2809 755 2871 ilii
780 2824 1027 2890 praecurrentem
1048 2810 1162 2895 praefi·

213 2917 300 2978 gere.
345 2895 414 2978 Ego
439 2911 687 2974 praecurrentem
720 2917 761 2958 ex
797 2897 968 2960 contructis
998 2894 1161 2958 vocabulis

211 2988 400 3062 prouinciam
416 2993 617 3044 recurrentem
629 2990 755 3044 enatum
771 3003 839 3044 esse
851 2991 936 3067 puto,
949 2989 1042 3067 etque
1059 2979 1162 3045 edidi:

214 3087 303 3144 auum
315 3071 503 3143 festinantem
519 3088 556 3130 ac
572 3074 608 3129 in
628 3077 877 3147 prouinciam
891 3079 1161 3132 recurrentem

214 3157 370 3214 Caesarem
392 3163 533 3229 speraret
558 3163 622 3216 cett.
1195 3203 1198 3212 ,

230 3259 231 3264 ’
277 3235 372 3301 Initio
395 3258 421 3298 c.
446 3235 486 3298 72
507 3238 639 3317 restitui,
663 3259 744 3321 quse
767 3237 806 3300 ab
828 3236 911 3301 Aldu
933 3237 1007 3301 inde
1033 3236 1163 3320 vulgata

214 3327 301 3384 sunt':
324 3325 398 3385 Zeia
421 3335 464 3384 est
492 3329 636 3402 oppidum
658 3331 688 3384 in
717 3328 828 3406 Ponto,
853 3331 992 3402 positu
1015 3331 1099 3402 ipso
1129 3335 1163 3387 at

214 3411 247 3467 in
265 3412 361 3486 plana
385 3413 451 3470 laco
473 3417 549 3470 satis
571 3415 756 3472 munitum.
788 3407 877 3470 Libri
902 3416 1033 3489 positum
1063 3417 1162 3488 ipsum

213 3487 348 3570 habent,
372 3500 405 3554 ut
425 3490 486 3554 huc
506 3493 538 3554 in
562 3515 598 3555 re
625 3493 729 3556 minor
758 3494 796 3555 iis
823 3492 902 3556 fides
930 3489 1077 3557 habenda
1104 3502 1161 3576 est,
