<?xml version="1.0" encoding="UTF-8"?>
<!DOCTYPE html PUBLIC "-//W3C//DTD XHTML 1.0 Transitional//EN"
    "http://www.w3.org/TR/xhtml1/DTD/xhtml1-transitional.dtd">
<html xmlns="http://www.w3.org/1999/xhtml" xml:lang="en" lang="en">
 <head>
  <title>
</title>
<meta http-equiv="Content-Type" content="text/html;charset=utf-8" />
  <meta name='ocr-system' content='tesseract 3.04.00' />
  <meta name='ocr-capabilities' content='ocr_page ocr_carea ocr_par ocr_line ocrx_word'/>
</head>
<body>
  <div class='ocr_page' id='page_1' title='image "./ciuliicaesarisc01hirtgoog_0472.png"; bbox 0 0 2538 3978; ppageno 0'>
   <div class='ocr_carea' id='block_1_1' title="bbox 369 208 1095 288">
    <p class='ocr_par' dir='ltr' id='par_1_1' title="bbox 369 208 1095 288">
     <span class='ocr_line' id='line_1_1' title="bbox 369 208 1095 288; baseline 0.003 -2"><span class='ocrx_word' id='word_1_1' title='bbox 369 219 505 286; x_wconf 84' lang='lat' dir='ltr'><strong>COMM.</strong></span> <span class='ocrx_word' id='word_1_2' title='bbox 527 219 576 283; x_wconf 84' lang='lat'><strong>111</strong></span> <span class='ocrx_word' id='word_1_3' title='bbox 599 218 692 285; x_wconf 86' lang='lat' dir='ltr'><strong>CAP.</strong></span> <span class='ocrx_word' id='word_1_4' title='bbox 715 208 852 284; x_wconf 81' lang='lat'><strong>88-92.</strong></span> <span class='ocrx_word' id='word_1_5' title='bbox 1030 218 1095 288; x_wconf 77' lang='lat'><strong>125</strong></span> 
     </span>
    </p>
   </div>
   <div class='ocr_carea' id='block_1_2' title="bbox 86 389 1182 1908">
    <p class='ocr_par' dir='ltr' id='par_1_2' title="bbox 86 389 1129 1331">
     <span class='ocr_line' id='line_1_2' title="bbox 129 389 1129 477; baseline 0.001 -20"><span class='ocrx_word' id='word_1_6' title='bbox 129 392 244 458; x_wconf 87' lang='lat' dir='ltr'><strong>dextro</strong></span> <span class='ocrx_word' id='word_1_7' title='bbox 265 393 301 458; x_wconf 92' lang='lat' dir='ltr'><strong>P.</strong></span> <span class='ocrx_word' id='word_1_8' title='bbox 326 390 457 473; x_wconf 78' lang='lat' dir='ltr'><strong>Sullam,</strong></span> <span class='ocrx_word' id='word_1_9' title='bbox 486 391 591 455; x_wconf 88' lang='lat' dir='ltr'><strong>media</strong></span> <span class='ocrx_word' id='word_1_10' title='bbox 620 391 688 456; x_wconf 89' lang='lat' dir='ltr'><strong>acie</strong></span> <span class='ocrx_word' id='word_1_11' title='bbox 719 389 777 455; x_wconf 87' lang='lat' dir='ltr'><strong>Cn.</strong></span> <span class='ocrx_word' id='word_1_12' title='bbox 803 390 979 456; x_wconf 89' lang='lat' dir='ltr'><strong>Domitium</strong></span> <span class='ocrx_word' id='word_1_13' title='bbox 999 413 1094 477; x_wconf 87' lang='lat' dir='ltr'><strong>prae·</strong></span> <span class='ocrx_word' id='word_1_14' title='bbox 1126 421 1129 438; x_wconf 89' lang='grc'><strong><em>·</em></strong></span> 
     </span>
     <span class='ocr_line' id='line_1_3' title="bbox 128 475 1092 564; baseline 0 -22"><span class='ocrx_word' id='word_1_15' title='bbox 128 485 290 564; x_wconf 90' lang='lat' dir='ltr'><strong>posuerat.</strong></span> <span class='ocrx_word' id='word_1_16' title='bbox 313 477 387 562; x_wconf 89' lang='lat' dir='ltr'><strong>Ipse</strong></span> <span class='ocrx_word' id='word_1_17' title='bbox 410 486 518 542; x_wconf 85' lang='lat' dir='ltr'><strong>contra</strong></span> <span class='ocrx_word' id='word_1_18' title='bbox 539 476 727 561; x_wconf 88' lang='lat' dir='ltr'><strong>Pompeium</strong></span> <span class='ocrx_word' id='word_1_19' title='bbox 749 477 897 541; x_wconf 78' lang='lat' dir='ltr'><strong>constitit</strong></span> <span class='ocrx_word' id='word_1_20' title='bbox 921 475 1022 542; x_wconf 89' lang='lat' dir='ltr'><strong>Simul</strong></span> <span class='ocrx_word' id='word_1_21' title='bbox 1042 476 1092 542; x_wconf 88' lang='lat' dir='ltr'><strong>his</strong></span> 
     </span>
     <span class='ocr_line' id='line_1_4' title="bbox 128 561 1092 646; baseline 0 -20"><span class='ocrx_word' id='word_1_22' title='bbox 128 562 226 628; x_wconf 90' lang='lat' dir='ltr'><strong>rebus</strong></span> <span class='ocrx_word' id='word_1_23' title='bbox 256 562 496 641; x_wconf 87' lang='lat' dir='ltr'><strong>animadversis,</strong></span> <span class='ocrx_word' id='word_1_24' title='bbox 530 583 609 646; x_wconf 90' lang='lat' dir='ltr'><strong>quas</strong></span> <span class='ocrx_word' id='word_1_25' title='bbox 642 561 939 645; x_wconf 87' lang='lat' dir='ltr'><strong>demonstravimus,</strong></span> <span class='ocrx_word' id='word_1_26' title='bbox 967 563 1092 645; x_wconf 88' lang='lat' dir='ltr'><strong>timens,</strong></span> 
     </span>
     <span class='ocr_line' id='line_1_5' title="bbox 128 646 1092 732; baseline 0.002 -22"><span class='ocrx_word' id='word_1_27' title='bbox 128 670 172 713; x_wconf 91' lang='lat' dir='ltr'><strong>ne</strong></span> <span class='ocrx_word' id='word_1_28' title='bbox 205 669 225 710; x_wconf 88' lang='lat' dir='ltr'><strong>a</strong></span> <span class='ocrx_word' id='word_1_29' title='bbox 251 646 450 712; x_wconf 89' lang='lat' dir='ltr'><strong>multitudine</strong></span> <span class='ocrx_word' id='word_1_30' title='bbox 480 648 620 732; x_wconf 87' lang='lat' dir='ltr'><strong>equitum</strong></span> <span class='ocrx_word' id='word_1_31' title='bbox 653 647 800 711; x_wconf 89' lang='lat' dir='ltr'><strong>dextrum</strong></span> <span class='ocrx_word' id='word_1_32' title='bbox 830 669 930 712; x_wconf 91' lang='lat' dir='ltr'><strong>cornu</strong></span> <span class='ocrx_word' id='word_1_33' title='bbox 959 651 1092 712; x_wconf 88' lang='lat' dir='ltr'><strong>circum·</strong></span> 
     </span>
     <span class='ocr_line' id='line_1_6' title="bbox 128 731 1092 818; baseline 0.001 -21"><span class='ocrx_word' id='word_1_34' title='bbox 128 733 303 814; x_wconf 81' lang='lat' dir='ltr'><strong>veniretur,</strong></span> <span class='ocrx_word' id='word_1_35' title='bbox 327 731 472 797; x_wconf 79' lang='lat' dir='ltr'><strong>celeriter</strong></span> <span class='ocrx_word' id='word_1_36' title='bbox 501 755 542 796; x_wconf 91' lang='lat' dir='ltr'><strong>ex</strong></span> <span class='ocrx_word' id='word_1_37' title='bbox 570 734 663 796; x_wconf 90' lang='lat' dir='ltr'><strong>tertia</strong></span> <span class='ocrx_word' id='word_1_38' title='bbox 684 734 752 796; x_wconf 90' lang='lat' dir='ltr'><strong>acie</strong></span> <span class='ocrx_word' id='word_1_39' title='bbox 782 732 923 818; x_wconf 83' lang='lat' dir='ltr'><strong>singulas</strong></span> <span class='ocrx_word' id='word_1_40' title='bbox 946 734 1092 798; x_wconf 85' lang='lat' dir='ltr'><strong>cohortes</strong></span> 
     </span>
     <span class='ocr_line' id='line_1_7' title="bbox 86 817 1093 919; baseline 0.005 -42"><span class='ocrx_word' id='word_1_41' title='bbox 86 872 89 877; x_wconf 91' lang='lat'><strong>.</strong></span> <span class='ocrx_word' id='word_1_42' title='bbox 131 818 270 882; x_wconf 80' lang='lat' dir='ltr'><strong>detraxit</strong></span> <span class='ocrx_word' id='word_1_43' title='bbox 291 827 386 903; x_wconf 88' lang='lat' dir='ltr'><strong>atque</strong></span> <span class='ocrx_word' id='word_1_44' title='bbox 408 840 448 882; x_wconf 88' lang='lat' dir='ltr'><strong>ex</strong></span> <span class='ocrx_word' id='word_1_45' title='bbox 470 817 520 882; x_wconf 92' lang='lat' dir='ltr'><strong>his</strong></span> <span class='ocrx_word' id='word_1_46' title='bbox 548 827 693 903; x_wconf 87' lang='lat' dir='ltr'><strong>quartam</strong></span> <span class='ocrx_word' id='word_1_47' title='bbox 719 820 854 882; x_wconf 85' lang='lat' dir='ltr'><strong>instituit</strong></span> <span class='ocrx_word' id='word_1_48' title='bbox 876 819 1093 919; x_wconf 87' lang='lat' dir='ltr'><strong>equitatuique</strong></span> 
     </span>
     <span class='ocr_line' id='line_1_8' title="bbox 131 902 1092 991; baseline 0.001 -23"><span class='ocrx_word' id='word_1_49' title='bbox 131 905 278 990; x_wconf 90' lang='lat' dir='ltr'><strong>opposuit</strong></span> <span class='ocrx_word' id='word_1_50' title='bbox 300 913 339 984; x_wconf 88' lang='lat' dir='ltr'><strong>et,</strong></span> <span class='ocrx_word' id='word_1_51' title='bbox 363 902 438 991; x_wconf 90' lang='lat' dir='ltr'><strong>quid</strong></span> <span class='ocrx_word' id='word_1_52' title='bbox 459 903 528 968; x_wconf 89' lang='lat' dir='ltr'><strong>fieri</strong></span> <span class='ocrx_word' id='word_1_53' title='bbox 549 902 659 984; x_wconf 89' lang='lat' dir='ltr'><strong>vclle&#39;t,</strong></span> <span class='ocrx_word' id='word_1_54' title='bbox 676 903 813 968; x_wconf 87' lang='lat' dir='ltr'><strong>ostendit</strong></span> <span class='ocrx_word' id='word_1_55' title='bbox 828 906 1009 990; x_wconf 87' lang='lat' dir='ltr'><strong>monuitque</strong></span> <span class='ocrx_word' id='word_1_56' title='bbox 1025 927 1092 970; x_wconf 82' lang='lat' dir='ltr'><strong>erus</strong></span> 
     </span>
     <span class='ocr_line' id='line_1_9' title="bbox 131 987 1092 1054; baseline 0 0"><span class='ocrx_word' id='word_1_57' title='bbox 131 989 196 1054; x_wconf 88' lang='lat' dir='ltr'><strong>diei</strong></span> <span class='ocrx_word' id='word_1_58' title='bbox 217 989 382 1054; x_wconf 85' lang='lat' dir='ltr'><strong>victoriam</strong></span> <span class='ocrx_word' id='word_1_59' title='bbox 403 990 437 1052; x_wconf 88' lang='lat' dir='ltr'><strong>in</strong></span> <span class='ocrx_word' id='word_1_60' title='bbox 466 1011 576 1054; x_wconf 85' lang='lat' dir='ltr'><strong>aarum</strong></span> <span class='ocrx_word' id='word_1_61' title='bbox 605 987 778 1054; x_wconf 82' lang='lat' dir='ltr'><strong>cohortium</strong></span> <span class='ocrx_word' id='word_1_62' title='bbox 799 989 915 1054; x_wconf 82' lang='lat' dir='ltr'><strong>virtute</strong></span> <span class='ocrx_word' id='word_1_63' title='bbox 937 999 1092 1054; x_wconf 80' lang='lat' dir='ltr'><strong>constare.</strong></span> 
     </span>
     <span class='ocr_line' id='line_1_10' title="bbox 131 1074 1093 1160; baseline 0 -20"><span class='ocrx_word' id='word_1_64' title='bbox 131 1074 234 1140; x_wconf 88' lang='lat' dir='ltr'><strong>Simul</strong></span> <span class='ocrx_word' id='word_1_65' title='bbox 262 1076 374 1140; x_wconf 84' lang='lat' dir='ltr'><strong>tertiae</strong></span> <span class='ocrx_word' id='word_1_66' title='bbox 403 1076 483 1140; x_wconf 86' lang='lat' dir='ltr'><strong>aciei</strong></span> <span class='ocrx_word' id='word_1_67' title='bbox 511 1075 630 1160; x_wconf 87' lang='lat' dir='ltr'><strong>totique</strong></span> <span class='ocrx_word' id='word_1_68' title='bbox 660 1075 814 1138; x_wconf 87' lang='lat' dir='ltr'><strong>exercitui</strong></span> <span class='ocrx_word' id='word_1_69' title='bbox 842 1075 1020 1160; x_wconf 84' lang='lat' dir='ltr'><strong>imperavit,</strong></span> <span class='ocrx_word' id='word_1_70' title='bbox 1051 1098 1093 1140; x_wconf 88' lang='lat' dir='ltr'><strong>ne</strong></span> 
     </span>
     <span class='ocr_line' id='line_1_11' title="bbox 129 1160 1104 1247; baseline 0.002 -23"><span class='ocrx_word' id='word_1_71' title='bbox 129 1162 254 1226; x_wconf 87' lang='lat' dir='ltr'><strong>iniussu</strong></span> <span class='ocrx_word' id='word_1_72' title='bbox 284 1183 340 1226; x_wconf 89' lang='lat' dir='ltr'><strong>suo</strong></span> <span class='ocrx_word' id='word_1_73' title='bbox 370 1169 588 1225; x_wconf 87' lang='lat' dir='ltr'><strong>concurreret:</strong></span> <span class='ocrx_word' id='word_1_74' title='bbox 617 1181 661 1244; x_wconf 90' lang='lat' dir='ltr'><strong>se,</strong></span> <span class='ocrx_word' id='word_1_75' title='bbox 696 1182 792 1247; x_wconf 90' lang='lat' dir='ltr'><strong>quum</strong></span> <span class='ocrx_word' id='word_1_76' title='bbox 818 1160 853 1225; x_wconf 91' lang='lat' dir='ltr'><strong>id</strong></span> <span class='ocrx_word' id='word_1_77' title='bbox 884 1161 954 1224; x_wconf 89' lang='lat' dir='ltr'><strong>fieri</strong></span> <span class='ocrx_word' id='word_1_78' title='bbox 985 1160 1104 1244; x_wconf 77' lang='lat' dir='ltr'><strong>vellet,</strong></span> 
     </span>
     <span class='ocr_line' id='line_1_12' title="bbox 130 1245 578 1331; baseline 0 -21"><span class='ocrx_word' id='word_1_79' title='bbox 130 1246 249 1312; x_wconf 86' lang='lat' dir='ltr'><strong>vexillo</strong></span> <span class='ocrx_word' id='word_1_80' title='bbox 272 1248 398 1331; x_wconf 83' lang='lat' dir='ltr'><strong>signum</strong></span> <span class='ocrx_word' id='word_1_81' title='bbox 421 1245 578 1310; x_wconf 88' lang='lat' dir='ltr'><strong>daturum.</strong></span> 
     </span>
    </p>

    <p class='ocr_par' dir='ltr' id='par_1_3' title="bbox 130 1330 1182 1674">
     <span class='ocr_line' id='line_1_13' title="bbox 195 1330 1182 1418; baseline 0.001 -21"><span class='ocrx_word' id='word_1_82' title='bbox 195 1332 246 1397; x_wconf 84' lang='lat'><strong>90.</strong></span> <span class='ocrx_word' id='word_1_83' title='bbox 269 1332 454 1396; x_wconf 83' lang='lat' dir='ltr'><strong>Exercitum</strong></span> <span class='ocrx_word' id='word_1_84' title='bbox 486 1354 581 1417; x_wconf 89' lang='lat' dir='ltr'><strong>quum</strong></span> <span class='ocrx_word' id='word_1_85' title='bbox 611 1330 740 1396; x_wconf 89' lang='lat' dir='ltr'><strong>militari</strong></span> <span class='ocrx_word' id='word_1_86' title='bbox 769 1354 855 1396; x_wconf 87' lang='lat' dir='ltr'><strong>more</strong></span> <span class='ocrx_word' id='word_1_87' title='bbox 885 1332 928 1396; x_wconf 91' lang='lat' dir='ltr'><strong>ad</strong></span> <span class='ocrx_word' id='word_1_88' title='bbox 953 1355 1094 1418; x_wconf 83' lang='lat' dir='ltr'><strong>pugnam</strong></span> <span class='ocrx_word' id='word_1_89' title='bbox 1179 1393 1182 1398; x_wconf 25' lang='lat'><strong>⁴</strong></span> 
     </span>
     <span class='ocr_line' id='line_1_14' title="bbox 131 1417 1157 1566; baseline 0 -84"><span class='ocrx_word' id='word_1_90' title='bbox 131 1417 350 1483; x_wconf 75' lang='lat' dir='ltr'><strong>cohortaretur</strong></span> <span class='ocrx_word' id='word_1_91' title='bbox 372 1440 492 1504; x_wconf 91' lang='lat' dir='ltr'><strong>suaque</strong></span> <span class='ocrx_word' id='word_1_92' title='bbox 507 1419 540 1480; x_wconf 89' lang='lat' dir='ltr'><strong>in</strong></span> <span class='ocrx_word' id='word_1_93' title='bbox 561 1439 633 1480; x_wconf 89' lang='lat' dir='ltr'><strong>eum</strong></span> <span class='ocrx_word' id='word_1_94' title='bbox 648 1418 793 1502; x_wconf 90' lang='lat' dir='ltr'><strong>perpetui</strong></span> <span class='ocrx_word' id='word_1_95' title='bbox 815 1419 965 1566; x_wconf 68' lang='lat' dir='ltr'><strong>temporis</strong></span> <span class='ocrx_word' id='word_1_96' title='bbox 989 1417 1093 1482; x_wconf 83' lang='lat' dir='ltr'><strong>officia</strong></span> <span class='ocrx_word' id='word_1_97' title='bbox 1147 1435 1157 1446; x_wconf 74' lang='grc'><strong>“</strong></span> 
     </span>
     <span class='ocr_line' id='line_1_15' title="bbox 130 1502 1093 1588; baseline 0.002 -22"><span class='ocrx_word' id='word_1_98' title='bbox 130 1503 336 1588; x_wconf 83' lang='lat' dir='ltr'><strong>praedicaret,</strong></span> <span class='ocrx_word' id='word_1_99' title='bbox 371 1504 525 1588; x_wconf 85' lang='lat' dir='ltr'><strong>imprimis</strong></span> <span class='ocrx_word' id='word_1_100' title='bbox 564 1503 837 1568; x_wconf 86' lang='lat' dir='ltr'><strong>commemoravit:</strong></span> <span class='ocrx_word' id='word_1_101' title='bbox 900 1502 1020 1568; x_wconf 88' lang='lat' dir='ltr'><strong>estibus</strong></span> <span class='ocrx_word' id='word_1_102' title='bbox 1058 1525 1093 1568; x_wconf 90' lang='lat' dir='ltr'><strong>se</strong></span> 
     </span>
     <span class='ocr_line' id='line_1_16' title="bbox 130 1587 1094 1674; baseline 0.001 -22"><span class='ocrx_word' id='word_1_103' title='bbox 130 1587 281 1653; x_wconf 86' lang='lat' dir='ltr'><strong>militibus</strong></span> <span class='ocrx_word' id='word_1_104' title='bbox 311 1589 357 1652; x_wconf 89' lang='lat' dir='ltr'><strong>uti</strong></span> <span class='ocrx_word' id='word_1_105' title='bbox 384 1611 487 1673; x_wconf 88' lang='lat' dir='ltr'><strong>posse,</strong></span> <span class='ocrx_word' id='word_1_106' title='bbox 520 1596 637 1674; x_wconf 88' lang='lat' dir='ltr'><strong>quanto</strong></span> <span class='ocrx_word' id='word_1_107' title='bbox 667 1587 769 1652; x_wconf 91' lang='lat' dir='ltr'><strong>studio</strong></span> <span class='ocrx_word' id='word_1_108' title='bbox 802 1609 915 1672; x_wconf 90' lang='lat' dir='ltr'><strong>pacem</strong></span> <span class='ocrx_word' id='word_1_109' title='bbox 943 1591 1094 1673; x_wconf 75' lang='lat' dir='ltr'><strong>petisset3</strong></span> 
     </span>
    </p>

    <p class='ocr_par' dir='ltr' id='par_1_4' title="bbox 132 1672 1094 1908">
     <span class='ocr_line' id='line_1_17' title="bbox 155 1672 1093 1763; baseline 0 -25"><span class='ocrx_word' id='word_1_110' title='bbox 155 1696 215 1738; x_wconf 90' lang='lat' dir='ltr'><strong>uae</strong></span> <span class='ocrx_word' id='word_1_111' title='bbox 244 1696 302 1763; x_wconf 91' lang='lat' dir='ltr'><strong>per</strong></span> <span class='ocrx_word' id='word_1_112' title='bbox 323 1673 484 1738; x_wconf 81' lang='lat' dir='ltr'><strong>Vatinium</strong></span> <span class='ocrx_word' id='word_1_113' title='bbox 513 1675 547 1737; x_wconf 91' lang='lat' dir='ltr'><strong>in</strong></span> <span class='ocrx_word' id='word_1_114' title='bbox 577 1672 752 1761; x_wconf 87' lang='lat' dir='ltr'><strong>colloquiis,</strong></span> <span class='ocrx_word' id='word_1_115' title='bbox 783 1695 864 1759; x_wconf 90' lang='lat' dir='ltr'><strong>quae</strong></span> <span class='ocrx_word' id='word_1_116' title='bbox 892 1695 950 1759; x_wconf 92' lang='lat' dir='ltr'><strong>per</strong></span> <span class='ocrx_word' id='word_1_117' title='bbox 971 1672 1093 1738; x_wconf 89' lang='lat' dir='ltr'><strong>Aulum</strong></span> 
     </span>
     <span class='ocr_line' id='line_1_18' title="bbox 132 1697 1094 1908; baseline 0 -85"><span class='ocrx_word' id='word_1_118' title='bbox 132 1697 278 1823; x_wconf 75' lang='lat' dir='ltr'><strong>Clodium</strong></span> <span class='ocrx_word' id='word_1_119' title='bbox 300 1781 371 1823; x_wconf 93' lang='lat' dir='ltr'><strong>cum</strong></span> <span class='ocrx_word' id='word_1_120' title='bbox 394 1759 542 1845; x_wconf 88' lang='lat' dir='ltr'><strong>Scipione</strong></span> <span class='ocrx_word' id='word_1_121' title='bbox 564 1760 689 1845; x_wconf 81' lang='lat' dir='ltr'><strong>egisset,</strong></span> <span class='ocrx_word' id='word_1_122' title='bbox 713 1758 827 1908; x_wconf 84' lang='lat' dir='ltr'><strong>quibus</strong></span> <span class='ocrx_word' id='word_1_123' title='bbox 841 1759 943 1836; x_wconf 87' lang='lat' dir='ltr'><strong>modis</strong></span> <span class='ocrx_word' id='word_1_124' title='bbox 957 1759 1007 1823; x_wconf 86' lang='lat' dir='ltr'><strong>&#39;ad</strong></span> <span class='ocrx_word' id='word_1_125' title='bbox 1022 1757 1094 1823; x_wconf 93' lang='lat' dir='ltr'><strong>Ori-</strong></span> 
     </span>
    </p>
   </div>
   <div class='ocr_carea' id='block_1_3' title="bbox 132 1844 1093 1930">
    <p class='ocr_par' dir='ltr' id='par_1_5' title="bbox 132 1844 1093 1930">
     <span class='ocr_line' id='line_1_19' title="bbox 132 1844 1093 1930; baseline -0.001 -22"><span class='ocrx_word' id='word_1_126' title='bbox 132 1865 204 1908; x_wconf 88' lang='lat' dir='ltr'><strong>cum</strong></span> <span class='ocrx_word' id='word_1_127' title='bbox 226 1866 298 1908; x_wconf 92' lang='lat' dir='ltr'><strong>cum</strong></span> <span class='ocrx_word' id='word_1_128' title='bbox 318 1844 441 1910; x_wconf 90' lang='lat' dir='ltr'><strong>Libone</strong></span> <span class='ocrx_word' id='word_1_129' title='bbox 470 1844 510 1908; x_wconf 91' lang='lat' dir='ltr'><strong>de</strong></span> <span class='ocrx_word' id='word_1_130' title='bbox 539 1844 699 1909; x_wconf 90' lang='lat' dir='ltr'><strong>mittendis</strong></span> <span class='ocrx_word' id='word_1_131' title='bbox 741 1845 840 1930; x_wconf 82' lang='lat' dir='ltr'><strong>agatis</strong></span> <span class='ocrx_word' id='word_1_132' title='bbox 868 1844 1093 1910; x_wconf 86' lang='lat' dir='ltr'><strong>contendisset.</strong></span> 
     </span>
    </p>
   </div>
   <div class='ocr_carea' id='block_1_4' title="bbox 130 1929 1094 2080">
    <p class='ocr_par' dir='ltr' id='par_1_6' title="bbox 130 1929 1094 2080">
     <span class='ocr_line' id='line_1_20' title="bbox 130 1929 1094 2080; baseline 0.001 -87"><span class='ocrx_word' id='word_1_133' title='bbox 130 1929 242 2016; x_wconf 86' lang='lat' dir='ltr'><strong>Neque</strong></span> <span class='ocrx_word' id='word_1_134' title='bbox 272 1952 305 1994; x_wconf 90' lang='lat' dir='ltr'><strong>se</strong></span> <span class='ocrx_word' id='word_1_135' title='bbox 334 1953 484 2080; x_wconf 53' lang='lat' dir='ltr'><strong>umoquam</strong></span> <span class='ocrx_word' id='word_1_136' title='bbox 516 1930 603 1995; x_wconf 88' lang='lat' dir='ltr'><strong>abuti</strong></span> <span class='ocrx_word' id='word_1_137' title='bbox 636 1929 770 1994; x_wconf 90' lang='lat' dir='ltr'><strong>militum</strong></span> <span class='ocrx_word' id='word_1_138' title='bbox 804 1931 958 2016; x_wconf 83' lang='lat' dir='ltr'><strong>sanguine</strong></span> <span class='ocrx_word' id='word_1_139' title='bbox 990 1951 1094 2078; x_wconf 68' lang='lat' dir='ltr'><strong>nqque</strong></span> 
     </span>
    </p>
   </div>
   <div class='ocr_carea' id='block_1_5' title="bbox 131 2014 1098 2444">
    <p class='ocr_par' dir='ltr' id='par_1_7' title="bbox 131 2014 1098 2272">
     <span class='ocr_line' id='line_1_21' title="bbox 131 2014 1098 2102; baseline 0.001 -24"><span class='ocrx_word' id='word_1_140' title='bbox 131 2014 361 2100; x_wconf 83' lang='lat' dir='ltr'><strong>rempublicam</strong></span> <span class='ocrx_word' id='word_1_141' title='bbox 416 2025 534 2080; x_wconf 87' lang='lat' dir='ltr'><strong>terutro</strong></span> <span class='ocrx_word' id='word_1_142' title='bbox 551 2017 695 2080; x_wconf 88' lang='lat' dir='ltr'><strong>exercitu</strong></span> <span class='ocrx_word' id='word_1_143' title='bbox 709 2017 836 2102; x_wconf 84' lang='lat' dir='ltr'><strong>privare</strong></span> <span class='ocrx_word' id='word_1_144' title='bbox 850 2014 999 2080; x_wconf 85' lang='lat' dir='ltr'><strong>voluisse.</strong></span> <span class='ocrx_word' id='word_1_145' title='bbox 1055 2037 1098 2079; x_wconf 90' lang='lat' dir='ltr'><strong>ac</strong></span> 
     </span>
     <span class='ocr_line' id='line_1_22' title="bbox 132 2098 1096 2187; baseline 0.001 -24"><span class='ocrx_word' id='word_1_146' title='bbox 132 2098 241 2164; x_wconf 87' lang='lat' dir='ltr'><strong>habita</strong></span> <span class='ocrx_word' id='word_1_147' title='bbox 256 2103 399 2167; x_wconf 90' lang='lat' dir='ltr'><strong>oratione</strong></span> <span class='ocrx_word' id='word_1_148' title='bbox 414 2103 658 2187; x_wconf 87' lang='lat' dir='ltr'><strong>exposcentibus</strong></span> <span class='ocrx_word' id='word_1_149' title='bbox 682 2101 834 2166; x_wconf 90' lang='lat' dir='ltr'><strong>militibus</strong></span> <span class='ocrx_word' id='word_1_150' title='bbox 860 2109 891 2166; x_wconf 90' lang='lat' dir='ltr'><strong>et</strong></span> <span class='ocrx_word' id='word_1_151' title='bbox 914 2100 1015 2165; x_wconf 89' lang='lat' dir='ltr'><strong>studio</strong></span> <span class='ocrx_word' id='word_1_152' title='bbox 1035 2123 1096 2186; x_wconf 88' lang='lat' dir='ltr'><strong>pu·</strong></span> 
     </span>
     <span class='ocr_line' id='line_1_23' title="bbox 132 2186 1073 2272; baseline 0.002 -23"><span class='ocrx_word' id='word_1_153' title='bbox 132 2208 215 2272; x_wconf 84' lang='lat' dir='ltr'><strong>gnae</strong></span> <span class='ocrx_word' id='word_1_154' title='bbox 236 2186 422 2251; x_wconf 82' lang='lat' dir='ltr'><strong>ardentibus</strong></span> <span class='ocrx_word' id='word_1_155' title='bbox 444 2187 521 2252; x_wconf 87' lang='lat' dir='ltr'><strong>tuba</strong></span> <span class='ocrx_word' id='word_1_156' title='bbox 543 2189 669 2272; x_wconf 87' lang='lat' dir='ltr'><strong>signum</strong></span> <span class='ocrx_word' id='word_1_157' title='bbox 691 2186 787 2251; x_wconf 89' lang='lat' dir='ltr'><strong>dedit.</strong></span> <span class='ocrx_word' id='word_1_158' title='bbox 1069 2243 1073 2251; x_wconf 91' lang='lat'><strong>.</strong></span> 
     </span>
    </p>

    <p class='ocr_par' dir='ltr' id='par_1_8' title="bbox 133 2270 1098 2444">
     <span class='ocr_line' id='line_1_24' title="bbox 196 2270 1093 2352; baseline -0.001 -17"><span class='ocrx_word' id='word_1_159' title='bbox 196 2271 246 2336; x_wconf 88' lang='grc'><strong>91.</strong></span> <span class='ocrx_word' id='word_1_160' title='bbox 268 2273 347 2337; x_wconf 85' lang='lat' dir='ltr'><strong>Erat</strong></span> <span class='ocrx_word' id='word_1_161' title='bbox 369 2272 534 2337; x_wconf 82' lang='lat' dir='ltr'><strong>Crastinus</strong></span> <span class='ocrx_word' id='word_1_162' title='bbox 556 2283 705 2337; x_wconf 87' lang='lat' dir='ltr'><strong>evocatus</strong></span> <span class='ocrx_word' id='word_1_163' title='bbox 719 2273 753 2336; x_wconf 92' lang='lat' dir='ltr'><strong>in</strong></span> <span class='ocrx_word' id='word_1_164' title='bbox 768 2273 912 2338; x_wconf 88' lang='lat' dir='ltr'><strong>exercitu</strong></span> <span class='ocrx_word' id='word_1_165' title='bbox 935 2270 1093 2352; x_wconf 83' lang='lat' dir='ltr'><strong>Caesaris,</strong></span> 
     </span>
     <span class='ocr_line' id='line_1_25' title="bbox 133 2357 1098 2444; baseline 0.002 -24"><span class='ocrx_word' id='word_1_166' title='bbox 133 2359 188 2443; x_wconf 89' lang='lat' dir='ltr'><strong>qui</strong></span> <span class='ocrx_word' id='word_1_167' title='bbox 208 2360 370 2443; x_wconf 90' lang='lat' dir='ltr'><strong>superiore</strong></span> <span class='ocrx_word' id='word_1_168' title='bbox 386 2381 469 2422; x_wconf 92' lang='lat' dir='ltr'><strong>anno</strong></span> <span class='ocrx_word' id='word_1_169' title='bbox 491 2359 576 2444; x_wconf 86' lang='lat' dir='ltr'><strong>apud</strong></span> <span class='ocrx_word' id='word_1_170' title='bbox 597 2380 668 2424; x_wconf 90' lang='lat' dir='ltr'><strong>eum</strong></span> <span class='ocrx_word' id='word_1_171' title='bbox 691 2359 826 2444; x_wconf 90' lang='lat' dir='ltr'><strong>primum</strong></span> <span class='ocrx_word' id='word_1_172' title='bbox 848 2357 946 2442; x_wconf 90' lang='lat' dir='ltr'><strong>pilum</strong></span> <span class='ocrx_word' id='word_1_173' title='bbox 968 2359 1001 2421; x_wconf 89' lang='lat' dir='ltr'><strong>in</strong></span> <span class='ocrx_word' id='word_1_174' title='bbox 1016 2357 1098 2442; x_wconf 74' lang='lat' dir='ltr'><strong>legi·</strong></span> 
     </span>
    </p>
   </div>
   <div class='ocr_carea' id='block_1_6' title="bbox 132 2442 1218 2545">
    <p class='ocr_par' dir='ltr' id='par_1_9' title="bbox 132 2442 1218 2545">
     <span class='ocr_line' id='line_1_26' title="bbox 132 2442 1218 2545; baseline 0.003 -37"><span class='ocrx_word' id='word_1_175' title='bbox 132 2465 191 2508; x_wconf 90' lang='lat' dir='ltr'><strong>one</strong></span> <span class='ocrx_word' id='word_1_176' title='bbox 213 2450 239 2505; x_wconf 77' lang='grc' dir='ltr'>Χ</span> <span class='ocrx_word' id='word_1_177' title='bbox 262 2443 405 2528; x_wconf 88' lang='lat' dir='ltr'><strong>duxerat,</strong></span> <span class='ocrx_word' id='word_1_178' title='bbox 426 2444 478 2545; x_wconf 71' lang='lat' dir='ltr'><strong>yir</strong></span> <span class='ocrx_word' id='word_1_179' title='bbox 501 2443 654 2530; x_wconf 85' lang='lat' dir='ltr'><strong>singulari</strong></span> <span class='ocrx_word' id='word_1_180' title='bbox 667 2445 792 2509; x_wconf 85' lang='lat' dir='ltr'><strong>virtute.</strong></span> <span class='ocrx_word' id='word_1_181' title='bbox 812 2443 876 2512; x_wconf 88' lang='lat' dir='ltr'><strong>Hie</strong></span> <span class='ocrx_word' id='word_1_182' title='bbox 900 2445 985 2523; x_wconf 83' lang='lat' dir='ltr'><strong>signo</strong></span> <span class='ocrx_word' id='word_1_183' title='bbox 1009 2442 1098 2524; x_wconf 82' lang='lat' dir='ltr'><strong>dato,</strong></span> <span class='ocrx_word' id='word_1_184' title='bbox 1216 2487 1218 2491; x_wconf 93' lang='lat'><em>-</em></span> 
     </span>
    </p>
   </div>
   <div class='ocr_carea' id='block_1_7' title="bbox 130 2527 1098 3557">
    <p class='ocr_par' dir='ltr' id='par_1_10' title="bbox 130 2527 1098 3557">
     <span class='ocr_line' id='line_1_27' title="bbox 132 2527 1098 2616; baseline 0 -24"><span class='ocrx_word' id='word_1_185' title='bbox 132 2527 305 2615; x_wconf 83' lang='lat' dir='ltr'><strong>Sequimini</strong></span> <span class='ocrx_word' id='word_1_186' title='bbox 333 2553 394 2612; x_wconf 92' lang='lat' dir='ltr'><strong>me,</strong></span> <span class='ocrx_word' id='word_1_187' title='bbox 424 2531 534 2615; x_wconf 76' lang='lat' dir='ltr'><strong>inquit,</strong></span> <span class='ocrx_word' id='word_1_188' title='bbox 565 2529 778 2615; x_wconf 87' lang='lat' dir='ltr'><strong>manipulares</strong></span> <span class='ocrx_word' id='word_1_189' title='bbox 801 2530 864 2592; x_wconf 89' lang='lat' dir='ltr'><strong>mei</strong></span> <span class='ocrx_word' id='word_1_190' title='bbox 893 2531 947 2616; x_wconf 92' lang='lat' dir='ltr'><strong>qui</strong></span> <span class='ocrx_word' id='word_1_191' title='bbox 979 2528 1098 2611; x_wconf 88' lang='lat' dir='ltr'><strong>fuistis,</strong></span> 
     </span>
     <span class='ocr_line' id='line_1_28' title="bbox 132 2613 1093 2702; baseline 0.001 -25"><span class='ocrx_word' id='word_1_192' title='bbox 132 2624 163 2678; x_wconf 90' lang='lat' dir='ltr'><strong>et</strong></span> <span class='ocrx_word' id='word_1_193' title='bbox 182 2624 290 2679; x_wconf 79' lang='lat' dir='ltr'><strong>vestro</strong></span> <span class='ocrx_word' id='word_1_194' title='bbox 311 2616 496 2702; x_wconf 87' lang='lat' dir='ltr'><strong>imperatori</strong></span> <span class='ocrx_word' id='word_1_195' title='bbox 518 2637 613 2702; x_wconf 88' lang='lat' dir='ltr'><strong>quam</strong></span> <span class='ocrx_word' id='word_1_196' title='bbox 634 2615 840 2679; x_wconf 87' lang='lat' dir='ltr'><strong>constituistis</strong></span> <span class='ocrx_word' id='word_1_197' title='bbox 863 2637 881 2678; x_wconf 90' lang='grc' dir='ltr'>ο</span> <span class='ocrx_word' id='word_1_198' title='bbox 906 2637 993 2680; x_wconf 89' lang='lat' dir='ltr'><strong>eram</strong></span> <span class='ocrx_word' id='word_1_199' title='bbox 1009 2613 1093 2678; x_wconf 87' lang='lat' dir='ltr'><strong>date.</strong></span> 
     </span>
     <span class='ocr_line' id='line_1_29' title="bbox 130 2638 1094 2786; baseline 0.002 -24"><span class='ocrx_word' id='word_1_200' title='bbox 130 2697 236 2764; x_wconf 89' lang='lat' dir='ltr'><strong>Unum</strong></span> <span class='ocrx_word' id='word_1_201' title='bbox 265 2699 326 2766; x_wconf 91' lang='lat' dir='ltr'><strong>hoc</strong></span> <span class='ocrx_word' id='word_1_202' title='bbox 355 2701 509 2786; x_wconf 87' lang='lat' dir='ltr'><strong>proelium</strong></span> <span class='ocrx_word' id='word_1_203' title='bbox 539 2711 699 2786; x_wconf 88' lang='lat' dir='ltr'><strong>superest;</strong></span> <span class='ocrx_word' id='word_1_204' title='bbox 730 2723 791 2786; x_wconf 92' lang='lat' dir='ltr'><strong>quo</strong></span> <span class='ocrx_word' id='word_1_205' title='bbox 819 2638 961 2766; x_wconf 66' lang='lat' dir='ltr'><strong>conlecto</strong></span> <span class='ocrx_word' id='word_1_206' title='bbox 984 2709 1016 2763; x_wconf 90' lang='lat' dir='ltr'><strong>et</strong></span> <span class='ocrx_word' id='word_1_207' title='bbox 1036 2698 1094 2764; x_wconf 90' lang='lat' dir='ltr'><strong>ille</strong></span> 
     </span>
     <span class='ocr_line' id='line_1_30' title="bbox 133 2785 1093 2873; baseline 0 -25"><span class='ocrx_word' id='word_1_208' title='bbox 133 2807 221 2848; x_wconf 89' lang='lat' dir='ltr'><strong>suam</strong></span> <span class='ocrx_word' id='word_1_209' title='bbox 243 2785 429 2873; x_wconf 82' lang='lat' dir='ltr'><strong>dignitatem</strong></span> <span class='ocrx_word' id='word_1_210' title='bbox 451 2796 483 2852; x_wconf 87' lang='lat' dir='ltr'><strong>et</strong></span> <span class='ocrx_word' id='word_1_211' title='bbox 503 2809 562 2851; x_wconf 91' lang='lat' dir='ltr'><strong>nos</strong></span> <span class='ocrx_word' id='word_1_212' title='bbox 591 2797 732 2851; x_wconf 87' lang='lat' dir='ltr'><strong>nostram</strong></span> <span class='ocrx_word' id='word_1_213' title='bbox 758 2785 937 2850; x_wconf 87' lang='lat' dir='ltr'><strong>libertatem</strong></span> <span class='ocrx_word' id='word_1_214' title='bbox 958 2806 1093 2870; x_wconf 87' lang='lat' dir='ltr'><strong>recupe-</strong></span> 
     </span>
     <span class='ocr_line' id='line_1_31' title="bbox 131 2870 1089 2958; baseline 0.001 -25"><span class='ocrx_word' id='word_1_215' title='bbox 131 2870 280 2935; x_wconf 90' lang='lat' dir='ltr'><strong>rabimus.</strong></span> <span class='ocrx_word' id='word_1_216' title='bbox 304 2870 406 2936; x_wconf 91' lang='lat' dir='ltr'><strong>Simul</strong></span> <span class='ocrx_word' id='word_1_217' title='bbox 427 2873 600 2958; x_wconf 88' lang='lat' dir='ltr'><strong>respiciens</strong></span> <span class='ocrx_word' id='word_1_218' title='bbox 617 2871 799 2954; x_wconf 87' lang='lat' dir='ltr'><strong>Caesarem,</strong></span> <span class='ocrx_word' id='word_1_219' title='bbox 815 2871 955 2953; x_wconf 81' lang='lat' dir='ltr'><strong>Faciam,</strong></span> <span class='ocrx_word' id='word_1_220' title='bbox 978 2870 1089 2957; x_wconf 85' lang='lat' dir='ltr'><strong>inquit,</strong></span> 
     </span>
     <span class='ocr_line' id='line_1_32' title="bbox 130 2954 1092 3045; baseline -0.001 -25"><span class='ocrx_word' id='word_1_221' title='bbox 130 2954 233 3040; x_wconf 87' lang='lat' dir='ltr'><strong>hodie,</strong></span> <span class='ocrx_word' id='word_1_222' title='bbox 256 2957 437 3045; x_wconf 88' lang='lat' dir='ltr'><strong>imperator,</strong></span> <span class='ocrx_word' id='word_1_223' title='bbox 465 2966 500 3022; x_wconf 90' lang='lat' dir='ltr'><strong>ut</strong></span> <span class='ocrx_word' id='word_1_224' title='bbox 521 2965 576 3022; x_wconf 89' lang='lat' dir='ltr'><strong>aut</strong></span> <span class='ocrx_word' id='word_1_225' title='bbox 604 2959 678 3022; x_wconf 84' lang='lat' dir='ltr'><strong>vivo</strong></span> <span class='ocrx_word' id='word_1_226' title='bbox 701 2957 777 3021; x_wconf 92' lang='lat' dir='ltr'><strong>mihi</strong></span> <span class='ocrx_word' id='word_1_227' title='bbox 801 2966 855 3022; x_wconf 87' lang='lat' dir='ltr'><strong>aut</strong></span> <span class='ocrx_word' id='word_1_228' title='bbox 875 2967 998 3022; x_wconf 85' lang='lat' dir='ltr'><strong>mortuo</strong></span> <span class='ocrx_word' id='word_1_229' title='bbox 1021 2977 1092 3040; x_wconf 83' lang='lat' dir='ltr'><strong>gra·</strong></span> 
     </span>
     <span class='ocr_line' id='line_1_33' title="bbox 131 3041 1094 3130; baseline 0 -24"><span class='ocrx_word' id='word_1_230' title='bbox 131 3041 190 3106; x_wconf 87' lang='lat' dir='ltr'><strong>tias</strong></span> <span class='ocrx_word' id='word_1_231' title='bbox 218 3064 304 3128; x_wconf 85' lang='lat' dir='ltr'><strong>agas.</strong></span> <span class='ocrx_word' id='word_1_232' title='bbox 341 3043 432 3110; x_wconf 87' lang='lat' dir='ltr'><strong>Haec</strong></span> <span class='ocrx_word' id='word_1_233' title='bbox 461 3065 558 3130; x_wconf 89' lang='lat' dir='ltr'><strong>quum</strong></span> <span class='ocrx_word' id='word_1_234' title='bbox 584 3042 727 3126; x_wconf 85' lang='lat' dir='ltr'><strong>dixisset,</strong></span> <span class='ocrx_word' id='word_1_235' title='bbox 757 3045 878 3129; x_wconf 87' lang='lat' dir='ltr'><strong>primus</strong></span> <span class='ocrx_word' id='word_1_236' title='bbox 908 3065 950 3106; x_wconf 91' lang='lat' dir='ltr'><strong>ex</strong></span> <span class='ocrx_word' id='word_1_237' title='bbox 980 3041 1094 3106; x_wconf 86' lang='lat' dir='ltr'><strong>dextro</strong></span> 
     </span>
     <span class='ocr_line' id='line_1_34' title="bbox 132 3127 1094 3214; baseline 0.001 -23"><span class='ocrx_word' id='word_1_238' title='bbox 132 3148 231 3192; x_wconf 90' lang='lat' dir='ltr'><strong>cornu</strong></span> <span class='ocrx_word' id='word_1_239' title='bbox 255 3130 462 3213; x_wconf 88' lang='lat' dir='ltr'><strong>procucurrit,</strong></span> <span class='ocrx_word' id='word_1_240' title='bbox 493 3137 588 3214; x_wconf 88' lang='lat' dir='ltr'><strong>atque</strong></span> <span class='ocrx_word' id='word_1_241' title='bbox 610 3150 683 3194; x_wconf 88' lang='lat' dir='ltr'><strong>eum</strong></span> <span class='ocrx_word' id='word_1_242' title='bbox 712 3128 806 3193; x_wconf 87' lang='lat' dir='ltr'><strong>electi</strong></span> <span class='ocrx_word' id='word_1_243' title='bbox 826 3127 942 3192; x_wconf 89' lang='lat' dir='ltr'><strong>milites</strong></span> <span class='ocrx_word' id='word_1_244' title='bbox 965 3127 1094 3192; x_wconf 65' lang='lat' dir='ltr'><strong>eucher</strong></span> 
     </span>
     <span class='ocr_line' id='line_1_35' title="bbox 132 3213 1029 3279; baseline 0.002 -5"><span class='ocrx_word' id='word_1_245' title='bbox 132 3217 202 3275; x_wconf 84' lang='lat' dir='ltr'><strong>CXX</strong></span> <span class='ocrx_word' id='word_1_246' title='bbox 223 3213 394 3279; x_wconf 86' lang='lat' dir='ltr'><strong>voluntarii</strong></span> <span class='ocrx_word' id='word_1_247' title='bbox 417 3214 559 3279; x_wconf 88' lang='lat' dir='ltr'><strong>eiusdem</strong></span> <span class='ocrx_word' id='word_1_248' title='bbox 581 3215 743 3279; x_wconf 86' lang='lat' dir='ltr'><strong>centuriae</strong></span> <span class='ocrx_word' id='word_1_249' title='bbox 764 3224 838 3279; x_wconf 87' lang='lat' dir='ltr'><strong>sunt</strong></span> <span class='ocrx_word' id='word_1_250' title='bbox 880 3213 1029 3278; x_wconf 85' lang='lat' dir='ltr'><strong>resecuti.</strong></span> 
     </span>
     <span class='ocr_line' id='line_1_36' title="bbox 192 3237 1090 3384; baseline 0 -22"><span class='ocrx_word' id='word_1_251' title='bbox 192 3298 243 3364; x_wconf 79' lang='lat'><strong>92.</strong></span> <span class='ocrx_word' id='word_1_252' title='bbox 265 3298 353 3364; x_wconf 88' lang='lat' dir='ltr'><strong>Inter</strong></span> <span class='ocrx_word' id='word_1_253' title='bbox 375 3299 453 3364; x_wconf 88' lang='lat' dir='ltr'><strong>duas</strong></span> <span class='ocrx_word' id='word_1_254' title='bbox 475 3301 560 3364; x_wconf 90' lang='lat' dir='ltr'><strong>acies</strong></span> <span class='ocrx_word' id='word_1_255' title='bbox 582 3308 703 3364; x_wconf 88' lang='lat' dir='ltr'><strong>tantum</strong></span> <span class='ocrx_word' id='word_1_256' title='bbox 726 3309 796 3364; x_wconf 88' lang='lat' dir='ltr'><strong>erat</strong></span> <span class='ocrx_word' id='word_1_257' title='bbox 815 3237 963 3364; x_wconf 77' lang='lat' dir='ltr'><strong>relictum</strong></span> <span class='ocrx_word' id='word_1_258' title='bbox 984 3299 1090 3384; x_wconf 89' lang='lat' dir='ltr'><strong>spatii,</strong></span> 
     </span>
     <span class='ocr_line' id='line_1_37' title="bbox 130 3383 1092 3471; baseline 0.001 -24"><span class='ocrx_word' id='word_1_259' title='bbox 130 3392 164 3447; x_wconf 88' lang='lat' dir='ltr'><strong>ut</strong></span> <span class='ocrx_word' id='word_1_260' title='bbox 186 3386 260 3450; x_wconf 89' lang='lat' dir='ltr'><strong>satis</strong></span> <span class='ocrx_word' id='word_1_261' title='bbox 285 3395 369 3450; x_wconf 87' lang='lat' dir='ltr'><strong>esset</strong></span> <span class='ocrx_word' id='word_1_262' title='bbox 391 3385 432 3450; x_wconf 86' lang='lat' dir='ltr'><strong>ad</strong></span> <span class='ocrx_word' id='word_1_263' title='bbox 454 3407 641 3451; x_wconf 88' lang='lat' dir='ltr'><strong>concursum</strong></span> <span class='ocrx_word' id='word_1_264' title='bbox 656 3388 819 3471; x_wconf 78' lang='lat' dir='ltr'><strong>utriusque</strong></span> <span class='ocrx_word' id='word_1_265' title='bbox 835 3385 1000 3450; x_wconf 85' lang='lat' dir='ltr'><strong>exercitus.</strong></span> <span class='ocrx_word' id='word_1_266' title='bbox 1025 3383 1092 3449; x_wconf 89' lang='lat' dir='ltr'><strong>Sed</strong></span> 
     </span>
     <span class='ocr_line' id='line_1_38' title="bbox 130 3468 1094 3557; baseline -0.001 -23"><span class='ocrx_word' id='word_1_267' title='bbox 130 3468 296 3556; x_wconf 86' lang='lat' dir='ltr'><strong>Pompeius</strong></span> <span class='ocrx_word' id='word_1_268' title='bbox 320 3473 385 3538; x_wconf 89' lang='lat' dir='ltr'><strong>suis</strong></span> <span class='ocrx_word' id='word_1_269' title='bbox 407 3471 623 3557; x_wconf 84' lang='lat' dir='ltr'><strong>praedixerat,</strong></span> <span class='ocrx_word' id='word_1_270' title='bbox 643 3481 678 3538; x_wconf 90' lang='lat' dir='ltr'><strong>ut</strong></span> <span class='ocrx_word' id='word_1_271' title='bbox 693 3469 839 3536; x_wconf 78' lang='lat' dir='ltr'><strong>Caesaris</strong></span> <span class='ocrx_word' id='word_1_272' title='bbox 860 3470 1013 3554; x_wconf 87' lang='lat' dir='ltr'><strong>impetum</strong></span> <span class='ocrx_word' id='word_1_273' title='bbox 1037 3491 1094 3534; x_wconf 87' lang='lat' dir='ltr'><strong>ex·</strong></span> 
     </span>
    </p>
   </div>
   <div class='ocr_carea' id='block_1_8' title="bbox 0 0 1276 3978">
    <p class='ocr_par' dir='ltr' id='par_1_11' title="bbox 0 0 1276 3978">
     <span class='ocr_line' id='line_1_39' title="bbox 0 0 1276 3978; baseline 0 0"><span class='ocrx_word' id='word_1_274' title='bbox 0 0 1276 3978; x_wconf 95' lang='lat' dir='ltr'><strong> </strong></span> 
     </span>
    </p>
   </div>
  </div>
 </body>
</html>
