2562 3970
198 199 241 290 aa
484 203 545 266 nn
567 203 709 270 cunno
733 204 867 270 crvnr

197 369 268 456 lyas
291 371 469 436 attribuerit
490 374 719 460 vectigaliaque
738 375 873 440 auxerit.
896 374 1003 455 Quare
1023 373 1151 460 paribus

198 477 306 520 eorum
323 459 483 522 beneficiis
497 481 606 544 parem
622 482 656 523 se
672 481 795 546 quoque
809 460 1002 526 voluntatem
1013 459 1152 524 tribuere
1196 459 1200 476 ¹

198 541 314 606 debere
337 552 368 608 ct
388 551 535 608 recubum
557 567 666 609 eorum
688 555 796 610 contra
817 545 949 612 alterum
971 546 1080 610 iuvare
1100 553 1154 608 aut

197 627 276 691 urbe
298 637 352 691 aut
372 629 514 714 portibus
540 631 694 715 recipere.

262 713 312 776 36.
335 713 426 777 Haec
441 711 516 778 dum
530 717 612 780 inter
624 739 679 782 eos
690 725 834 801 agrmtur,
846 715 1004 780 Domitius
1018 713 1152 778 navibus
1241 752 1245 758 ·

198 797 370 862 Massiliam
391 801 538 885 pervenit
559 811 653 887 atque
675 801 715 866 ab
742 802 780 864 iis
803 811 949 886 receptus
971 799 1043 866 urbi
1064 821 1153 884 prae·

129 933 132 948 ,
197 882 317 948 ficitur:
351 906 472 948 summa
508 886 537 950 ei
572 885 650 952 belli
685 886 924 952 administrandi
952 885 1150 970 permittitur.

197 967 275 1032 Eius
296 969 427 1054 imperio
450 969 584 1034 classem
606 993 730 1057 quoquo
750 993 861 1036 versus
884 971 1057 1052 dimittunt,
1080 991 1152 1034 one·

197 1055 299 1117 rarias
328 1075 436 1136 naves,
470 1077 547 1140 quas
584 1056 700 1142 ubique
736 1067 875 1141 possunt,
912 1053 1153 1141 deprehendunt

197 1147 291 1224 atque
313 1140 347 1202 in
368 1149 492 1225 portum
506 1141 674 1221 deducunt,
693 1163 804 1227 parurn
827 1139 924 1206 clavis
947 1149 1002 1205 aut
1022 1140 1153 1204 materia

197 1232 292 1308 atque
319 1227 520 1289 armamentis
546 1228 707 1292 instructis
741 1226 782 1290 ad
813 1225 873 1290 reli
896 1248 953 1290 uas
986 1223 1151 1290 armandas

191 1309 446 1396 reficiendasque
468 1321 613 1376 utuntur:
643 1312 790 1390 frumenti
813 1249 897 1397 quod
917 1313 1152 1380 inventumest

195 1395 230 1458 in
241 1395 401 1479 publicum
417 1397 595 1478 conferrmt3
606 1396 746 1482 reliquas
761 1417 882 1461 merces
895 1405 1151 1478 commeatusque

197 1479 239 1544 ad
266 1478 462 1568 obsidionem
488 1481 585 1562 urbis,
608 1483 635 1545 si
656 1481 792 1564 accidat,
820 1490 993 1545 reservant
1028 1478 1151 1558 Quibus

195 1568 316 1631 iniuriis
338 1571 497 1651 permotus
514 1564 633 1632 Caesar
654 1566 793 1652 legiones
815 1576 880 1630 tres
901 1565 1076 1628 Massiliam
1098 1563 1152 1626 ad·

196 1652 298 1734 ducit3
313 1661 415 1716 turres
430 1651 603 1736 vineasque
618 1650 659 1716 ad
670 1653 934 1736 oppugnationem
949 1649 1037 1713 urbis
1049 1671 1151 1731 agere,

196 1760 294 1802 naves
324 1737 434 1820 longas
464 1735 594 1800 Arelate
627 1758 759 1808 numero
795 1744 844 1798 Xll
874 1735 979 1800 facere
1008 1735 1151 1798 instituit

195 1822 318 1902 Quibus
342 1823 459 1886 effectis
489 1823 679 1907 armatisque
707 1821 817 1886 diebus
846 1828 934 1903 XXX,
970 1842 990 1883 a
1032 1841 1074 1883 ua
1097 1818 1148 1882 die

195 1910 328 1972 materia
350 1929 443 1971 caesa
465 1917 521 1986 est,
538 1906 681 1971 adductis
703 1931 743 1972 ue
758 1906 932 1973 Massiliam
946 1905 995 1970 bis
1051 1905 1151 1969 ,Βω-

194 2004 262 2058 tum
272 1992 424 2079 praeficit,
437 1990 472 2055 Ο.
486 1929 877 2076 Treboniumlegatumad
885 1992 1152 2078 oppugnationem

195 2077 355 2143 Massiliae
382 2077 541 2162 relinquit.
802 2135 805 2142 i

87 2175 90 2186 '
258 2164 309 2228 37.
332 2163 418 2227 Dum
432 2161 511 2226 haec
524 2172 615 2248 parat
634 2171 727 2248 atque
743 2163 947 2242 administrat,
965 2158 1000 2224 Ο.
1016 2159 1152 2224 Fabium

196 2249 336 2334 legatum
352 2270 422 2312 cum
438 2246 614 2332 legionibus
637 2255 682 2329 111,
710 2269 788 2332 quas
802 2245 952 2310 Narbone
969 2247 1151 2330 circumque

195 2357 233 2399 ea
260 2333 331 2398 loca
356 2334 516 2398 hiemandi
543 2355 638 2396 causa
666 2333 872 2417 disposuerat,
900 2332 934 2394 in
961 2331 1152 2416 Hispaniam

194 2421 369 2504 praemittit
405 2417 614 2504 celeriterque
651 2417 746 2482 saltus
782 2417 964 2502 Pyrenaeos
1000 2417 1151 2500 occupari

193 2503 290 2585 iubet,
305 2506 359 2590 qui
374 2526 411 2570 eo
426 2513 568 2589 tempore
591 2501 631 2566 ab
653 2501 689 2565 L.
709 2503 840 2566 Afranio
856 2501 959 2586 legato
981 2499 1150 2585 praesidiis

189 2589 391 2654 tenebantur.
403 2589 474 2652 Reli
496 2611 552 2652 uas
564 2587 714 2674 legiones,
728 2584 808 2674 quae
820 2586 942 2671 longius
958 2584 1150 2667 hiemabant,

194 2674 344 2762 subsequi
364 2674 462 2738 iubet.
513 2673 612 2755 abies,
642 2683 676 2736 ut
703 2684 772 2740 erat
791 2675 987 2758 imperatum,
1009 2669 1152 2734 adhibita

195 2761 357 2825 celeritate
382 2759 585 2844 ,praesidium
622 2780 664 2822 ex
695 2757 776 2822 saltu
812 2758 926 2822 deiecit
962 2755 1152 2841 magnisque

193 2845 359 2911 itineribus
382 2843 423 2909 ad
445 2845 616 2908 exercitum
638 2843 761 2908 Afranii
784 2843 951 2907 contendit.

256 2931 308 2997 38.
330 2929 479 3015 Adventu
504 2928 541 2994 L.
569 2928 689 2992 Vibulli
717 2928 796 3009 Rufi,
826 2950 919 3012 quem
947 2950 967 2991 a
997 2928 1151 3010 Pompeio

193 3017 324 3081 missum
351 3017 385 3079 in
414 3015 473 3078 His
495 3016 599 3078 aniam
632 3013 876 3078 demonstratum
908 3022 965 3094 est,
998 3013 1151 3078 Afranius

194 3111 225 3165 et
245 3101 387 3165 Petreius
416 3110 448 3164 et
507 3122 589 3181 arro,
617 3099 714 3183 legati
740 3099 880 3184 Pompei,
911 3120 1043 3183 quorum
1065 3121 1151 3164 unus

192 3187 379 3271 Hispaniam
389 3186 567 3250 citeriorem
582 3191 678 3248 tribus
693 3191 871 3263 legionibus,
888 3191 964 3248 alter
976 3192 1152 3249 ulteriorem

193 3293 213 3334 a
242 3271 324 3336 saltu
351 3271 573 3336 Castulonensi
600 3269 641 3334 ad
667 3269 772 3332 Anam
804 3267 926 3334 duabus
958 3267 1150 3355 legionibus,

192 3356 302 3420 tertius
323 3357 365 3422 ab
386 3357 460 3420 Ana
477 3355 647 3420 Vettonum
674 3347 785 3440 agrum
805 3353 1063 3440 Lusitaniamque
1075 3358 1154 3439 pari

193 3461 323 3504 numero
337 3441 497 3526 legionum
513 3438 682 3522 obtinebat,
699 3439 802 3504 officia
816 3441 899 3502 inter
914 3448 947 3504 s'e
959 3441 1152 3525 partiuntur,

284 3539 291 3566 l
