2534 3970
385 215 522 281 (toltit.
545 215 593 282 IV
615 217 708 282 OAP.
732 219 846 282 7-12.
1052 219 1093 283 73

137 387 309 473 pinquavit,
330 387 365 450 in
385 386 492 472 plures
514 386 625 452 defluit
645 399 753 475 partes
774 389 880 455 multis
901 389 1095 474 ingentibus-

138 495 199 558 que
220 471 332 536 insulis
355 473 484 554 effectis,
507 495 640 558 quarum
655 497 729 560 pars
751 497 867 559 magna
887 497 907 538 a
927 475 1001 538 feris
1024 475 1094 538 bar·

137 557 285 643 barisque
313 557 506 622 nationibus·
522 558 684 641 incolitur,
715 581 756 624 ex
785 559 898 645 quibus
928 569 1015 642 sunt,
1039 563 1093 645 qui

135 641 278 728 piscibus
305 652 399 743 atque
420 643 488 706 oris
510 644 615 706 avium
635 646 744 708 vivere
767 645 992 728 existimantur,
1014 644 1093 709 mul·

136 728 239 814 tisque
261 728 415 812 capitibus
436 728 470 790 in
492 727 655 792 Oceanum
676 729 787 793 influit

202 813 252 875 11.
275 809 395 877 Caesar
417 833 513 898 quum
535 814 575 877 ab
597 814 687 878 hoste
708 836 772 878 non
787 813 922 900 amplius
943 837 1092 900 passuum

136 903 188 960 ΧΠ
208 896 336 962 milibus
357 897 492 980 abesset,
515 908 551 962 ut
570 909 638 962 erat
659 899 869 982 constitutum,
893 900 935 964 ad
955 922 1029 966 eum
1047 900 1092 966 le-

136 982 202 1068 gati
221 991 434 1065 revertuntur3
456 983 511 1069 qui
530 985 563 1047 in
585 985 696 1050 itinere
718 988 879 1069 congressi
890 1007 1091 1071 magnopere,

135 1089 176 1132 ne
202 1066 329 1153 longius
355 1068 613 1154 progrederetur,
643 1069 785 1134 orabant
837 1070 942 1150 Quum
970 1070 1004 1135 id
1029 1093 1093 1136 non

136 1155 365 1239 impetrassent,
388 1153 546 1238 petebant,
563 1157 609 1217 uti
624 1155 665 1219 ad
679 1177 733 1220 eos
749 1157 879 1240 equites,
903 1158 957 1242 qui
978 1178 1093 1242 agmen

136 1235 386 1320 antecessissent,
408 1241 622 1324 praemitteret
643 1261 889 1390 eosquelpugna
903 1241 1091 1327 prohiberet,

135 1323 196 1387 sibi
218 1345 259 1387 ue
280 1333 315 1387 nt
343 1332 530 1409 potestatem
558 1324 676 1389 faceret
704 1347 736 1388 m
813 1328 859 1390 ios
881 1326 1001 1412 legatos
1023 1329 1092 1392 mit·

134 1346 238 1490 tendl'3
254 1431 386 1493 quorum
401 1411 428 1472 si
441 1410 544 1493 princi
567 1431 601 1472 es
613 1432 652 1474 ac
673 1421 800 1475 senatus
815 1411 876 1476 sibi
890 1411 1092 1477 iureiurando

134 1493 229 1557 fidem
250 1493 386 1576 fecisset,
415 1515 454 1557 ea
476 1433 662 1578 conditione,
693 1518 774 1581 quae
796 1519 816 1560 a
838 1494 974 1561 Caesare
996 1489 1092 1564 ferre·

133 1589 193 1661 tur,
217 1601 252 1643 sc
273 1601 386 1643 usuros
409 1579 632 1644 ostendebant:
655 1579 697 1644 ad
721 1579 779 1644 has
808 1603 859 1646 res
882 1581 1091 1646 conficiendas

133 1663 195 1727 sibi
216 1663 312 1728 tridui
334 1665 469 1749 spatium
491 1664 588 1728 daret.
621 1665 713 1729 Haec
727 1669 833 1731 omnia
847 1666 966 1732 Caesar
981 1666 1091 1731 eodem

132 1747 187 1813 illo
209 1751 368 1834 pertinere
391 1748 610 1833 arbitrabatur,
633 1759 668 1814 ut
689 1751 784 1816 tridui
798 1773 887 1816 mora
907 1752 1092 1836 interposita

132 1834 254 1920 equites
277 1855 402 1915 eorum,
433 1835 487 1920 qui
514 1835 677 1918 abessent,
711 1846 962 1919 reverterentur3
985 1847 1092 1902 tamen

132 1940 202 1984 sese
224 1941 288 1984 non
309 1918 435 2004 longius
463 1919 590 1984 milibus
612 1943 764 2006 passuum
786 1932 933 2007 quattuor
953 1923 1090 2008 aquatio·

131 2005 181 2068 nis
203 2025 300 2068 causa
320 2025 542 2090 processurum
565 2027 602 2071 eo
622 2005 674 2069 die
689 2006 785 2070 dixit:
808 2007 870 2071 huc
891 2017 1016 2093 postero
1039 2006 1091 2071 die

132 2112 226 2175 quam
247 2089 492 2176 frequentissimi
513 2092 726 2174 convenirent,
749 2102 784 2156 ut
795 2092 835 2157 de
857 2115 965 2158 eorum
985 2101 1090 2193 postu·

131 2173 203 2238 latis
233 2185 446 2259 cognosceret.
497 2175 628 2239 [nterim
657 2176 699 2240 ad
720 2178 913 2262 praefectos,
943 2201 996 2265 qur
1018 2199 1090 2242 curn

131 2261 217 2324 omni
245 2261 385 2346 equitatu
411 2269 663 2343 antecesserant,
693 2263 788 2325 mittit
816 2265 870 2348 qui
898 2264 1088 2348 nuntiarent,

130 2367 171 2409 ne
193 2345 299 2411 hostes
313 2344 433 2430 proelio
449 2345 641 2410 lacesserent
655 2357 695 2429 et,
718 2349 746 2410 si
767 2349 829 2432 ipsi
849 2347 1088 2431 lacesserentur,

131 2432 336 2512 sustinerent,
366 2430 471 2516 quoad
498 2433 567 2517 ipse
603 2453 674 2496 cum
704 2435 846 2496 exercitu
877 2434 1006 2519 propius
1040 2455 1089 2498 ac-

131 2517 287 2581 cessisset

195 2602 246 2666 12.
268 2600 312 2665 At
336 2601 459 2683 hostes,
487 2601 543 2665 ubi
570 2603 705 2687 primurn
727 2612 850 2668 nostros
873 2604 994 2688 equites
1016 2625 1089 2668 con·

130 2697 318 2772 spexerunt,
348 2709 483 2773 quorum
511 2697 579 2750 erat
601 2696 626 2747 V
647 2687 769 2750 milium
796 2709 962 2770 numerus,
993 2710 1089 2773 quum

129 2773 191 2858 ipsi
211 2794 276 2836 non
297 2771 431 2857 amplius
454 2773 649 2856 octingentos
671 2775 791 2858 equites
810 2772 980 2854 haberent,
1004 2773 1089 2859 quod

129 2858 161 2939 ii,
185 2859 238 2944 qui
259 2856 472 2922 frumentandi
493 2879 589 2920 eausa
617 2860 718 2921 ierant
747 2868 833 2922 trans
855 2858 988 2938 Mosam,
1010 2881 1089 2923 non·

129 2942 205 3008 dum
226 2941 393 3024 redierant,
416 2942 494 3007 nihil
516 2942 697 3007 timentibus
725 2945 851 3025 nostris,
885 2942 970 3028 quod
990 2942 1088 3028 legati

130 3049 238 3092 eorum
289 3026 458 3092 sulcante
486 3051 506 3092 a
534 3026 671 3091 Caesare
701 3027 911 3092 discesserant
938 3036 1031 3112 atque
1058 3030 1087 3092 is

130 3112 252 3177 diesin
275 3113 347 3176 utiis
370 3122 439 3178 erat
460 3111 499 3176 ab
522 3111 571 3176 his
597 3113 729 3198 petitus,
760 3114 880 3198 impetu
901 3112 983 3178 facto
1006 3112 1087 3176 cele·

129 3199 206 3262 riter
242 3209 366 3262 nostros
402 3197 682 3283 perturbaverunt3
725 3220 834 3265 rursm
868 3198 1087 3263 resistentibus

129 3283 356 3348 consuetudine
372 3305 429 3346 sua
444 3282 484 3346 ad
499 3283 597 3368 pedes
613 3281 816 3364 desiluerunt,
840 3279 979 3346 suffossis
997 3284 1086 3370 equis

129 3367 405 3454 compluribusque
446 3370 561 3432 nostris
591 3367 720 3431 deiectis
748 3367 888 3453 reliquos
916 3368 950 3432 in
978 3366 1086 3454 fugam

128 3456 329 3518 coniecerunt
358 3463 453 3539 atque
481 3455 527 3518 ita
553 3453 737 3538 perterritos
772 3460 918 3538 egerunt,
955 3461 990 3516 ut
1023 3475 1086 3519 non
