2534 3970
190 193 233 256 24
300 229 302 232 -
417 190 506 282 ,DE
528 190 670 256 BELLO
693 191 884 264 GALLIOO

190 383 224 426 se
253 360 379 432 obsides
408 360 603 426 redditurum
630 383 695 426 non
723 383 822 444 esse,
839 384 941 464 neque
970 364 1009 428 iis
1038 385 1141 450 neque

124 444 128 450 ’
190 468 298 514 eorum
320 448 413 510 sociis
434 447 548 510 iniuria
569 445 687 511 bellum
713 446 889 529 illaturum,
913 470 940 511 s1
960 450 994 512 in
1016 471 1053 514 eo
1075 472 1140 514 ma-
1250 515 1251 522 χ

188 541 312 613 nerent,
340 531 424 618 quod
451 533 662 627 convenisset,
693 532 944 618 stipendiumque
973 537 1140 619 quotannis
1250 593 1251 600 ,

187 616 373 702 penderent,
400 617 434 680 si
455 615 488 679 id
510 639 574 680 non
595 615 757 698 fecissent,
786 617 880 703 longe
902 620 940 684 iis
957 618 1140 684 ¹fraternum

187 723 302 768 nomen
323 701 431 788 populi
451 700 585 766 Romani
612 702 778 766 altianum.
822 702 917 781 Quod
938 702 999 767 sibi
1021 702 1141 770 Caesar

187 785 386 852 denuntiaret
400 809 434 850 se
449 786 654 851 Haeduorum
674 789 806 853 iniurias
826 810 891 854 non
911 787 1138 872 neglecturum,

186 873 345 938 neminem
360 895 466 936 secum
483 873 550 936 sine
562 895 630 946 ‚sua
648 873 785 958 pernicie
801 873 1009 938 contendisse.
1033 873 1140 952 Quum

186 955 299 1038 vellet,
337 956 600 1042 congrederetur:
637 957 884 1039 intellecturum,
921 958 998 1058 quid
1029 960 1140 1024 invicti

186 1040 351 1124 Germani,
382 1043 635 1106 exercitatissimi
655 1043 689 1106 in
710 1045 823 1124 armis,
852 1045 906 1130 qui
934 1053 1017 1108 mter
1038 1067 1138 1108 annos

184 1133 260 1190 Xllll
280 1136 397 1192 tectum
418 1149 481 1192 non
503 1127 669 1207 subissent,
692 1129 808 1192 virtute
829 1138 968 1213 possent

247 1211 299 1276 37.
331 1213 422 1276 Haeo
443 1212 554 1278 eodem
575 1223 716 1297 tempore
739 1211 869 1279 Caesari
890 1214 1039 1278 mandata
1059 1214 1140 1280 refe·

184 1295 346 1378 rebantur,
370 1308 401 1361 et
422 1296 518 1381 legati
539 1297 580 1361 ab
602 1297 743 1362 Haeduis
766 1308 839 1372 eta
861 1299 1009 1363 Treveris
1031 1301 1140 1364 venie·
1251 1327 1252 1342 ¹

182 1381 274 1445 bant:
297 1382 424 1446 Haedui
446 1392 600 1468 questum,
623 1383 707 1469 quod
727 1383 885 1465 Harudes,
910 1384 964 1469 qui
984 1407 1086 1532 nuper
1104 1386 1138 1448 in

184 1465 322 1532 Galliam
343 1470 546 1553 transportati
568 1478 689 1548 essent,
719 1469 798 1534 fines
821 1491 929 1533 eorum
950 1491 992 1554 po
1014 1491 1035 1532 u
1049 1491 1137 1534 aren-

182 1561 249 1616 tur:
272 1575 343 1618 sese
364 1576 405 1618 ne
425 1552 588 1618 obsidibus
611 1553 738 1639 quidem
758 1553 839 1618 datis
860 1575 971 1639 pacem
1032 1555 1138 1618 iovisti

182 1637 337 1704 redimere
372 1639 530 1724 potuisse3
568 1638 700 1702 Treveri
732 1648 846 1719 autem,
878 1661 978 1724 pagos
1011 1649 1137 1703 centum

181 1720 357 1789 Suevorum
378 1724 419 1786 ad
439 1724 540 1808 ripam
561 1723 663 1786 Rheni
691 1723 887 1805 consedisse,
916 1725 971 1810 qui
991 1723 1137 1789 Rhenum

181 1809 315 1872 transire
344 1817 547 1894 conarentur3
581 1808 629 1871 bis
658 1831 806 1893 praeesse
828 1809 968 1873 Nasuam
994 1819 1026 1873 et
1053 1808 1136 1873 cim-

180 1891 304 1958 berium
335 1894 459 1960 fratres.
504 1891 626 1972 Quibus
659 1893 753 1958 rebus
785 1892 904 1957 Caesar
932 1893 1136 1959 vehementer

181 1987 354 2044 commotus
377 1977 596 2044 maturandum
618 1977 679 2042 sibi
701 1980 902 2060 existimavit,
928 2001 979 2060 ne,
1002 1981 1030 2042 si
1051 2001 1135 2044 nova

179 2084 290 2130 manus
306 2062 483 2128 Sueborum
505 2084 577 2126 cum
598 2063 759 2127 veteribus
782 2065 881 2149 copiis
895 2064 1048 2127 Ariovisti
1063 2085 1134 2128 sese

179 2148 408 2229 coniunxisset,
439 2151 542 2212 minus
564 2146 657 2210 facile
679 2150 784 2212 resisti
804 2159 921 2234 posset
965 2147 1077 2235 Itaque
1098 2171 1134 2214 re

178 2231 382 2298 frunieutaria
396 2256 490 2318 quam
508 2230 672 2296 celerrime
693 2235 796 2318 potuit
810 2243 991 2320 comparata
1004 2236 1134 2320 'magnis

178 2316 341 2382 itineribus
364 2319 405 2382 ad
426 2319 623 2383 Ariovistum
644 2319 813 2382 contendit.

240 2402 292 2466 38.
336 2402 442 2481 Quum
468 2402 563 2468 tridui
589 2403 675 2466 viam
700 2406 924 2488 processisset,
958 2406 1134 2468 nuntiatum

150 2517 159 2526 ·
178 2496 225 2550 est
247 2490 277 2550 ei
294 2487 489 2554 Ariovistum
511 2510 582 2551 cum
604 2489 669 2551 suis
693 2487 837 2553 omnibus
859 2491 957 2575 copiis
980 2489 1021 2553 ad
1043 2511 1134 2554 occu·
1253 2483 1254 2512 ¹

199 2572 315 2638 andum
336 2574 576 2654 Vesontionem,
608 2571 692 2659 quod
719 2583 768 2637 est
789 2573 939 2658 oppidum
960 2575 1133 2638 maximum

177 2665 414 2743 sequanorum,
426 2658 615 2724 contendere
630 2657 789 2744 triduique
803 2659 888 2724 viam
903 2682 923 2724 a
937 2661 1002 2723 suis
1017 2657 1133 2724 finibus

175 2741 358 2828 profecisse.
395 2743 434 2808 Id
453 2768 500 2810 ne.
516 2743 682 2824 accideret,
706 2766 899 2829 magnopere
922 2745 983 2809 sibi
1003 2766 1133 2830 praeca·
1253 2813 1254 2824 ,

175 2826 313 2894 vandum
328 2827 446 2896 Caesar
461 2827 671 2894 existimabat.
702 2827 846 2914 Namque
862 2832 1001 2893 omnium
1016 2852 1131 2914 rerum,

197 2935 257 2976 uae
279 2913 321 2977 ad
342 2913 461 2978 bellum
478 2917 549 2978 usui
564 2924 661 2993 erant,
686 2935 810 2977 summa
832 2917 999 2980 eratineo
1016 2914 1131 3000 oppido

175 2935 322 3080 lassulus,
351 3000 446 3086 idque
467 3010 579 3064 natrrra
600 2996 662 3062 loci
694 2999 741 3060 sie
762 2999 977 3082 muniebatur,
1010 3011 1046 3063 ut
1066 3021 1132 3063 ma-

174 3106 269 3168 gnam
283 3085 324 3148 ad
339 3084 516 3164 ducendum
527 3081 647 3149 bellum
659 3083 747 3146 daret
758 3083 948 3167 facultatem,
963 3093 1131 3170 propterea

174 3168 259 3250 quod
279 3168 396 3234 flumen
417 3169 521 3234 Dubis
543 3179 578 3235 ut
607 3169 725 3232 circino
753 3170 1003 3234 circumductum
1029 3191 1131 3254 paene

173 3255 443 3402 totumoppidum
472 3256 585 3339 eingit3
614 3251 772 3337 reliquum
794 3256 946 3339 spatium,
977 3253 1062 3339 quod
1084 3263 1133 3318 est

172 3359 235 3402 non
259 3360 331 3424 amp
346 3341 393 3403 ‘us
415 3339 532 3424 pedum
553 3347 789 3418 sexcentorum,
813 3361 875 3425 qua
897 3340 1015 3403 flumen
1036 3340 1131 3403 inter·

171 3425 274 3504 mittit,
298 3446 389 3489 mons
405 3425 543 3489 continet
558 3444 674 3506 magna
688 3421 862 3508 altitudine,
881 3427 935 3508 ita,
958 3433 993 3488 ut
1007 3423 1130 3488 radices
