2562 3966
385 208 520 276 OOMM.
542 210 605 276 VH
627 210 720 278 OAP.
744 213 879 277 78-82.
1052 213 1113 278 185

153 392 244 466 terat,
268 391 417 469 utrosque
433 393 464 446 et
477 383 582 448 laudis
598 383 752 469 cupiditas
767 393 799 450 et
813 385 906 449 timor
921 387 1112 471 ignominiae

100 475 101 480 ’
154 468 197 532 ad
216 470 366 534 virtutem
388 467 558 533 excitabat
604 468 709 548 Quum
741 493 761 533 a
792 469 922 535 meridie
949 494 1048 557 prope
1070 472 1112 535 ad

154 553 228 619 solis
244 576 391 619 occasum
402 551 500 620 dubia
512 555 645 620 victoria
654 565 858 641 pugnaretur,
882 555 1035 620 Germani
1049 579 1114 621 una

153 641 187 704 in
207 649 299 726 parte
313 641 461 705 confertis
483 642 594 705 turmis
617 642 650 704 in
670 641 775 706 hostes
796 642 948 728 impetum
969 641 1113 707 fecerunt

154 747 271 813 cosque
292 726 521 812 propulerrmt;
550 727 663 812 quibus
700 729 733 790 in
761 726 869 812 fugam
891 729 1040 792 coniectis
1064 750 1111 792 sa-

174 812 270 876 ittarii
291 812 499 878 circumventi
527 813 745 900 interfectique
768 822 849 875 sunt.
893 812 975 877 Item
1002 835 1042 876 ex
1063 836 1109 877 re·

153 834 248 983 dquis
268 897 411 982 partibus
434 899 533 962 nostri
555 897 704 962 cedentes
726 919 827 983 usqne
849 898 891 961 ad
913 907 1016 962 castra
1029 900 1111 962 inse-

154 983 219 1046 cuti
248 984 297 1047 sui
325 982 496 1070 colligendi
517 983 698 1047 facultatem
720 1006 784 1049 nou
806 983 970 1048 dederunt.
1014 984 1057 1047 At
1078 985 1110 1066 ii,

176 1069 209 1132 ui
235 1068 275 1132 ab
302 1067 413 1132 Alesia
444 1079 680 1154 processerant,
714 1072 826 1134 maesti
852 1091 950 1155 prope
979 1071 1114 1134 victoria

141 1092 323 1239 desperata
345 1176 379 1218 se
400 1156 434 1217 in
457 1153 608 1240 oppidum
629 1177 703 1220 rece
727 1165 828 1218 erunt.

218 1240 269 1303 81.
298 1239 371 1304 Uno
401 1239 453 1304 die
479 1242 659 1306 intermisso
682 1177 769 1305 abili
798 1250 892 1326 atquc
921 1241 980 1305 hoc
1011 1241 1112 1326 spatio

153 1347 268 1410 magno
284 1327 426 1408 cratium,
443 1324 608 1409 scalarum,
624 1325 841 1412 harpagonum
855 1349 985 1401 nurnero
1002 1327 1112 1393 effecto

153 1411 259 1476 media
280 1419 373 1475 nocte
396 1410 520 1476 silentio
543 1434 585 1476 ex
600 1412 713 1476 castris
729 1413 850 1496 egressi
866 1411 906 1475 ad
921 1423 1112 1498 campestres

153 1497 342 1562 munitiones
365 1495 529 1560 accedunt.
575 1495 686 1561 Subito
708 1496 846 1560 clamore
878 1496 1019 1580 sublato,
1050 1521 1114 1584 qua

154 1581 382 1667 significatione
405 1584 459 1667 qui
480 1584 518 1646 in'
536 1582 652 1668 oppido
675 1582 901 1647 obsidebantur
923 1583 962 1646 de
986 1605 1043 1647 suo
1059 1583 1113 1647 ad-

153 1678 251 1732 ventu
273 1689 310 1732 co
356 1689 465 1732 oscsre
494 1677 640 1754 possent,
673 1677 776 1732 crates
797 1669 966 1753 proiiccre,
996 1668 1112 1744 fundis,

153 1755 289 1839 sagittis,
311 1690 479 1838 ldpidibus
507 1764 631 1838 nostros
655 1753 695 1818 de
715 1752 801 1818 vallo
830 1753 1019 1838 proturbare
1040 1753 1112 1818 reli·-

154 1861 294 1940 quaque,
329 1861 411 1925 quae
433 1839 474 1904 ad
496 1842 761 1930 oppugnationem
790 1840 964 1924 pertinent,
999 1849 1112 1924 parant
1199 1837 1205 1854 ⁸

153 1925 381 1990 administrare.
424 1923 548 1989 Eodem
569 1934 710 2010 tempore
732 1924 869 1989 clamore
892 1925 1039 1989 exaudito
1058 1925 1113 1989 dat

152 2011 230 2075 tuba
241 2012 366 2096 signum
378 2011 444 2074 suis
455 2010 699 2096 Vercingetorix
710 2020 804 2096 atque
817 2033 858 2075 ex
870 2007 985 2096 oppido
998 2011 1112 2075 educit

151 2097 260 2162 Nostri
288 2104 324 2160 ut
347 2118 384 2159 su
407 2097 562 2161 erioribus
585 2095 712 2177 diebus,
739 2105 775 2158 ut
797 2098 911 2182 cuique
934 2107 1002 2160 erat
1023 2096 1112 2161 locus

153 2181 331 2264 attributus,
356 2118 608 2246 admonitiones
632 2178 802 2264 accedunt3
825 2181 931 2245 fimdis
954 2181 1111 2246 librilibus

153 2267 357 2354 sudibusque,
381 2289 460 2354 quas
475 2269 509 2330 in
525 2289 620 2353 opere
635 2267 865 2352 disposuerant,
889 2290 926 2330 ac
941 2266 1110 2354 glandibus

153 2352 263 2418 Gallos
285 2361 472 2438 proterrent.
508 2353 683 2439 Prospectu
703 2352 844 2417 tenebris
867 2353 991 2418 ademto
1013 2353 1113 2418 multa

152 2441 312 2525 utrimque
332 2437 467 2503 vrrlncra
495 2441 701 2523 accipiuntur.
746 2437 918 2523 Complura
946 2442 1112 2504 tormentis

152 2524 218 2588 tela
239 2525 457 2589 coniiciuntur.
486 2523 530 2587 At
550 2523 678 2588 Marcus
693 2523 849 2588 Antonius
873 2533 904 2586 et
920 2524 1018 2589 Gaius
1034 2525 1112 2590 Tre-

152 2609 266 2675 bonius
295 2609 411 2695 legati,
446 2609 560 2696 quibus
592 2610 652 2674 hae
678 2619 785 2695 partes
815 2607 857 2672 ad
880 2609 1112 2675 defendendum

153 2695 358 2776 obvenerant,
374 2717 444 2781 'qua
459 2704 604 2781 exparte
619 2707 744 2759 nostros
759 2696 862 2780 premi
876 2695 1110 2779 intellexerant,

151 2780 201 2844 his
231 2779 350 2846 auxilio
385 2803 426 2844 ex
454 2779 658 2844 ulterioribus
688 2779 826 2844 castellis
856 2779 1008 2846 deductos
1040 2782 1112 2847 sub·

151 2866 327 2930 mittebant.

216 2951 267 3014 82.
298 2951 386 3015 Dum
417 2951 542 3036 longius
573 2951 613 3015 ab
646 2952 819 3017 munitione
856 2951 988 3017 aberant
1017 2952 1111 3036 Galli,
1140 2959 1142 2963 ’

151 3037 224 3124 plus
252 3037 451 3102 multitudine
480 3036 615 3103 telorum
648 3037 873 3122 proficiebant,
905 3048 1112 3125 posteaquam

174 3145 209 3186 ro
232 3123 281 3186 ius
297 3132 529 3205 successerunt,
552 3131 606 3186 aut
628 3145 662 3186 se
686 3122 820 3186 stimulis
842 3124 1041 3209 inopinantes
1063 3125 1111 3186 in·

151 3145 293 3273 luebant
314 3218 368 3272 aut
388 3210 422 3272 in
437 3208 567 3273 scrobes
583 3207 680 3272 delati
698 3207 987 3274 transfodiebantur
1001 3217 1056 3272 aut
1071 3231 1112 3273 ex

151 3294 236 3358 vallo
260 3315 297 3358 ac
319 3294 459 3359 turribus
481 3295 605 3358 traiecti
631 3292 704 3378 pilis
732 3294 907 3358 muralibus
928 3294 1109 3360 interibant.

152 3379 259 3444 Multis
288 3377 427 3466 undique
456 3378 640 3443 vulneribus
668 3381 806 3464 acceptis
828 3378 916 3443 nulla
937 3381 1112 3445 munitione

151 3473 316 3551 perrupta,
340 3487 438 3552 quum
458 3465 515 3528 lux
537 3475 715 3552 appeteret,
748 3466 856 3546 veriti,
884 3487 925 3530 nc
948 3464 988 3529 ab
1010 3465 1111 3533 latere
