2532 3968
503 207 759 277 PRAEFATIO.
977 200 1087 270 XLIX

137 403 330 482 egressae
358 381 420 448 dici
440 391 584 468 possent,
607 382 634 446 si
655 382 717 444 iam
738 389 865 466 pontem
887 380 1084 446 transissent.

136 465 196 533 Sm
224 473 284 532 irus
316 489 386 532 cum
422 475 604 532 transissent
638 467 851 551 coniungitur,
886 464 1085 549 participium

132 572 282 637 ,opressus
308 554 423 617 misere
451 573 582 634 vacare,
610 552 667 614 vix
689 573 782 636 quem
805 573 877 614 uam
899 547 988 635 fugit.
1023 547 1084 613 Re·

135 635 202 703 stat
226 639 333 722 itaque
361 647 395 701 ut
426 645 486 702 huc
514 637 555 701 ad
582 657 727 714 carcesae
752 575 871 700 releras
900 634 992 704 etde
1015 633 1084 697 loco

123 722 340 788 inciteriore
369 723 396 786 ri
421 747 440 786 a
468 723 527 786 sito
553 720 729 806 intelligas,
760 721 800 785 ad
823 743 916 807 quem
939 718 1083 804 legiones

136 807 287 892 progredi
310 745 477 889 debebant,
501 815 669 892 antequam
691 806 809 870 flumen
823 807 1002 870 transirent.
1024 803 1083 866 Pe·

136 900 184 976 tet
212 902 316 956 autem
338 893 551 958 narrationem
573 893 650 956 satis
667 891 778 976 inepte
800 890 920 954 tardari
943 911 1080 954 comme·

136 977 290 1042 morando
312 976 452 1062 legiones
475 975 516 1040 ed
537 999 609 1040 eum
631 975 735 1040 locum
758 997 828 1040 esse
844 997 998 1062 egressas,
1021 974 1083 1037 nisi

117 1083 176 1126 veo
203 1063 272 1146 ipso
301 1063 396 1126 etiam
425 1064 487 1126 iter
508 1061 669 1148 paulisper
700 1060 868 1124 inhibitum
890 1069 982 1125 esset.
1016 1059 1084 1124 Nec

135 1147 276 1231 proiecto
304 1147 475 1212 verisimile
504 1157 568 1230 est,
603 1145 742 1231 legiones
780 1147 905 1230 agmine
935 1147 1082 1212 continuo

136 1253 179 1295 ex
208 1233 320 1296 castris
349 1255 408 1318 per
435 1241 563 1318 pontem
592 1233 625 1294 in
655 1232 788 1296 alteram
817 1231 955 1294 fluminis
982 1232 1083 1316 ripam

136 1317 354 1401 contendisse,
385 1339 481 1402 quum
511 1327 543 1381 et
563 1337 678 1401 magna
699 1318 909 1381 iumentorum
931 1317 973 1380 vi-
986 1317 1083 1463 impe·

135 1400 296 1482 direntur,
318 1423 378 1466 nec
405 1426 467 1467 non
489 1401 530 1468 ab
552 1402 695 1466 hostibus
716 1403 829 1466 vicinis
852 1423 966 1467 cavere
989 1402 1028 1464 de
1054 1423 1084 1465 e·

133 1481 224 1568 rent3
254 1486 317 1550 imo
347 1489 395 1552 rei
424 1489 585 1561 convenit,
615 1487 755 1572 legiones
785 1485 827 1550 ad
856 1496 950 1572 caput
978 1487 1082 1586 pontis

135 1573 317 1636 constitisse
352 1572 459 1658 ibique
492 1575 554 1635 iam
583 1596 619 1638 eo
657 1573 766 1638 ordine
794 1589 866 1636 csse
888 1580 1082 1652 constrtutas,

157 1657 199 1720 u'o
225 1667 353 1743 pontem
381 1657 627 1722 traducerentur.
660 1657 857 1721 Praesidium
887 1679 1011 1743 quoque
1033 1677 1081 1719 re·

133 1677 238 1830 fl'uqui
257 1764 389 1806 necesse
411 1752 487 1825 erat,
510 1765 551 1806 ne
574 1765 669 1830 quum
691 1744 725 1804 in
747 1742 847 1807 altera
868 1739 1083 1826 ripa'pabula-

123 1827 261 1910 rentur,
292 1826 396 1892 hostes
435 1838 562 1913 pontem
594 1827 836 1908 interciderent,
871 1836 902 1890 et
933 1828 966 1889 in
999 1823 1083 1890 hunc

131 1910 231 1976 finem
245 1911 331 1978 haud
345 1912 440 1977 dubie
455 1935 618 1978 remanere
640 1911 798 1976 debebant
820 1912 901 1976 duae
916 1911 991 1976 illae
1005 1911 1082 1996 legi·

133 1993 222 2074 ones,
245 2019 323 2083 quas
345 1997 464 2062 Fabius
486 1998 600 2062 deinde
622 1996 770 2062 ulteriore
793 2006 889 2083 ponte
910 1997 947 2060 L.
962 1996 1081 2060 Planco

133 2081 254 2146 auxilio
270 2083 377 2146 misit.
407 2083 518 2148 Itane
548 2086 615 2148 sive
638 2105 824 2163 conpressae
847 2084 914 2146 sive
938 2103 1082 2160 carcesae

133 2167 292 2248 scribitur,
317 2189 354 2232 eo
376 2107 550 2254 signilcari
564 2191 696 2233 necesse
711 2178 768 2249 est,
793 2167 934 2254 legiones
949 2170 982 2231 in
998 2187 1080 2230 cam-

131 2273 210 2336 pum
233 2251 274 2315 ad
295 2263 423 2338 pontem
445 2276 630 2339 progressas
652 2253 699 2316 ibi
720 2256 911 2340 constitisse,
928 2291 969 2300 —
986 2261 1081 2336 atque

131 2337 179 2400 ita
200 2359 264 2402 non
286 2338 421 2426 amplius
444 2349 506 2420 est,
536 2361 592 2402 cur
614 2349 723 2404 contra
745 2338 888 2403 codicum
913 2339 1080 2402 auctorita-

130 2427 197 2485 tem
219 2435 391 2507 reponatur
411 2425 555 2506 verbum,
580 2447 641 2510 quo
663 2445 727 2488 non
749 2425 811 2486 nisi
828 2423 939 2488 endem
955 2430 1079 2486 senten·—

130 2507 179 2570 tis
211 2517 244 2570 et
270 2508 397 2593 quidem
429 2512 550 2572 ratione
583 2509 686 2572 minus
716 2518 825 2594 aperta
857 2509 1000 2572 efficitur.
1034 2507 1078 2571 At

130 2613 174 2656 ne
195 2593 328 2668 mireris,
354 2593 436 2679 quod
459 2601 678 2672 concremandi
697 2594 829 2658 verbum
852 2593 891 2657 de
906 2595 944 2657 iis
961 2593 1078 2656 dictum

132 2686 192 2760 est,
210 2679 270 2824 pul
293 2700 333 2740 ex
355 2679 466 2742 eodem
480 2679 559 2761 loco,
584 2681 693 2742 castris
709 2679 838 2759 scilicet,
861 2678 994 2764 profecti
1009 2686 1081 2741 sunt

129 2797 176 2811 --
195 2762 208 2823 i
232 2784 291 2848 que
313 2763 521 2849 Nipperdeius
544 2765 704 2828 monuisse
725 2765 849 2828 videtur
871 2763 992 2829 verbis:
1015 2786 1079 2845 ,ne-

130 2847 250 2911 minem
271 2849 315 2910 ita
337 2847 477 2934 legiones
503 2871 651 2934 congre
662 2849 700 2914 di
715 2848 844 2914 dixisse‘
858 2885 910 2932 -,
926 2849 1079 2931 distingu-

130 2931 249 2996 endum
271 2943 320 2996 est
340 2935 422 2998 inter
444 2933 1079 3019 congrediendietconveniendi

130 3019 309 3096 notionem3
340 3041 435 3105 quum
466 3022 549 3084 euim
578 3021 616 3102 ii,
640 3021 693 3105 qui
716 3042 757 3083 ex
779 3019 913 3084 diversis
935 3017 1077 3104 partibus

131 3102 270 3167 eundem
303 3102 408 3167 locum
439 3105 638 3189 petiverunt,
675 3105 919 3170 convenisse
953 3102 1078 3166 dicendi

123 3195 223 3269 sunt,
255 3209 501 3273 congressos
531 3213 585 3255 eos
608 3191 714 3253 dicere
736 3190 819 3272 licet,
843 3190 897 3274 qui
917 3191 980 3252 iam
1004 3209 1078 3250 eun·

131 3253 205 3335 dem
227 3271 330 3336 locum
355 3273 504 3356 obtinent,
527 3273 615 3339 nulla
641 3276 762 3340 ratione
776 3275 891 3356 habita,
915 3273 999 3348 unde
1015 3272 1078 3335 sint

126 3353 272 3458 prpfecti.
307 3357 369 3444 (cf.
404 3359 545 3448 nostrum
581 3360 911 3444 ,zusammentreten.‘)
952 3359 1078 3442 Retinui

123 3451 448 3528 egitur-conpressae:
467 3467 527 3508 nec
548 3448 649 3532 magis
671 3445 789 3531 placuit
803 3444 988 3530 Nipperdeii
1004 3465 1076 3507 con-
