<?xml version="1.0" encoding="UTF-8"?>
<!DOCTYPE html PUBLIC "-//W3C//DTD XHTML 1.0 Transitional//EN"
    "http://www.w3.org/TR/xhtml1/DTD/xhtml1-transitional.dtd">
<html xmlns="http://www.w3.org/1999/xhtml" xml:lang="en" lang="en">
 <head>
  <title>
</title>
<meta http-equiv="Content-Type" content="text/html;charset=utf-8" />
  <meta name='ocr-system' content='tesseract 3.04.00' />
  <meta name='ocr-capabilities' content='ocr_page ocr_carea ocr_par ocr_line ocrx_word'/>
</head>
<body>
  <div class='ocr_page' id='page_1' title='image "./ciuliicaesarisc01hirtgoog_0157.png"; bbox 0 0 2562 3966; ppageno 0'>
   <div class='ocr_carea' id='block_1_1' title="bbox 183 215 883 284">
    <p class='ocr_par' dir='ltr' id='par_1_1' title="bbox 183 215 883 284">
     <span class='ocr_line' id='line_1_1' title="bbox 183 215 883 284; baseline 0.001 -1"><span class='ocrx_word' id='word_1_1' title='bbox 183 215 245 283; x_wconf 83' lang='lat'>138</span> <span class='ocrx_word' id='word_1_2' title='bbox 439 216 501 282; x_wconf 81' lang='lat' dir='ltr'>DE</span> <span class='ocrx_word' id='word_1_3' title='bbox 522 215 667 284; x_wconf 85' lang='lat' dir='ltr'>BELLO</span> <span class='ocrx_word' id='word_1_4' title='bbox 691 216 883 284; x_wconf 79' lang='lat' dir='ltr'><strong>GALLIOO</strong></span> 
     </span>
    </p>
   </div>
   <div class='ocr_carea' id='block_1_2' title="bbox 181 389 1145 734">
    <p class='ocr_par' dir='ltr' id='par_1_2' title="bbox 181 389 1145 734">
     <span class='ocr_line' id='line_1_2' title="bbox 182 389 1145 476; baseline 0.002 -21"><span class='ocrx_word' id='word_1_5' title='bbox 182 390 328 474; x_wconf 75' lang='lat' dir='ltr'>duxerat,</span> <span class='ocrx_word' id='word_1_6' title='bbox 351 389 441 454; x_wconf 90' lang='lat' dir='ltr'>cuius</span> <span class='ocrx_word' id='word_1_7' title='bbox 465 390 657 454; x_wconf 82' lang='lat' dir='ltr'>mentionem</span> <span class='ocrx_word' id='word_1_8' title='bbox 679 389 895 476; x_wconf 90' lang='lat' dir='ltr'>superioribus</span> <span class='ocrx_word' id='word_1_9' title='bbox 917 389 1046 476; x_wconf 88' lang='lat' dir='ltr'>proeliis</span> <span class='ocrx_word' id='word_1_10' title='bbox 1068 391 1145 457; x_wconf 85' lang='lat' dir='ltr'>ieci·</span> 
     </span>
     <span class='ocr_line' id='line_1_3' title="bbox 181 474 1145 561; baseline 0.002 -21"><span class='ocrx_word' id='word_1_11' title='bbox 181 497 262 558; x_wconf 88' lang='lat' dir='ltr'>mus,</span> <span class='ocrx_word' id='word_1_12' title='bbox 285 497 323 540; x_wconf 85' lang='lat' dir='ltr'>ac</span> <span class='ocrx_word' id='word_1_13' title='bbox 345 474 430 539; x_wconf 90' lang='lat' dir='ltr'>diem</span> <span class='ocrx_word' id='word_1_14' title='bbox 451 477 514 540; x_wconf 88' lang='lat' dir='ltr'>iam</span> <span class='ocrx_word' id='word_1_15' title='bbox 537 475 680 561; x_wconf 87' lang='lat' dir='ltr'>quintum</span> <span class='ocrx_word' id='word_1_16' title='bbox 702 475 773 540; x_wconf 93' lang='lat' dir='ltr'>cibo</span> <span class='ocrx_word' id='word_1_17' title='bbox 795 485 950 541; x_wconf 79' lang='lat' dir='ltr'>caruerat.</span> <span class='ocrx_word' id='word_1_18' title='bbox 978 476 1041 542; x_wconf 89' lang='lat' dir='ltr'>Hic</span> <span class='ocrx_word' id='word_1_19' title='bbox 1063 476 1145 542; x_wconf 81' lang='lat' dir='ltr'>diffi-</span> 
     </span>
     <span class='ocr_line' id='line_1_4' title="bbox 182 560 1143 647; baseline 0.004 -23"><span class='ocrx_word' id='word_1_20' title='bbox 182 583 236 625; x_wconf 90' lang='lat' dir='ltr'>sus</span> <span class='ocrx_word' id='word_1_21' title='bbox 259 583 335 628; x_wconf 89' lang='lat' dir='ltr'>suae</span> <span class='ocrx_word' id='word_1_22' title='bbox 357 571 451 647; x_wconf 89' lang='lat' dir='ltr'>atque</span> <span class='ocrx_word' id='word_1_23' title='bbox 481 563 620 624; x_wconf 90' lang='lat' dir='ltr'>omnium</span> <span class='ocrx_word' id='word_1_24' title='bbox 642 560 737 625; x_wconf 87' lang='lat' dir='ltr'>saluti</span> <span class='ocrx_word' id='word_1_25' title='bbox 764 562 894 626; x_wconf 91' lang='lat' dir='ltr'>inermis</span> <span class='ocrx_word' id='word_1_26' title='bbox 927 584 969 626; x_wconf 86' lang='lat' dir='ltr'>ex</span> <span class='ocrx_word' id='word_1_27' title='bbox 995 561 1143 628; x_wconf 82' lang='lat' dir='ltr'>taberne·</span> 
     </span>
     <span class='ocr_line' id='line_1_5' title="bbox 182 645 1145 734; baseline 0.006 -24"><span class='ocrx_word' id='word_1_28' title='bbox 182 646 253 710; x_wconf 91' lang='lat' dir='ltr'>culo</span> <span class='ocrx_word' id='word_1_29' title='bbox 275 645 395 733; x_wconf 82' lang='lat' dir='ltr'><strong>prodit:</strong></span> <span class='ocrx_word' id='word_1_30' title='bbox 418 646 506 712; x_wconf 87' lang='lat' dir='ltr'>videt</span> <span class='ocrx_word' id='word_1_31' title='bbox 528 646 690 711; x_wconf 89' lang='lat' dir='ltr'>imminere</span> <span class='ocrx_word' id='word_1_32' title='bbox 713 646 820 711; x_wconf 91' lang='lat' dir='ltr'>hostes</span> <span class='ocrx_word' id='word_1_33' title='bbox 842 656 936 734; x_wconf 87' lang='lat' dir='ltr'>atque</span> <span class='ocrx_word' id='word_1_34' title='bbox 964 647 998 712; x_wconf 90' lang='lat' dir='ltr'>in</span> <span class='ocrx_word' id='word_1_35' title='bbox 1021 671 1145 716; x_wconf 87' lang='lat' dir='ltr'>summo</span> 
     </span>
    </p>
   </div>
   <div class='ocr_carea' id='block_1_3' title="bbox 181 731 1147 990">
    <p class='ocr_par' dir='ltr' id='par_1_3' title="bbox 181 731 1147 990">
     <span class='ocr_line' id='line_1_6' title="bbox 183 731 1145 820; baseline 0.002 -24"><span class='ocrx_word' id='word_1_36' title='bbox 183 754 253 796; x_wconf 88' lang='lat' dir='ltr'>esse</span> <span class='ocrx_word' id='word_1_37' title='bbox 274 755 343 798; x_wconf 90' lang='lat' dir='ltr'>rem</span> <span class='ocrx_word' id='word_1_38' title='bbox 373 731 570 796; x_wconf 81' lang='lat' dir='ltr'>discrimine:</span> <span class='ocrx_word' id='word_1_39' title='bbox 601 733 686 817; x_wconf 82' lang='lat' dir='ltr'>capit</span> <span class='ocrx_word' id='word_1_40' title='bbox 712 755 803 796; x_wconf 86' lang='lat' dir='ltr'>arma</span> <span class='ocrx_word' id='word_1_41' title='bbox 824 755 844 796; x_wconf 86' lang='lat' dir='ltr'>a</span> <span class='ocrx_word' id='word_1_42' title='bbox 871 735 1026 819; x_wconf 82' lang='lat' dir='ltr'>proximis</span> <span class='ocrx_word' id='word_1_43' title='bbox 1049 743 1145 820; x_wconf 87' lang='lat' dir='ltr'>atque</span> 
     </span>
     <span class='ocr_line' id='line_1_7' title="bbox 181 816 1144 918; baseline 0.002 -36"><span class='ocrx_word' id='word_1_44' title='bbox 181 818 215 882; x_wconf 91' lang='lat' dir='ltr'>in</span> <span class='ocrx_word' id='word_1_45' title='bbox 244 829 335 904; x_wconf 91' lang='lat' dir='ltr'>porta</span> <span class='ocrx_word' id='word_1_46' title='bbox 362 819 516 908; x_wconf 89' lang='lat' dir='ltr'>consistit.</span> <span class='ocrx_word' id='word_1_47' title='bbox 561 816 806 918; x_wconf 67' lang='lat' dir='ltr'>consequuntur</span> <span class='ocrx_word' id='word_1_48' title='bbox 828 817 912 883; x_wconf 88' lang='lat' dir='ltr'>bunc</span> <span class='ocrx_word' id='word_1_49' title='bbox 941 821 1144 884; x_wconf 74' lang='lat' dir='ltr'>centuriones</span> 
     </span>
     <span class='ocr_line' id='line_1_8' title="bbox 183 903 1147 990; baseline 0 -22"><span class='ocrx_word' id='word_1_50' title='bbox 183 905 251 968; x_wconf 92' lang='lat' dir='ltr'>eius</span> <span class='ocrx_word' id='word_1_51' title='bbox 274 903 420 985; x_wconf 82' lang='lat' dir='ltr'>cohortis,</span> <span class='ocrx_word' id='word_1_52' title='bbox 452 905 587 989; x_wconf 86' lang='lat' dir='ltr'>quaein</span> <span class='ocrx_word' id='word_1_53' title='bbox 610 913 744 968; x_wconf 84' lang='lat' dir='ltr'>statrone</span> <span class='ocrx_word' id='word_1_54' title='bbox 775 914 856 968; x_wconf 85' lang='lat' dir='ltr'>erat:</span> <span class='ocrx_word' id='word_1_55' title='bbox 892 903 1055 990; x_wconf 84' lang='lat' dir='ltr'>paulisper</span> <span class='ocrx_word' id='word_1_56' title='bbox 1080 925 1147 968; x_wconf 88' lang='lat' dir='ltr'>una</span> 
     </span>
    </p>
   </div>
   <div class='ocr_carea' id='block_1_4' title="bbox 182 987 1162 1139">
    <p class='ocr_par' dir='ltr' id='par_1_4' title="bbox 182 987 1162 1139">
     <span class='ocr_line' id='line_1_9' title="bbox 182 987 1162 1139; baseline 0.001 -86"><span class='ocrx_word' id='word_1_57' title='bbox 182 989 337 1139; x_wconf 80' lang='lat' dir='ltr'>proelium</span> <span class='ocrx_word' id='word_1_58' title='bbox 353 991 517 1054; x_wconf 88' lang='lat' dir='ltr'>sustinent.</span> <span class='ocrx_word' id='word_1_59' title='bbox 550 988 712 1076; x_wconf 83' lang='lat' dir='ltr'>Relinquit</span> <span class='ocrx_word' id='word_1_60' title='bbox 735 990 856 1053; x_wconf 83' lang='lat' dir='ltr'>enimus</span> <span class='ocrx_word' id='word_1_61' title='bbox 873 987 1018 1056; x_wconf 81' lang='lat' dir='ltr'>Sextium</span> <span class='ocrx_word' id='word_1_62' title='bbox 1040 993 1162 1076; x_wconf 49' lang='lat' dir='ltr'>gravi-¹</span> 
     </span>
    </p>
   </div>
   <div class='ocr_carea' id='block_1_5' title="bbox 101 1073 1149 3361">
    <p class='ocr_par' dir='ltr' id='par_1_5' title="bbox 183 1073 1147 1419">
     <span class='ocr_line' id='line_1_10' title="bbox 205 1073 1147 1161; baseline -0.001 -21"><span class='ocrx_word' id='word_1_63' title='bbox 205 1096 243 1140; x_wconf 91' lang='lat' dir='ltr'>us</span> <span class='ocrx_word' id='word_1_64' title='bbox 273 1075 349 1138; x_wconf 89' lang='lat' dir='ltr'>acce</span> <span class='ocrx_word' id='word_1_65' title='bbox 373 1076 413 1138; x_wconf 85' lang='lat' dir='ltr'>tis</span> <span class='ocrx_word' id='word_1_66' title='bbox 442 1073 646 1140; x_wconf 86' lang='lat' dir='ltr'>vulneribus:</span> <span class='ocrx_word' id='word_1_67' title='bbox 677 1096 773 1160; x_wconf 81' lang='lat' dir='ltr'>aegre</span> <span class='ocrx_word' id='word_1_68' title='bbox 802 1097 861 1161; x_wconf 91' lang='lat' dir='ltr'>per</span> <span class='ocrx_word' id='word_1_69' title='bbox 889 1097 1003 1141; x_wconf 90' lang='lat' dir='ltr'>manus</span> <span class='ocrx_word' id='word_1_70' title='bbox 1025 1084 1147 1140; x_wconf 80' lang='lat' dir='ltr'>tructus</span> 
     </span>
     <span class='ocr_line' id='line_1_11' title="bbox 183 1098 1144 1247; baseline 0 -23"><span class='ocrx_word' id='word_1_71' title='bbox 183 1183 257 1226; x_wconf 82' lang='lat' dir='ltr'>serv</span> <span class='ocrx_word' id='word_1_72' title='bbox 276 1171 336 1225; x_wconf 91' lang='lat' dir='ltr'>tur.</span> <span class='ocrx_word' id='word_1_73' title='bbox 350 1098 430 1226; x_wconf 57' lang='lat' dir='ltr'>llos</span> <span class='ocrx_word' id='word_1_74' title='bbox 452 1162 554 1247; x_wconf 86' lang='lat' dir='ltr'>spatio</span> <span class='ocrx_word' id='word_1_75' title='bbox 575 1161 759 1246; x_wconf 87' lang='lat' dir='ltr'>interposito</span> <span class='ocrx_word' id='word_1_76' title='bbox 786 1159 902 1246; x_wconf 88' lang='lat' dir='ltr'>reliqui</span> <span class='ocrx_word' id='word_1_77' title='bbox 929 1183 1000 1226; x_wconf 89' lang='lat' dir='ltr'>sese</span> <span class='ocrx_word' id='word_1_78' title='bbox 1030 1160 1144 1226; x_wconf 88' lang='lat' dir='ltr'>confir-</span> 
     </span>
     <span class='ocr_line' id='line_1_12' title="bbox 183 1245 1145 1325; baseline 0.001 -15"><span class='ocrx_word' id='word_1_79' title='bbox 183 1256 270 1310; x_wconf 88' lang='lat' dir='ltr'>mant</span> <span class='ocrx_word' id='word_1_80' title='bbox 291 1256 422 1325; x_wconf 87' lang='lat' dir='ltr'>tantum,</span> <span class='ocrx_word' id='word_1_81' title='bbox 446 1257 480 1310; x_wconf 90' lang='lat' dir='ltr'>ut</span> <span class='ocrx_word' id='word_1_82' title='bbox 501 1247 535 1310; x_wconf 91' lang='lat' dir='ltr'>in</span> <span class='ocrx_word' id='word_1_83' title='bbox 557 1245 784 1312; x_wconf 88' lang='lat' dir='ltr'>munitionibus</span> <span class='ocrx_word' id='word_1_84' title='bbox 807 1247 982 1311; x_wconf 86' lang='lat' dir='ltr'>consistere</span> <span class='ocrx_word' id='word_1_85' title='bbox 1005 1245 1145 1311; x_wconf 83' lang='lat' dir='ltr'>audeant</span> 
     </span>
     <span class='ocr_line' id='line_1_13' title="bbox 184 1330 813 1419; baseline -0.002 -23"><span class='ocrx_word' id='word_1_86' title='bbox 184 1333 321 1419; x_wconf 90' lang='lat' dir='ltr'>speciem</span> <span class='ocrx_word' id='word_1_87' title='bbox 344 1355 385 1397; x_wconf 92' lang='lat' dir='ltr'>ue</span> <span class='ocrx_word' id='word_1_88' title='bbox 407 1331 608 1398; x_wconf 83' lang='lat' dir='ltr'>defensorum</span> <span class='ocrx_word' id='word_1_89' title='bbox 630 1330 813 1417; x_wconf 88' lang='lat' dir='ltr'>praebeant.</span> 
     </span>
    </p>

    <p class='ocr_par' dir='ltr' id='par_1_6' title="bbox 184 1416 1149 2424">
     <span class='ocr_line' id='line_1_14' title="bbox 247 1416 1147 1483; baseline -0.003 0"><span class='ocrx_word' id='word_1_90' title='bbox 247 1417 298 1483; x_wconf 85' lang='lat'>39.</span> <span class='ocrx_word' id='word_1_91' title='bbox 360 1421 453 1483; x_wconf 90' lang='lat' dir='ltr'>terim</span> <span class='ocrx_word' id='word_1_92' title='bbox 475 1417 619 1482; x_wconf 85' lang='lat' dir='ltr'>confecta</span> <span class='ocrx_word' id='word_1_93' title='bbox 639 1416 884 1482; x_wconf 87' lang='lat' dir='ltr'>frumentatione</span> <span class='ocrx_word' id='word_1_94' title='bbox 906 1416 1023 1482; x_wconf 90' lang='lat' dir='ltr'>milites</span> <span class='ocrx_word' id='word_1_95' title='bbox 1044 1417 1147 1481; x_wconf 89' lang='lat' dir='ltr'>nostri</span> 
     </span>
     <span class='ocr_line' id='line_1_15' title="bbox 184 1502 1149 1589; baseline 0 -22"><span class='ocrx_word' id='word_1_96' title='bbox 184 1502 354 1569; x_wconf 85' lang='lat' dir='ltr'>clamorem</span> <span class='ocrx_word' id='word_1_97' title='bbox 388 1503 577 1569; x_wconf 87' lang='lat' dir='ltr'>exaudiunt:</span> <span class='ocrx_word' id='word_1_98' title='bbox 614 1511 823 1589; x_wconf 87' lang='lat' dir='ltr'>praecurrunt</span> <span class='ocrx_word' id='word_1_99' title='bbox 853 1503 992 1589; x_wconf 79' lang='lat' dir='ltr'>equites3</span> <span class='ocrx_word' id='word_1_100' title='bbox 1026 1511 1149 1589; x_wconf 86' lang='lat' dir='ltr'>quanto</span> 
     </span>
     <span class='ocr_line' id='line_1_16' title="bbox 185 1586 1146 1676; baseline -0.002 -22"><span class='ocrx_word' id='word_1_101' title='bbox 185 1612 236 1654; x_wconf 91' lang='lat' dir='ltr'>res</span> <span class='ocrx_word' id='word_1_102' title='bbox 260 1592 300 1654; x_wconf 91' lang='lat' dir='ltr'>sit</span> <span class='ocrx_word' id='word_1_103' title='bbox 321 1591 355 1654; x_wconf 93' lang='lat' dir='ltr'>in</span> <span class='ocrx_word' id='word_1_104' title='bbox 376 1588 518 1676; x_wconf 88' lang='lat' dir='ltr'>periculo</span> <span class='ocrx_word' id='word_1_105' title='bbox 541 1598 744 1674; x_wconf 84' lang='lat' dir='ltr'>cognoscunt.</span> <span class='ocrx_word' id='word_1_106' title='bbox 785 1587 848 1652; x_wconf 91' lang='lat' dir='ltr'>Hic</span> <span class='ocrx_word' id='word_1_107' title='bbox 869 1609 946 1652; x_wconf 81' lang='lat' dir='ltr'>vero</span> <span class='ocrx_word' id='word_1_108' title='bbox 967 1586 1056 1652; x_wconf 89' lang='lat' dir='ltr'>nulla</span> <span class='ocrx_word' id='word_1_109' title='bbox 1077 1610 1146 1652; x_wconf 92' lang='lat' dir='ltr'>mu·</span> 
     </span>
     <span class='ocr_line' id='line_1_17' title="bbox 184 1674 1146 1762; baseline -0.003 -22"><span class='ocrx_word' id='word_1_110' title='bbox 184 1678 262 1740; x_wconf 89' lang='lat' dir='ltr'>nitio</span> <span class='ocrx_word' id='word_1_111' title='bbox 285 1686 341 1757; x_wconf 89' lang='lat' dir='ltr'>est,</span> <span class='ocrx_word' id='word_1_112' title='bbox 366 1697 446 1762; x_wconf 88' lang='lat' dir='ltr'>quae</span> <span class='ocrx_word' id='word_1_113' title='bbox 467 1677 651 1761; x_wconf 89' lang='lat' dir='ltr'>perterritos</span> <span class='ocrx_word' id='word_1_114' title='bbox 673 1675 822 1760; x_wconf 88' lang='lat' dir='ltr'>recipiat:</span> <span class='ocrx_word' id='word_1_115' title='bbox 856 1674 951 1740; x_wconf 88' lang='lat' dir='ltr'>modo</span> <span class='ocrx_word' id='word_1_116' title='bbox 974 1674 1146 1759; x_wconf 86' lang='lat' dir='ltr'>conscripti</span> 
     </span>
     <span class='ocr_line' id='line_1_18' title="bbox 185 1758 1147 1848; baseline -0.002 -23"><span class='ocrx_word' id='word_1_117' title='bbox 185 1771 280 1848; x_wconf 85' lang='lat' dir='ltr'>atque</span> <span class='ocrx_word' id='word_1_118' title='bbox 302 1783 377 1825; x_wconf 92' lang='lat' dir='ltr'>usus</span> <span class='ocrx_word' id='word_1_119' title='bbox 399 1760 542 1825; x_wconf 83' lang='lat' dir='ltr'>militaris</span> <span class='ocrx_word' id='word_1_120' title='bbox 575 1760 713 1845; x_wconf 88' lang='lat' dir='ltr'>imperiti</span> <span class='ocrx_word' id='word_1_121' title='bbox 746 1759 788 1824; x_wconf 92' lang='lat' dir='ltr'>ad</span> <span class='ocrx_word' id='word_1_122' title='bbox 815 1758 978 1824; x_wconf 89' lang='lat' dir='ltr'>tribunum</span> <span class='ocrx_word' id='word_1_123' title='bbox 1009 1759 1147 1823; x_wconf 90' lang='lat' dir='ltr'>militum</span> 
     </span>
     <span class='ocr_line' id='line_1_19' title="bbox 185 1844 1147 1933; baseline -0.002 -21"><span class='ocrx_word' id='word_1_124' title='bbox 185 1848 448 1933; x_wconf 81' lang='lat' dir='ltr'>centurionesque</span> <span class='ocrx_word' id='word_1_125' title='bbox 476 1867 532 1910; x_wconf 90' lang='lat' dir='ltr'>ora</span> <span class='ocrx_word' id='word_1_126' title='bbox 554 1855 757 1928; x_wconf 81' lang='lat' dir='ltr'>convertunt3</span> <span class='ocrx_word' id='word_1_127' title='bbox 788 1845 863 1931; x_wconf 90' lang='lat' dir='ltr'>quid</span> <span class='ocrx_word' id='word_1_128' title='bbox 891 1844 931 1909; x_wconf 89' lang='lat' dir='ltr'>ab</span> <span class='ocrx_word' id='word_1_129' title='bbox 952 1844 1002 1909; x_wconf 92' lang='lat' dir='ltr'>his</span> <span class='ocrx_word' id='word_1_130' title='bbox 1024 1845 1147 1932; x_wconf 88' lang='lat' dir='ltr'>praeci-</span> 
     </span>
     <span class='ocr_line' id='line_1_20' title="bbox 184 1930 1146 2019; baseline -0.002 -23"><span class='ocrx_word' id='word_1_131' title='bbox 184 1934 302 2019; x_wconf 79' lang='lat' dir='ltr'>piatur,</span> <span class='ocrx_word' id='word_1_132' title='bbox 326 1939 521 2016; x_wconf 85' lang='lat' dir='ltr'>exspectant.</span> <span class='ocrx_word' id='word_1_133' title='bbox 564 1931 666 1996; x_wconf 88' lang='lat' dir='ltr'>Nemo</span> <span class='ocrx_word' id='word_1_134' title='bbox 695 1941 743 1996; x_wconf 90' lang='lat' dir='ltr'>est</span> <span class='ocrx_word' id='word_1_135' title='bbox 771 1941 836 1996; x_wconf 90' lang='lat' dir='ltr'>tam</span> <span class='ocrx_word' id='word_1_136' title='bbox 864 1930 969 2012; x_wconf 83' lang='lat' dir='ltr'>fortis,</span> <span class='ocrx_word' id='word_1_137' title='bbox 1000 1933 1077 2017; x_wconf 90' lang='lat' dir='ltr'>quin</span> <span class='ocrx_word' id='word_1_138' title='bbox 1098 1931 1146 1994; x_wconf 89' lang='lat' dir='ltr'>rei</span> 
     </span>
     <span class='ocr_line' id='line_1_21' title="bbox 184 2016 1146 2103; baseline -0.005 -20"><span class='ocrx_word' id='word_1_139' title='bbox 184 2019 323 2083; x_wconf 83' lang='lat' dir='ltr'>novitate</span> <span class='ocrx_word' id='word_1_140' title='bbox 345 2016 555 2103; x_wconf 89' lang='lat' dir='ltr'>perturbetur.</span> <span class='ocrx_word' id='word_1_141' title='bbox 600 2017 735 2081; x_wconf 87' lang='lat' dir='ltr'>Barbari</span> <span class='ocrx_word' id='word_1_142' title='bbox 764 2019 856 2102; x_wconf 81' lang='lat' dir='ltr'>signa</span> <span class='ocrx_word' id='word_1_143' title='bbox 883 2016 995 2102; x_wconf 92' lang='lat' dir='ltr'>procul</span> <span class='ocrx_word' id='word_1_144' title='bbox 1022 2017 1146 2101; x_wconf 91' lang='lat' dir='ltr'>conspi-</span> 
     </span>
     <span class='ocr_line' id='line_1_22' title="bbox 186 2101 1146 2188; baseline -0.005 -20"><span class='ocrx_word' id='word_1_145' title='bbox 186 2105 248 2168; x_wconf 85' lang='lat' dir='ltr'>cati</span> <span class='ocrx_word' id='word_1_146' title='bbox 271 2103 503 2187; x_wconf 86' lang='lat' dir='ltr'>oppugnatione</span> <span class='ocrx_word' id='word_1_147' title='bbox 526 2102 700 2167; x_wconf 91' lang='lat' dir='ltr'>desistunt:</span> <span class='ocrx_word' id='word_1_148' title='bbox 734 2103 855 2167; x_wconf 85' lang='lat' dir='ltr'>redisse</span> <span class='ocrx_word' id='word_1_149' title='bbox 877 2104 978 2188; x_wconf 90' lang='lat' dir='ltr'>primo</span> <span class='ocrx_word' id='word_1_150' title='bbox 1000 2101 1146 2186; x_wconf 82' lang='lat' dir='ltr'>legiones</span> 
     </span>
     <span class='ocr_line' id='line_1_23' title="bbox 185 2187 1145 2273; baseline -0.002 -20"><span class='ocrx_word' id='word_1_151' title='bbox 185 2188 327 2270; x_wconf 88' lang='lat' dir='ltr'>credunt,</span> <span class='ocrx_word' id='word_1_152' title='bbox 351 2209 429 2273; x_wconf 85' lang='lat' dir='ltr'>ques</span> <span class='ocrx_word' id='word_1_153' title='bbox 451 2187 577 2272; x_wconf 85' lang='lat' dir='ltr'>longius</span> <span class='ocrx_word' id='word_1_154' title='bbox 600 2188 784 2254; x_wconf 86' lang='lat' dir='ltr'>discessisse</span> <span class='ocrx_word' id='word_1_155' title='bbox 813 2210 854 2252; x_wconf 86' lang='lat' dir='ltr'>ex</span> <span class='ocrx_word' id='word_1_156' title='bbox 875 2187 1008 2272; x_wconf 82' lang='lat' dir='ltr'>captivis</span> <span class='ocrx_word' id='word_1_157' title='bbox 1030 2207 1145 2270; x_wconf 83' lang='lat' dir='ltr'>cogno·</span> 
     </span>
     <span class='ocr_line' id='line_1_24' title="bbox 184 2271 1146 2360; baseline -0.004 -23"><span class='ocrx_word' id='word_1_158' title='bbox 184 2283 310 2354; x_wconf 82' lang='lat' dir='ltr'>verant3</span> <span class='ocrx_word' id='word_1_159' title='bbox 343 2285 455 2359; x_wconf 91' lang='lat' dir='ltr'>postea</span> <span class='ocrx_word' id='word_1_160' title='bbox 481 2274 631 2360; x_wconf 80' lang='lat' dir='ltr'>despecta</span> <span class='ocrx_word' id='word_1_161' title='bbox 662 2275 820 2360; x_wconf 83' lang='lat' dir='ltr'>paucitate</span> <span class='ocrx_word' id='word_1_162' title='bbox 844 2295 885 2336; x_wconf 85' lang='lat' dir='ltr'>ex</span> <span class='ocrx_word' id='word_1_163' title='bbox 906 2271 1052 2337; x_wconf 90' lang='lat' dir='ltr'>omnibus</span> <span class='ocrx_word' id='word_1_164' title='bbox 1073 2291 1146 2357; x_wconf 89' lang='lat' dir='ltr'>par-</span> 
     </span>
     <span class='ocr_line' id='line_1_25' title="bbox 184 2357 591 2424; baseline -0.002 0"><span class='ocrx_word' id='word_1_165' title='bbox 184 2358 269 2424; x_wconf 90' lang='lat' dir='ltr'>tibus</span> <span class='ocrx_word' id='word_1_166' title='bbox 291 2359 332 2421; x_wconf 91' lang='lat' dir='ltr'>im</span> <span class='ocrx_word' id='word_1_167' title='bbox 358 2369 442 2424; x_wconf 92' lang='lat' dir='ltr'>etum</span> <span class='ocrx_word' id='word_1_168' title='bbox 464 2357 591 2424; x_wconf 87' lang='lat' dir='ltr'>faciunt.</span> 
     </span>
    </p>

    <p class='ocr_par' dir='ltr' id='par_1_7' title="bbox 101 2381 1149 3361">
     <span class='ocr_line' id='line_1_26' title="bbox 212 2381 1144 2589; baseline -0.003 -82"><span class='ocrx_word' id='word_1_169' title='bbox 212 2449 215 2457; x_wconf 86' lang='lat'>&#39;</span> <span class='ocrx_word' id='word_1_170' title='bbox 248 2445 300 2507; x_wconf 89' lang='grc'>40.</span> <span class='ocrx_word' id='word_1_171' title='bbox 325 2381 462 2510; x_wconf 58' lang='lat' dir='ltr'>dolones</span> <span class='ocrx_word' id='word_1_172' title='bbox 490 2447 524 2509; x_wconf 87' lang='lat' dir='ltr'>in</span> <span class='ocrx_word' id='word_1_173' title='bbox 552 2447 731 2530; x_wconf 86' lang='lat' dir='ltr'>proximum</span> <span class='ocrx_word' id='word_1_174' title='bbox 756 2441 911 2506; x_wconf 89' lang='lat' dir='ltr'>tumulum</span> <span class='ocrx_word' id='word_1_175' title='bbox 943 2449 1144 2589; x_wconf 89' lang='lat' dir='ltr'>procurrunt.</span> 
     </span>
     <span class='ocr_line' id='line_1_27' title="bbox 101 2528 1146 2613; baseline -0.005 -18"><span class='ocrx_word' id='word_1_176' title='bbox 101 2537 107 2548; x_wconf 91' lang='lat'>&#39;</span> <span class='ocrx_word' id='word_1_177' title='bbox 185 2529 269 2594; x_wconf 92' lang='lat' dir='ltr'>Hinc</span> <span class='ocrx_word' id='word_1_178' title='bbox 291 2529 438 2596; x_wconf 84' lang='lat' dir='ltr'>celeriter</span> <span class='ocrx_word' id='word_1_179' title='bbox 459 2531 572 2594; x_wconf 90' lang='lat' dir='ltr'>deiecti</span> <span class='ocrx_word' id='word_1_180' title='bbox 595 2551 628 2592; x_wconf 89' lang='lat' dir='ltr'>se</span> <span class='ocrx_word' id='word_1_181' title='bbox 651 2531 684 2590; x_wconf 93' lang='lat' dir='ltr'>in</span> <span class='ocrx_word' id='word_1_182' title='bbox 706 2529 796 2612; x_wconf 82' lang='lat' dir='ltr'>signa</span> <span class='ocrx_word' id='word_1_183' title='bbox 816 2528 946 2613; x_wconf 86' lang='lat' dir='ltr'>manipu</span> <span class='ocrx_word' id='word_1_184' title='bbox 959 2548 1057 2612; x_wconf 89' lang='lat' dir='ltr'>osque</span> <span class='ocrx_word' id='word_1_185' title='bbox 1072 2548 1146 2590; x_wconf 92' lang='lat' dir='ltr'>con·</span> 
     </span>
     <span class='ocr_line' id='line_1_28' title="bbox 185 2611 1146 2701; baseline -0.004 -22"><span class='ocrx_word' id='word_1_186' title='bbox 185 2617 309 2679; x_wconf 88' lang='lat' dir='ltr'>iiciunt:</span> <span class='ocrx_word' id='word_1_187' title='bbox 347 2637 384 2682; x_wconf 90' lang='lat' dir='ltr'>eo</span> <span class='ocrx_word' id='word_1_188' title='bbox 411 2617 512 2701; x_wconf 83' lang='lat' dir='ltr'>magis</span> <span class='ocrx_word' id='word_1_189' title='bbox 541 2613 667 2678; x_wconf 90' lang='lat' dir='ltr'>timidos</span> <span class='ocrx_word' id='word_1_190' title='bbox 694 2623 870 2698; x_wconf 88' lang='lat' dir='ltr'>perterrent</span> <span class='ocrx_word' id='word_1_191' title='bbox 895 2612 1020 2676; x_wconf 90' lang='lat' dir='ltr'>milites.</span> <span class='ocrx_word' id='word_1_192' title='bbox 1069 2611 1146 2696; x_wconf 89' lang='lat' dir='ltr'>Alii,</span> 
     </span>
     <span class='ocr_line' id='line_1_29' title="bbox 188 2699 1146 2784; baseline -0.004 -18"><span class='ocrx_word' id='word_1_193' title='bbox 188 2723 286 2766; x_wconf 89' lang='lat' dir='ltr'>cuneo</span> <span class='ocrx_word' id='word_1_194' title='bbox 308 2699 390 2766; x_wconf 84' lang='lat' dir='ltr'>facto</span> <span class='ocrx_word' id='word_1_195' title='bbox 417 2710 452 2764; x_wconf 88' lang='lat' dir='ltr'>ut</span> <span class='ocrx_word' id='word_1_196' title='bbox 474 2699 619 2763; x_wconf 90' lang='lat' dir='ltr'>celeriter</span> <span class='ocrx_word' id='word_1_197' title='bbox 645 2709 862 2784; x_wconf 82' lang='lat' dir='ltr'>perrumpant,</span> <span class='ocrx_word' id='word_1_198' title='bbox 894 2706 1039 2781; x_wconf 90' lang='lat' dir='ltr'>censent,</span> <span class='ocrx_word' id='word_1_199' title='bbox 1070 2719 1146 2784; x_wconf 92' lang='lat' dir='ltr'>quo-</span> 
     </span>
     <span class='ocr_line' id='line_1_30' title="bbox 185 2783 1149 2871; baseline -0.002 -21"><span class='ocrx_word' id='word_1_200' title='bbox 185 2789 271 2850; x_wconf 89' lang='lat' dir='ltr'>niam</span> <span class='ocrx_word' id='word_1_201' title='bbox 300 2797 365 2851; x_wconf 85' lang='lat' dir='ltr'>tam</span> <span class='ocrx_word' id='word_1_202' title='bbox 386 2785 563 2871; x_wconf 89' lang='lat' dir='ltr'>propinqua</span> <span class='ocrx_word' id='word_1_203' title='bbox 592 2787 655 2847; x_wconf 91' lang='lat' dir='ltr'>sint</span> <span class='ocrx_word' id='word_1_204' title='bbox 677 2793 791 2866; x_wconf 86' lang='lat' dir='ltr'>castra,</span> <span class='ocrx_word' id='word_1_205' title='bbox 828 2794 860 2848; x_wconf 87' lang='lat' dir='ltr'>et</span> <span class='ocrx_word' id='word_1_206' title='bbox 886 2786 914 2850; x_wconf 89' lang='lat' dir='ltr'>si</span> <span class='ocrx_word' id='word_1_207' title='bbox 939 2805 1013 2870; x_wconf 88' lang='lat' dir='ltr'>pars</span> <span class='ocrx_word' id='word_1_208' title='bbox 1041 2783 1149 2870; x_wconf 84' lang='lat' dir='ltr'>aliqua</span> 
     </span>
     <span class='ocr_line' id='line_1_31' title="bbox 186 2868 1146 2956; baseline -0.004 -20"><span class='ocrx_word' id='word_1_209' title='bbox 186 2873 402 2938; x_wconf 83' lang='lat' dir='ltr'>circumventa</span> <span class='ocrx_word' id='word_1_210' title='bbox 424 2869 583 2951; x_wconf 88' lang='lat' dir='ltr'>ceciderit,</span> <span class='ocrx_word' id='word_1_211' title='bbox 608 2880 640 2933; x_wconf 88' lang='lat' dir='ltr'>at</span> <span class='ocrx_word' id='word_1_212' title='bbox 660 2868 800 2956; x_wconf 88' lang='lat' dir='ltr'>reliquos</span> <span class='ocrx_word' id='word_1_213' title='bbox 824 2871 944 2934; x_wconf 85' lang='lat' dir='ltr'>servari</span> <span class='ocrx_word' id='word_1_214' title='bbox 963 2889 1058 2955; x_wconf 89' lang='lat' dir='ltr'>posse</span> <span class='ocrx_word' id='word_1_215' title='bbox 1074 2891 1146 2933; x_wconf 91' lang='lat' dir='ltr'>con-</span> 
     </span>
     <span class='ocr_line' id='line_1_32' title="bbox 185 2955 1147 3042; baseline -0.001 -22"><span class='ocrx_word' id='word_1_216' title='bbox 185 2957 307 3041; x_wconf 82' lang='lat' dir='ltr'>fidunt3</span> <span class='ocrx_word' id='word_1_217' title='bbox 345 2955 415 3037; x_wconf 85' lang='lat' dir='ltr'>alii,</span> <span class='ocrx_word' id='word_1_218' title='bbox 452 2964 488 3019; x_wconf 91' lang='lat' dir='ltr'>ut</span> <span class='ocrx_word' id='word_1_219' title='bbox 519 2956 553 3018; x_wconf 91' lang='lat' dir='ltr'>in</span> <span class='ocrx_word' id='word_1_220' title='bbox 579 2956 654 3020; x_wconf 92' lang='lat' dir='ltr'>iuo</span> <span class='ocrx_word' id='word_1_221' title='bbox 687 2957 860 3020; x_wconf 89' lang='lat' dir='ltr'>consistant</span> <span class='ocrx_word' id='word_1_222' title='bbox 889 2964 982 3042; x_wconf 90' lang='lat' dir='ltr'>atque</span> <span class='ocrx_word' id='word_1_223' title='bbox 1010 2955 1147 3019; x_wconf 90' lang='lat' dir='ltr'>eundem</span> 
     </span>
     <span class='ocr_line' id='line_1_33' title="bbox 186 2979 1146 3126; baseline -0.005 -18"><span class='ocrx_word' id='word_1_224' title='bbox 186 3063 296 3108; x_wconf 89' lang='lat' dir='ltr'>omues</span> <span class='ocrx_word' id='word_1_225' title='bbox 317 3043 419 3106; x_wconf 85' lang='lat' dir='ltr'>ferant</span> <span class='ocrx_word' id='word_1_226' title='bbox 441 3063 558 3105; x_wconf 80' lang='lat' dir='ltr'>cesum.</span> <span class='ocrx_word' id='word_1_227' title='bbox 603 2979 674 3106; x_wconf 66' lang='lat' dir='ltr'>lios</span> <span class='ocrx_word' id='word_1_228' title='bbox 695 3050 821 3105; x_wconf 86' lang='lat' dir='ltr'>veteres</span> <span class='ocrx_word' id='word_1_229' title='bbox 846 3063 910 3105; x_wconf 88' lang='lat' dir='ltr'>non</span> <span class='ocrx_word' id='word_1_230' title='bbox 931 3040 1069 3126; x_wconf 89' lang='lat' dir='ltr'>probant</span> <span class='ocrx_word' id='word_1_231' title='bbox 1089 3041 1146 3103; x_wconf 92' lang='lat' dir='ltr'>mi-</span> 
     </span>
     <span class='ocr_line' id='line_1_34' title="bbox 187 3125 1146 3215; baseline -0.003 -24"><span class='ocrx_word' id='word_1_232' title='bbox 187 3127 268 3211; x_wconf 85' lang='lat' dir='ltr'>lites,</span> <span class='ocrx_word' id='word_1_233' title='bbox 294 3149 372 3215; x_wconf 94' lang='lat' dir='ltr'>quos</span> <span class='ocrx_word' id='word_1_234' title='bbox 396 3125 454 3190; x_wconf 88' lang='lat' dir='ltr'>sub</span> <span class='ocrx_word' id='word_1_235' title='bbox 477 3125 596 3190; x_wconf 89' lang='lat' dir='ltr'>vexillo</span> <span class='ocrx_word' id='word_1_236' title='bbox 618 3148 683 3189; x_wconf 87' lang='lat' dir='ltr'>una</span> <span class='ocrx_word' id='word_1_237' title='bbox 703 3126 861 3212; x_wconf 83' lang='lat' dir='ltr'>profectos</span> <span class='ocrx_word' id='word_1_238' title='bbox 885 3126 1058 3192; x_wconf 89' lang='lat' dir='ltr'>docuimus.</span> <span class='ocrx_word' id='word_1_239' title='bbox 1083 3125 1146 3188; x_wconf 88' lang='lat' dir='ltr'>Ita·</span> 
     </span>
     <span class='ocr_line' id='line_1_35' title="bbox 186 3211 1147 3361; baseline -0.001 -85"><span class='ocrx_word' id='word_1_240' title='bbox 186 3235 249 3361; x_wconf 65' lang='lat' dir='ltr'>que</span> <span class='ocrx_word' id='word_1_241' title='bbox 275 3214 358 3278; x_wconf 89' lang='lat' dir='ltr'>inter</span> <span class='ocrx_word' id='word_1_242' title='bbox 385 3235 420 3277; x_wconf 87' lang='lat' dir='ltr'>se</span> <span class='ocrx_word' id='word_1_243' title='bbox 443 3211 596 3277; x_wconf 87' lang='lat' dir='ltr'>cohortati</span> <span class='ocrx_word' id='word_1_244' title='bbox 628 3211 708 3277; x_wconf 92' lang='lat' dir='ltr'>duce</span> <span class='ocrx_word' id='word_1_245' title='bbox 736 3211 817 3276; x_wconf 79' lang='lat' dir='ltr'>Gaio</span> <span class='ocrx_word' id='word_1_246' title='bbox 846 3211 1016 3292; x_wconf 82' lang='lat' dir='ltr'>Trebonio,</span> <span class='ocrx_word' id='word_1_247' title='bbox 1040 3212 1147 3298; x_wconf 86' lang='lat' dir='ltr'>equite</span> 
     </span>
    </p>
   </div>
   <div class='ocr_carea' id='block_1_6' title="bbox 216 3296 1267 3383">
    <p class='ocr_par' dir='ltr' id='par_1_8' title="bbox 216 3296 1267 3383">
     <span class='ocr_line' id='line_1_36' title="bbox 216 3296 1267 3383; baseline 0.002 -21"><span class='ocrx_word' id='word_1_248' title='bbox 216 3321 337 3380; x_wconf 89' lang='lat' dir='ltr'>omano,</span> <span class='ocrx_word' id='word_1_249' title='bbox 361 3298 415 3383; x_wconf 92' lang='lat' dir='ltr'>qui</span> <span class='ocrx_word' id='word_1_250' title='bbox 438 3298 482 3361; x_wconf 90' lang='lat' dir='ltr'>eis</span> <span class='ocrx_word' id='word_1_251' title='bbox 506 3307 573 3362; x_wconf 90' lang='lat' dir='ltr'>erat</span> <span class='ocrx_word' id='word_1_252' title='bbox 593 3298 802 3382; x_wconf 88' lang='lat' dir='ltr'>praepositus,</span> <span class='ocrx_word' id='word_1_253' title='bbox 824 3319 882 3382; x_wconf 91' lang='lat' dir='ltr'>per</span> <span class='ocrx_word' id='word_1_254' title='bbox 902 3297 1023 3363; x_wconf 92' lang='lat' dir='ltr'>medios</span> <span class='ocrx_word' id='word_1_255' title='bbox 1038 3296 1147 3361; x_wconf 88' lang='lat' dir='ltr'>hostes</span> <span class='ocrx_word' id='word_1_256' title='bbox 1266 3315 1267 3364; x_wconf 72' lang='lat' dir='ltr'>l</span> 
     </span>
    </p>
   </div>
   <div class='ocr_carea' id='block_1_7' title="bbox 185 3381 1147 3555">
    <p class='ocr_par' dir='ltr' id='par_1_9' title="bbox 185 3381 1147 3555">
     <span class='ocr_line' id='line_1_37' title="bbox 185 3381 1147 3469; baseline 0 -23"><span class='ocrx_word' id='word_1_257' title='bbox 185 3392 395 3468; x_wconf 87' lang='lat' dir='ltr'>perrumpunt</span> <span class='ocrx_word' id='word_1_258' title='bbox 413 3382 651 3469; x_wconf 86' lang='lat' dir='ltr'>incolumesque</span> <span class='ocrx_word' id='word_1_259' title='bbox 674 3381 715 3446; x_wconf 85' lang='lat' dir='ltr'>ad</span> <span class='ocrx_word' id='word_1_260' title='bbox 736 3403 835 3446; x_wconf 91' lang='lat' dir='ltr'>unum</span> <span class='ocrx_word' id='word_1_261' title='bbox 857 3405 966 3447; x_wconf 87' lang='lat' dir='ltr'>omnes</span> <span class='ocrx_word' id='word_1_262' title='bbox 988 3384 1021 3446; x_wconf 89' lang='lat' dir='ltr'>in</span> <span class='ocrx_word' id='word_1_263' title='bbox 1042 3390 1147 3446; x_wconf 85' lang='lat' dir='ltr'>castra</span> 
     </span>
     <span class='ocr_line' id='line_1_38' title="bbox 187 3467 1147 3555; baseline 0 -23"><span class='ocrx_word' id='word_1_264' title='bbox 187 3469 386 3551; x_wconf 88' lang='lat' dir='ltr'>perveniunt.</span> <span class='ocrx_word' id='word_1_265' title='bbox 430 3467 499 3534; x_wconf 91' lang='lat' dir='ltr'>Hos</span> <span class='ocrx_word' id='word_1_266' title='bbox 532 3467 693 3532; x_wconf 91' lang='lat' dir='ltr'>subsecuti</span> <span class='ocrx_word' id='word_1_267' title='bbox 725 3467 852 3534; x_wconf 85' lang='lat' dir='ltr'>calones</span> <span class='ocrx_word' id='word_1_268' title='bbox 882 3469 1065 3555; x_wconf 87' lang='lat' dir='ltr'>equitesque</span> <span class='ocrx_word' id='word_1_269' title='bbox 1094 3488 1147 3532; x_wconf 91' lang='lat' dir='ltr'>eo·</span> 
     </span>
    </p>
   </div>
   <div class='ocr_carea' id='block_1_8' title="bbox 1263 3707 1267 3832">
    <p class='ocr_par' dir='ltr' id='par_1_10' title="bbox 1263 3707 1267 3832">
     <span class='ocr_line' id='line_1_39' title="bbox 1263 3707 1267 3832; baseline 0 0"><span class='ocrx_word' id='word_1_270' title='bbox 1263 3707 1267 3832; x_wconf 86' lang='lat' dir='ltr'>l</span> 
     </span>
    </p>
   </div>
   <div class='ocr_carea' id='block_1_9' title="bbox 0 0 1291 3966">
    <p class='ocr_par' dir='ltr' id='par_1_11' title="bbox 0 0 1291 3966">
     <span class='ocr_line' id='line_1_40' title="bbox 0 0 1291 3966; baseline 0 0"><span class='ocrx_word' id='word_1_271' title='bbox 0 0 1291 3966; x_wconf 95' lang='lat' dir='ltr'> </span> 
     </span>
    </p>
   </div>
  </div>
 </body>
</html>
