2562 3970
197 256 367 326 LXXXVI
547 259 802 325 PRAEFATIO.

187 438 325 515 ,praeter
350 429 451 494 Paris.
481 443 561 511 see,
591 453 632 494 ex
659 452 719 516 quo
747 429 786 494 N.
816 424 914 495 edidit
944 454 1044 496 secum
1072 453 1152 512 par·

199 521 298 579 aulum
320 523 499 595 asportavit.
514 553 556 565 -—
573 514 727 601 Corrupta
749 526 835 598 eunt,
865 538 946 602 quae
968 516 1150 602 excipiente

199 621 301 678 repam
329 607 465 681 Bospara
502 600 734 686 (Mithridaten)
765 609 933 678 constituit,
964 609 1065 681 quad
1092 609 1152 667 sub

200 692 326 766 imperia
342 691 516 751 Pharnacis
529 693 649 766 [aaran
665 709 760 771 quum
776 687 1002 752 surrexissem:
1020 694 1153 766 quoad

189 777 258 836 sud
280 777 404 920 irapdeiria
420 786 497 854 cela,
514 771 624 836 eadem
640 771 857 838 emendatione
870 771 1041 838 Oehlerum
1056 794 1152 836 usum

202 877 272 919 esse
293 879 325 920 vs
361 902 369 920 .

596 949 745 958 a-——u—

191 993 194 1000 i
268 985 390 1091 BELL.
406 1028 502 1093 AFR„
525 1051 552 1094 c.
571 1032 759 1118 irescripsi
781 1030 864 1116 quod
880 1052 922 1094 ex
937 1029 1005 1094 cod.
1020 1028 1150 1094 Nanvie.

204 1113 512 1199 anleNipperdeium
523 1117 728 1202 vulgabatur:
741 1123 830 1196 lpse
839 1137 863 1195 p
872 1137 974 1179 arura
986 1136 1151 1180 commora-

203 1211 252 1262 ius
264 1220 288 1262 c.
303 1220 328 1276 q.
342 1221 369 1262 s.
372 1225 385 1272 ;
397 1203 504 1264 notavi
515 1210 619 1267 tamen
628 1205 660 1266 in
672 1205 712 1266 iis
725 1223 804 1303 quae
816 1199 1005 1265 antecedunt
1016 1208 1087 1285 post
1099 1204 1151 1263 Li·

205 1290 311 1362 lqbaea
319 1281 474 1348 lacunam.
482 1286 682 1368 -ssNnratur
691 1285 818 1367 demde,
827 1284 996 1350 Caesarem
1003 1307 1073 1348 cum
1085 1283 1154 1348 lon-

205 1369 254 1454 gis
266 1369 374 1453 paucis
386 1369 520 1434 navibus
532 1374 564 1435 in
576 1389 779 1460 conspectum
788 1372 911 1435 Africae
922 1372 1057 1451 venisse,
1069 1392 1154 1434 aara-

206 1475 263 1532 quc
285 1463 446 1519 onerariae
468 1465 603 1536 reliquae
619 1472 745 1539 praeter
763 1479 882 1537 paucas
898 1470 982 1521 venta
996 1463 1156 1533 dispersae

205 1552 296 1617 alque
318 1547 511 1606 errabundae
532 1550 653 1609 diversa
675 1551 743 1608 loca
772 1549 931 1623 petierant.
966 1539 1069 1605 Scribi
1098 1561 1154 1604 ne·

206 1643 294 1688 cesse
317 1645 387 1688 esse
410 1632 618 1707 reliquaeque
645 1627 833 1715 Niperdeius
863 1625 1032 1708 contendit,
1056 1645 1154 1710 quum

207 1729 247 1772 ex
269 1707 423 1774 librorum
445 1714 599 1798 scriptura
621 1726 730 1799 putare
757 1735 883 1798 posses,
914 1712 1024 1859 longas
1053 1731 1154 1774 naves

207 1815 315 1858 omnes
338 1817 409 1859 cum
432 1796 570 1863 Caesare
592 1799 698 1863 fuisse.
732 1799 775 1861 At
796 1820 890 1884 quum
906 1799 966 1861 scri
989 1797 1051 1859 itur
1073 1817 1155 1859 aam-

209 1901 265 1958 qae
292 1889 453 1945 onerariae
477 1892 729 1964 reliquaeque
750 1896 876 1965 praeter
886 1904 1016 1964 paucas,
1038 1918 1081 1928 -
1102 1904 1154 1944 re·

208 1973 308 2044 liquae
323 1965 407 2030 haud
422 1966 516 2032 dubie
532 1976 640 2048 laaqae
654 1993 746 2033 naues
762 1969 921 2050 dicuntin3
938 1990 979 2032 ex
994 1968 1033 2030 iis
1048 1975 1156 2030 autem

208 2073 271 2114 nen
292 2051 354 2113 nisi
370 2073 491 2131 paucas
513 2076 584 2118 cum
600 2055 737 2119 Caesare
758 2055 863 2135 fuisse,
885 2053 977 2117 modo
992 2049 1156 2114 narratum

209 2143 265 2198 est.
300 2134 364 2199 Cur
385 2138 480 2222 igilur
501 2139 603 2204 denuo
624 2140 658 2203 id
679 2139 811 2205 lectores
833 2143 1053 2202 monerentur?
1076 2145 1107 2200 et
1127 2139 1156 2200 si

204 2220 356 2284 'monendi
379 2234 476 2305 erant,
495 2247 554 2288 -cur
580 2249 643 2290 non
671 2225 776 2289 addito
805 2225 989 2309 pronomine
1018 2229 1088 2285 illas
1115 2221 1157 2284 ad

205 2327 324 2385 paucas
347 2305 554 2392 (reliquaeque
565 2325 690 2392 praeter
700 2332 821 2392 paucas
844 2309 926 2372 illasl
947 2307 1157 2393 significatum

211 2401 274 2471 est,
304 2391 406 2456 denuo
437 2395 562 2460 easdem
592 2397 654 2458 dici
675 2417 772 2458 naves
801 2415 882 2479 quae
903 2394 996 2457 moda
1020 2413 1155 2455 comme·

210 2485 298 2540 ratae
321 2477 405 2541 sint?
427 2479 552 2544 Deinde
574 2490 683 2544 contra
711 2476 934 2562 Nipperdeium
965 2476 1158 2542 monendum

212 2570 284 2643 est,
317 2562 431 2627 verba:
467 2587 594 2643 namque
621 2572 780 2629 onerariae
811 2571 1001 2642 reliquaeque
1030 2575 1158 2643 praeter

206 2668 328 2728 paucus
350 2671 375 2712 e.
400 2671 426 2726 q.
449 2672 474 2712 s.
498 2650 561 2712 iam
582 2651 626 2712 ita
648 2650 731 2713 dicta
759 2670 845 2729 esse,
876 2648 965 2733 quasi
995 2649 1158 2712 onerariae

210 2753 308 2796 naves
324 2755 432 2798 omnes
447 2733 696 2816 deerravissent3
712 2733 769 2797 sed
783 2755 878 2818 quum
889 2733 992 2818 eapite
1007 2741 1158 2816 aequente

213 2816 344 2882 Caesari
367 2817 421 2880 CL
444 2821 564 2904 equites
586 2820 682 2884 fuisse
704 2818 887 2899 doceamur,
910 2820 1030 2903 equites
1052 2828 1159 2882 autem

212 2903 365 2966 onerariis
388 2903 521 2966 navibus
543 2914 650 2968 vectos
671 2905 768 2968 fuisse
787 2904 875 2966 initio
898 2925 924 2966 e.
947 2904 967 2966 2
990 2903 1157 2988 aperiatur²

212 2989 390 3051 necessarie
413 2989 610 3054 statuendum
633 2999 695 3071 est,
726 2987 896 3053 Caesarem
925 2989 1019 3052 etiam
1040 3008 1158 3072 paucas

215 3095 256 3138 ex
278 3075 427 3138 onerariis
454 3075 586 3138 navibus
615 3097 721 3138 secum
750 3073 908 3138 habuisse.
948 3073 1013 3137 Eae
1041 3072 1159 3157 signifi·

214 3168 325 3222 eantur
354 3161 488 3223 servatis
517 3161 659 3225 codicum
688 3160 810 3224 verbis:
839 3180 964 3236 auraque
996 3166 1159 3222 onerariae

214 3250 349 3322 reliquae
366 3259 492 3326 praeter
503 3269 624 3326 paucas
646 3279 689 3292 -
710 3243 824 3330 quibua
845 3244 928 3307 vecti
950 3252 1023 3324 sunl
1036 3242 1082 3306 illi
1102 3239 1159 3306 CL

216 3330 399 3413 equites-
429 3345 515 3396 acala
547 3339 703 3411 dispersae
726 3343 806 3411 ceila
836 3337 1026 3414 quapropter
1047 3326 1156 3410 verba,

216 3436 297 3497 quae
319 3417 418 3499 posui,
441 3419 578 3501 genuina
600 3437 670 3480 esse
691 3415 812 3495 iudi003
842 3436 880 3477 ea
902 3413 943 3476 ad
969 3435 1037 3477 rem
1060 3412 1159 3498 expli-

217 3497 349 3564 candam
371 3503 607 3570 accuratissima
628 3523 707 3581 esse,
729 3523 794 3565 non
815 3501 858 3562 ita
880 3498 1020 3565 dixerim.
