2538 3978
474 253 617 319 CAPUT
641 253 775 318 Iba-¹17.
1044 253 1104 318 149

145 425 251 490 locum
273 425 453 510 spectaculo
477 434 604 510 caperet
625 422 836 510 precibusque
858 434 890 488 et
910 424 992 488 votis
1008 425 1102 490 victo

144 511 223 574 riam
246 513 311 574 suis
335 510 375 574 ab
398 510 457 575 diis
479 509 709 574 immortalibus
732 518 928 594 exposceret.

210 596 259 658 16.
282 595 413 662 Minime
449 605 555 660 autem
590 617 649 679 par
685 602 752 661 erat
786 593 901 680 proelii
936 603 1105 658 certamen.

143 681 268 747 Nostris
290 681 374 744 enim
399 703 503 766 neque
531 689 619 744 terra
646 701 751 764 neque
778 682 859 744 mari
882 679 1031 762 effugium
1053 681 1105 744 da-

143 765 237 830 batur
268 767 369 848 victis,
403 767 570 851 omniaque
603 763 777 829 victoribus
811 773 901 830 erant
932 765 1037 830 firtura
1071 767 1105 830 in

140 850 279 916 incerto:
302 850 357 932 illi,
382 852 409 914 si
431 860 634 936 superassent
648 849 793 930 navibus,
818 851 924 916 omnia
944 861 1104 934 tenerent3

144 937 171 1000 si
192 936 358 1000 inferiores
380 937 522 1016 fuissent,
545 934 701 1020 reliquam
724 943 829 1000 tamen
852 935 1009 1000 fortunam
1022 938 1106 1021 peri·

142 1020 336 1085 clitarentur.
359 1021 459 1088 Simul
482 1021 559 1085 illud
583 1043 682 1106 grave
704 1041 742 1084 ac
756 1022 908 1086 miserum
929 1021 1104 1104 videbatur,

165 1129 318 1192 erpauoos
346 1107 385 1172 de
414 1129 537 1172 summa
561 1128 668 1172 rerum
697 1125 735 1170 ac
764 1105 802 1170 de
833 1106 934 1170 salute
967 1108 1106 1170 omniurn

142 1129 321 1273 decertare3
345 1214 478 1277 quorum
500 1195 528 1256 si
550 1195 604 1278 qui
627 1201 680 1256 aut
695 1193 801 1258 animo
823 1201 877 1256 aut
897 1193 1015 1256 virtute
1038 1214 1103 1256 cess

143 1279 246 1360 sisset,
270 1277 329 1340 reli
351 1279 400 1342 uis
424 1279 516 1342 etiam
540 1287 624 1342 esset
643 1276 830 1357 cadendum,
855 1276 969 1363 quibus
991 1298 1047 1361 pro
1071 1299 1105 1342 se

141 1385 185 1447 pu
207 1362 304 1428 nandi
331 1301 471 1427 lacultas
507 1385 571 1426 non
606 1363 726 1427 luisset.
763 1362 854 1426 Haec
890 1362 1104 1448 superioribus

142 1385 255 1512 diebus
277 1470 504 1534 saepenumero
528 1447 647 1512 Caesar
676 1448 740 1512 suis
768 1457 967 1532 exposuerat,
989 1457 1024 1512 ut
1045 1448 1106 1514 hoc

142 1533 261 1596 maiore
290 1536 394 1598 animo
423 1535 658 1614 contenderent,
690 1533 774 1618 quod
804 1536 941 1598 omnium
971 1533 1105 1598 salutem

142 1617 205 1681 sibi
233 1619 483 1684 commendatam
511 1619 665 1683 viderent.
695 1617 817 1684 Eadem
851 1641 941 1682 suum
971 1618 1104 1704 quisque

141 1703 411 1786 contubernalem,
434 1706 578 1786 amicum,
606 1713 716 1768 notum
743 1725 938 1791 prosequens
961 1712 1028 1767 erat
1050 1703 1103 1767 ob·

141 1797 284 1868 testatus,
305 1812 347 1853 ne
370 1811 459 1854 suam
482 1801 576 1876 atque
606 1791 746 1854 omnium
767 1789 891 1854 falleret
913 1790 1102 1872 opinionem,

164 1894 274 1937 uorum
300 1875 415 1939 iudicio
446 1875 586 1940 delectus
610 1874 651 1937 ad
679 1897 819 1960 pugnarn
841 1873 1101 1960 proficisceretur.

142 1895 252 2043 ltaque
274 1957 335 2022 hoc
357 1962 461 2025 animo
482 1971 530 2026 est
551 1961 754 2042 decertatum,
770 1972 804 2022 ut
818 1982 921 2044 neque
936 1960 1101 2023 maritimis

142 2044 338 2129 nauticisque
353 2045 480 2110 solertia
495 2055 588 2131 atque
604 2067 656 2108 ars
672 2046 865 2130 praesidium
876 2045 981 2126 ferret,
997 2066 1102 2129 neque

142 2152 273 2201 numero
301 2131 430 2194 navium
458 2130 695 2216 praestantibus
723 2130 893 2194 'multitudo
925 2129 1101 2216 prodesset,

142 2240 244 2304 neque
278 2219 370 2284 electi
403 2216 444 2280 ud
470 2218 660 2280 virmteme
692 2225 779 2284 tauta
809 2214 1008 2282 multitudine
1041 2219 1103 2282 viri

141 2303 252 2368 uirtuti
283 2316 462 2370 nostrorum
494 2309 623 2391 possent
656 2304 844 2390 adaequare.
876 2304 1008 2388 Capitur
1042 2302 1102 2368 hoc

117 2411 121 2422 ¹
141 2389 260 2472 proelio
277 2392 512 2476 quinqueremis
528 2415 591 2455 una
607 2399 638 2454 et
653 2391 781 2454 biremis
796 2413 866 2454 cum
882 2389 1100 2453 defensoribus

141 2474 384 2561 remigibusque,
414 2486 445 2540 et
471 2478 689 2561 deprimuntur
716 2479 918 2540 tres-nostris
940 2474 1103 2538 incolumi·

140 2557 200 2622 bus
217 2561 371 2624 omnibus.
387 2561 540 2649 Reliquae
554 2563 763 2647 propinquam
778 2560 885 2644 fugam
900 2560 940 2623 ad
953 2559 1103 2644 oppidum

140 2645 281 2728 capiunt3
305 2669 382 2730 quas
404 2657 610 2732 protexerunt
625 2671 666 2712 ex
681 2646 816 2710 molibus
840 2659 933 2732 atquo
950 2645 1103 2709 aedificiis

142 2729 376 2794 imminentibus
400 2741 431 2796 et
452 2742 575 2815 nostros
603 2733 690 2796 adire
713 2754 768 2816 pro
792 2734 839 2794 ius
862 2731 1101 2816 prohibuerunt.

207 2815 255 2877 17.
278 2815 348 2878 Hoc
375 2838 415 2880 ne
449 2817 508 2880 sibi
542 2818 667 2901 saepius
696 2755 839 2880 accidere
869 2825 986 2902 posset,
1017 2817 1102 2878 omni

142 2899 262 2964 ratione
286 2899 404 2964 Caesar
418 2902 670 2967 contendendum
692 2903 893 2982 existimavit,
917 2910 951 2963 ut
967 2899 1102 2963 insulam

142 2983 318 3070 molemque
340 2986 381 3048 ad
401 2987 535 3052 insulam
558 2989 768 3072 pertinentem
790 2989 821 3050 in
840 3009 928 3049 suam
943 2985 1102 3068 redigeret

141 3078 337 3152 potestatem.
360 3072 509 3136 Perfectis
533 3073 617 3136 enim
639 3095 755 3156 magua
782 3080 934 3155 exparte
957 3071 1101 3134 munitio·

141 3153 235 3219 nibus
257 3156 291 3218 in
314 3157 429 3241 oppido
452 3160 546 3222 etiam
568 3157 624 3220 illa
653 3157 766 3220 urbem
787 3167 1013 3240 uno-tempore
1034 3164 1102 3218 ten-

141 3240 202 3302 tari
223 3262 317 3324 posse
340 3243 525 3307 confidebat
550 3242 620 3320 Quo
642 3253 732 3328 capto
756 3242 885 3305 consilio
909 3241 1053 3305 cohortes
1076 3247 1102 3302 X

141 3334 173 3388 et
194 3324 274 3390 levis
297 3339 474 3392 armaturae
498 3328 614 3392 electos
637 3351 778 3414 quosque
801 3327 930 3389 idoneos
953 3347 994 3388 ex
1016 3326 1102 3409 equi·

140 3408 225 3474 tibus
248 3410 350 3475 Gallis
373 3412 584 3476 arbitrabatur
605 3413 638 3476 in
659 3415 788 3496 navigia
809 3412 931 3474 minora
953 3410 1101 3494 scaphas-

142 3516 204 3581 quc
237 3497 383 3580 imponit3
420 3497 553 3564 alteram
588 3497 711 3562 insulae
747 3505 868 3582 partem
905 3495 1102 3558 distinendae
