2562 3966
381 205 515 272 eouu.
539 207 584 270 vr
606 206 699 272 oar.
722 207 858 272 se--aa
1037 207 1096 272 137

137 381 263 448 nullum
285 377 439 446 eiusmodi
454 399 562 442 casum
577 387 774 463 exspectans,
798 403 860 466 quo
873 397 989 448 novem
1003 404 1099 468 oppo-

139 469 207 533 sitis
222 465 399 552 legionibus
410 465 612 549 maximoque
628 465 766 549 equitatu
778 464 928 550 dispersis
944 488 982 531 ac
996 489 1099 552 paene

89 575 95 588 ·
139 551 253 618 deletis
278 549 430 615 vhostibus
464 549 497 612 in
531 548 659 612 milibus
688 571 839 634 passuum
861 551 962 615 tribus
982 551 1098 616 offendi

138 645 257 723 posset,
288 637 426 722 quinque
454 634 597 698 cohortes
625 633 849 698 frumentatum
875 637 909 699 in
936 638 1097 721 proximas

139 731 265 807 segetes
276 722 379 801 mittit,
393 740 470 804 quas
492 720 574 783 inter
596 728 628 784 et
649 729 753 784 eastra
766 742 847 784 unus
867 723 993 787 omnino
1009 721 1097 786 collis

138 809 301 872 intererat
357 803 543 889 Complures
586 813 675 867 erant
715 827 755 868 ex
793 798 971 890 legionibus
1011 808 1098 892 aegri

138 890 264 974 relicti,
295 889 474 976 exquibus
497 889 551 974 qui
579 887 642 954 hoo
662 891 763 974 spatio
786 889 909 954 dierum
931 891 1097 956 convalue-

138 985 219 1060 rant,
244 977 368 1040 circiter
391 980 463 1048 CCC,
488 973 547 1038 sub
568 973 686 1038 vexillo
702 997 765 1038 una
779 976 960 1058 mittuntur3
982 999 1098 1062 magna

138 1070 305 1147 praeterea
329 1059 496 1123 multitudo
533 1059 692 1141 calonum,
720 1083 836 1144 magna
864 1063 912 1124 vis
945 1063 1098 1126 iumento-

138 1168 235 1228 rum,
257 1168 337 1231 quae
365 1145 399 1208 in
428 1145 539 1208 castris
570 1144 792 1226 subsederant,
828 1145 912 1210 facta
943 1157 1098 1232 potestate

139 1253 174 1296 se
197 1233 291 1296 uitam

176 1255 255 1380 q37.
277 1317 350 1380 Hoc
371 1317 440 1402 ipso
462 1324 603 1400 tempore
632 1325 664 1380 et
693 1338 769 1380 casu
798 1316 952 1382 Germani
974 1321 1098 1406 equites

134 1402 355 1468 interveniunt
376 1402 582 1486 protinusque
612 1401 724 1465 eodem
752 1401 815 1483 illo,
847 1410 908 1487 qu'o
937 1414 1098 1486 venerant,

140 1509 236 1551 cursu
257 1486 298 1550 ab
321 1485 496 1550 decumana
516 1494 609 1571 porta
622 1487 656 1548 in
671 1496 774 1550 castra
788 1487 962 1573 irrumpere
985 1511 1100 1554 conan-

141 1582 202 1653 tur,
225 1593 286 1635 nee-
307 1572 394 1656 prius
417 1580 489 1641 sunt
517 1571 578 1634 visi
605 1570 737 1636 obiectis
760 1571 800 1635 ab
823 1594 861 1636 ea
881 1583 972 1658 parte
995 1574 1098 1656 silvis,

134 1678 236 1742 quam
258 1658 367 1720 castris
384 1657 681 1742 appropinquarent,
711 1678 810 1742 usque
838 1679 886 1739 eo,
908 1668 943 1720 ut
965 1662 1018 1743 qui
1039 1659 1099 1722 sub

139 1741 224 1806 vallo
245 1741 412 1807 tenderent
440 1751 631 1806 mercatores
653 1741 827 1826 recipiendi
849 1744 898 1806 sui
919 1742 1100 1808 facultatem
1178 1773 1182 1783 ·

140 1849 205 1890 non
230 1825 393 1890 haberent.
441 1825 646 1910 Inopinantes
675 1828 774 1892 nostri
805 1849 841 1891 re
867 1849 952 1892 nova
978 1837 1098 1914 pertur-

141 1911 265 1993 bantur,
289 1933 327 1975 ac
344 1914 405 1996 vix
425 1913 562 1996 primum
590 1914 740 1996 impetum
767 1913 879 1977 cohors
909 1915 943 1976 in
965 1917 1099 1979 statione

141 1998 283 2061 sustinet.
329 1995 630 2068 Circumfunduntur
652 2019 694 2060 ex
721 1995 851 2083 reliquis
873 1997 979 2062 hostes
1001 2001 1098 2084 parti·

140 2081 210 2164 bus,
234 2083 261 2146 si
276 2105 370 2169 quern
384 2081 504 2146 aditum
517 2083 657 2166 reperire
678 2092 818 2166 possent.
863 2083 968 2168 Aegre
990 2095 1098 2170 portas

139 2167 239 2231 nostri
266 2175 408 2248 tuentur,
437 2165 576 2252 reliquos
613 2166 715 2230 aditus
753 2166 839 2231 locus
869 2170 937 2254 ipse
965 2192 1023 2254 per
1065 2191 1099 2233 se

140 2253 336 2338 munitioque
363 2251 511 2329 defendit.
556 2251 643 2316 Totis
665 2251 840 2338 trepidatur
862 2255 982 2336 castris,
1006 2265 1099 2341 atque

141 2335 221 2400 alius
244 2359 285 2401 ex
314 2336 375 2402 alio
405 2358 534 2401 causam
562 2335 713 2400 tumultus
744 2340 882 2424 quaerit;
911 2361 1014 2426 neque
1038 2364 1098 2426 quo

141 2423 233 2506 signa
254 2421 404 2504 ferantur,
427 2443 529 2508 neque
552 2443 647 2507 quam
668 2424 701 2486 in
723 2433 844 2508 partem
872 2425 1004 2510 quisque
1027 2447 1099 2489 con-

140 2507 256 2588 veniat,
286 2507 462 2592 provident.
506 2506 598 2569 Alius
625 2507 689 2570 iam
718 2517 821 2570 eastra
848 2517 940 2594 capta
960 2533 1098 2594 pronun·

140 2593 216 2674 tiat,
230 2591 310 2656 alius
333 2591 436 2656 deleto
466 2593 609 2655 exercitu
636 2602 729 2678 atque
751 2595 940 2678 imperatore
962 2597 1098 2660 victores

140 2675 295 2741 barbaros
324 2679 450 2741 venisse
480 2676 656 2756 contendit3
686 2677 829 2762 plerique
852 2701 952 2743 novas
975 2679 1036 2743 sibi
1058 2703 1099 2745 ex

140 2761 210 2826 loco
238 2761 407 2846 religiones
436 2762 559 2846 fingunt
587 2759 760 2850 Cottaeque
783 2773 814 2826 et
836 2763 949 2827 Titurii
971 2764 1097 2828 calami-

140 2855 247 2929 tatem,
270 2850 324 2934 qui
344 2851 377 2911 in
394 2847 517 2912 ‘eodem
538 2847 711 2912 occiderint
733 2846 872 2929 castello,
896 2859 967 2912 ante
990 2849 1098 2914 oculos

140 2943 270 3018 ponunt
310 2931 381 2996 Tali
402 2935 513 2997 timore
536 2933 681 2997 omnibus
702 2934 875 3018 perterritis
899 2933 1099 3016 confirmatur

141 3017 246 3102 opinio
279 3015 439 3100 barbaris,
474 3030 509 3080 ut
538 3039 577 3082 ex
613 3017 737 3106 captivo
767 3017 947 3101 audierant,
977 3019 1099 3083 nullum

141 3123 211 3166 esse
233 3103 317 3166 intus
345 3101 546 3189 praesidium.
597 3101 806 3188 Perrumpere
833 3105 973 3168 nituntur
1001 3127 1098 3189 seque

140 3187 203 3250 isi
230 3187 436 3252 adhortantur
481 3211 521 3252 ne
550 3197 671 3252 tantam
699 3188 855 3252 fortunam
884 3211 924 3254 ex
951 3189 1097 3254 manibus

165 3272 171 3287 '
208 3273 307 3337 ‘ttant

206 3357 256 3424 38.
279 3357 357 3422 Erat
373 3380 479 3443 ,aeger
509 3381 580 3422 cum
607 3356 764 3444 praesidio
799 3357 929 3422 relictus
966 3359 1097 3424 Publius

143 3439 268 3508 Sextius
296 3443 448 3524 Baculus,
479 3445 532 3532 qui
559 3443 694 3528 primum
723 3441 821 3528 pilum
857 3443 898 3507 ad
927 3442 1099 3510 Caesarem
