2490 3974
174 279 238 346 258
428 279 560 346 uslai
578 279 875 347 HISPANIENSIS

173 461 272 516 tutem
294 453 336 516 ad
356 451 539 517 bellandum
561 453 776 535 contulissent,
792 454 927 540 pilorum
949 456 1048 520 missu
1062 457 1128 520 fixa

174 538 349 602 cumulatur
372 548 403 603 et
424 538 560 606 concidit
574 539 823 604 adversariorum
843 541 1018 606 multitudo.
1041 541 1127 606 Dex-

173 635 256 688 trum
289 625 572 690 demonstravimus
609 625 799 690 decumanos
836 648 933 690 cornu
968 629 1126 709 tenuisse;

173 713 226 798 qui
249 713 309 775 etsi
330 723 419 775 erant
439 712 542 798 pauci,
564 721 670 776 tamen
692 721 819 796 propter
840 714 988 782 virtutem
1009 734 1127 798 magno

172 796 372 862 adversarios
400 799 512 861 timore
542 818 649 862 eorum
672 819 769 881 opera
789 796 977 879 afficiebant,
1000 799 1126 884 quoda

172 905 229 947 suo
258 881 328 948 loco
355 884 460 948 hostes
482 883 685 948 vehementer
713 905 858 967 premere
884 894 1064 968 coeperunt,
1092 893 1126 948 ut

172 968 213 1034 ad
235 967 419 1052 subsidium,
442 991 482 1032 ne
510 968 550 1032 ab
572 968 671 1032 latere
697 969 798 1033 nostri
819 980 1019 1054 occuparent,
1042 968 1125 1054 legio

171 1054 423 1120 adversariorum
455 1054 578 1117 traduci
610 1063 721 1138 coepta
753 1055 793 1119 sit
825 1054 1000 1126 adextro.
1035 1055 1125 1134 Quae

171 1140 264 1204 simul
297 1149 347 1204 est
376 1148 471 1222 mota,
506 1140 662 1224 equitatus
695 1137 842 1203 Caesaris
872 1141 999 1204 sinistro
1026 1162 1125 1204 cornu

170 1248 316 1313 premere
346 1229 464 1312 coepit:
488 1234 521 1289 at
542 1224 589 1290 illi
618 1227 735 1290 eximia
762 1227 876 1289 virtute
905 1226 1058 1310 proelium
1080 1226 1124 1290 fa·

170 1335 242 1376 cere
264 1322 298 1376 nt
318 1311 407 1377 locus
429 1314 462 1376 in
490 1313 590 1376 aciem
619 1311 660 1374 ad
688 1310 862 1375 subsidium
887 1312 1039 1375 veniundi
1060 1334 1123 1376 non
1150 1331 1153 1334 ·

169 1399 305 1462 daretur.
333 1398 382 1462 Ita
410 1420 506 1482 quum
534 1397 653 1461 clamor
681 1404 764 1460 esset
785 1398 982 1460 intermixtus
1005 1398 1123 1481 gemitu

147 1479 149 1485 ’
169 1483 408 1570 gladiorumque
431 1485 567 1568 crepitus
597 1482 724 1547 auribus
752 1481 885 1563 oblatus,
907 1485 1121 1568 imperitorum

168 1579 289 1633 mentes
312 1571 406 1633 timor
432 1568 667 1655 praepediebat.
696 1568 767 1650 Hic,
790 1577 825 1631 ut
846 1570 891 1632 ait
911 1569 1042 1651 Ennius,
1060 1590 1123 1654 ‚pes

168 1655 249 1742 pede
270 1657 431 1741 premitur,
455 1657 552 1718 armis
573 1663 716 1718 teruntur
737 1676 833 1736 arma,
848 1653 1122 1740 'adversariosque

167 1741 441 1806 vehementissime
470 1750 647 1826 pugnantes
676 1740 777 1804 nostri
809 1761 904 1824 agere
937 1750 1123 1826 coeperunt3

189 1827 282 1891 uibus
312 1827 461 1913 oppidum
490 1827 548 1891 fuit
569 1826 719 1890 subsidio.
748 1825 797 1890 Ita
823 1827 900 1910 ipsis
921 1825 1135 1890 Liberalibus·

166 1851 228 1978 dusi
249 1911 411 1999 fugatique
432 1936 496 1978 non
518 1911 754 1998 superfuissent,
782 1912 844 1976 nisi
865 1914 898 1976 in
925 1934 996 1976 eum
1018 1912 1120 1976 locum

167 1999 389 2084 confugissent,
420 2021 460 2062 ex
510 2021 550 2062 uo
582 2008 671 2062 erant
698 1999 828 2082 egressi.
857 1998 895 2062 In
918 2021 978 2084 qno
1001 1998 1122 2084 proelio

167 2085 351 2148 ceciderunt
378 2084 466 2148 milia
490 2022 653 2148 bominum
684 2085 809 2147 circiter
831 2091 909 2146 XXX
936 2094 968 2152 et
996 2086 1024 2147 si
1067 2083 1120 2147 uid

166 2169 310 2256 amplius,
340 2180 505 2256 praeterea
535 2170 704 2251 Labienus,
735 2169 839 2233 Attius
868 2170 983 2251 Varus,
1006 2108 1120 2256 quibus

164 2257 277 2319 occisis
307 2257 448 2342 utrisque
477 2257 570 2320 furnus
601 2265 649 2320 est
680 2255 813 2338 factum,
836 2261 975 2342 itemque
999 2257 1119 2341 equites

165 2339 299 2405 Romani
321 2343 436 2426 partim
452 2364 492 2405 ex
514 2341 593 2405 urbe
607 2343 723 2428 partim
737 2364 779 2405 ex
793 2343 957 2426 provincia
978 2341 1020 2405 ad
1034 2340 1121 2404 milia

164 2433 209 2490 III.
232 2426 339 2490 Nostri
362 2428 530 2491 desiderati
552 2427 593 2491 ad·
615 2428 776 2494 bominum
797 2427 884 2492 mille
897 2428 1011 2513 partim
1034 2428 1119 2512 equi·

165 2522 233 2575 tum
255 2514 372 2598 partim
416 2513 549 2596 editum;
574 2514 671 2577 saucii
694 2561 702 2575 .
726 2559 734 2574 .
757 2511 1011 2578 adversariorum
1033 2512 1120 2598 aqui-

162 2597 213 2746 llpe
244 2609 316 2747 quqt
332 2535 469 2698 abditae
497 2606 559 2660 XIII
589 2606 621 2663 et
651 2599 741 2684 signa
768 2607 799 2662 et
825 2599 928 2664 fasces
954 2608 1120 2684 praeterea

188 2705 222 2746 os
268 2694 354 2748 au1t
376 2732 383 2748 .
408 2732 446 2747 ..
936 2726 939 2732 -

162 2821 164 2826 .
225 2769 276 2832 32.
311 2792 427 2832 ...ex
453 2769 530 2854 fuga
556 2770 616 2834 hac
638 2770 691 2855 qui
714 2768 863 2856 oppidum
884 2769 1037 2834 Mundam
1059 2769 1121 2834 sibi

162 2856 396 2920 constituissent
425 2855 626 2942 praesidium,
657 2857 818 2942 nostrique
847 2856 1040 2940 cogebantur
1066 2878 1119 2919 ne-

59 3021 61 3026 ·
162 2943 300 3006 cessario
323 2963 378 3005 eos
401 2941 650 3006 circumvallare.
680 2941 732 3004 Ex
752 2941 889 3006 hostium
911 2942 1008 3006 armis
1030 2950 1120 3005 scuta

161 3035 193 3089 et
213 3025 280 3112 pila
301 3049 357 3113 pro
379 3026 473 3110 vallo,
504 3050 560 3113 pro
589 3050 642 3092 ces
665 3028 708 3090 ite
736 3027 896 3092 cadauera
914 3026 1117 3091 vcollocaban-

156 3121 220 3194 tur,
250 3113 379 3198 insuper
410 3113 527 3214 [occisit
556 3115 589 3177 iu
619 3051 810 3199 gdadiorum·
829 3135 981 3178 mucrone
1014 3114 1117 3198 capita

159 3197 320 3261 hominum
353 3198 495 3263 ordinata
527 3199 566 3262 ad
590 3199 748 3285 'oppidum
782 3221 937 3264 conversa
967 3199 1117 3263 universa

159 3281 295 3347 bostium
317 3285 461 3348 timorem
483 3332 649 3349 ......
655 3309 657 3316 ’
671 3287 859 3371 virtutisque
887 3285 1025 3368 insignia
1045 3305 1114 3368 pro·

159 3368 261 3451 posita
281 3368 425 3433 viderent
443 3381 487 3434 et·
499 3371 588 3434 vallo.
600 3370 919 3435 circumcluderentur
942 3369 1116 3446 adversarii

157 3451 204 3514 'ita
234 3452 326 3518 'Galli
361 3456 490 3541 tragulis
527 3455 637 3519 iaculis
655 3465 700 3520 'ue
716 3457 865 3543 oppidum
903 3479 944 3519 ex
978 3455 1116 3520 bostium

199 3535 366 3618 daveribus
390 3541 483 3626 [sunt]
507 3479 711 3628 oircumpdexi
732 3565 917 3628 oppugnare
929 3549 1114 3626 coeperunt.
