2490 3974
462 285 605 352 CAPUT
625 287 720 352 4-6,
1004 289 1066 353 243

9 529 10 538 χ
101 459 204 523 facit:
243 457 317 522 Ulia
335 467 557 606 propp‘capta
584 457 694 522 litteris
717 458 821 524 fratris
849 461 969 526 excitus
992 483 1064 525 cum

104 546 213 630 copiis
236 543 276 607 ad
299 541 404 607 Cordu
428 564 479 606 am
499 545 560 607 iter
580 543 685 607 iacere
709 545 819 630 coepit.

176 629 207 695 5.
231 627 360 710 Caesar,
384 651 481 715 quum
503 627 543 692 ad
565 629 682 691 flumen
704 629 827 693 Baetim
847 633 988 695 venisset
1008 653 1063 696 ne·

9 723 11 762 t
104 737 173 802 que
196 723 325 800 propter
346 712 541 777 altitudinem
563 713 701 776 fluminis
723 716 856 778 transire
877 724 993 801 posset,
1019 715 1063 780 la-

9 811 11 848 1
103 798 238 948 pidibus
267 797 378 862 corbas
405 797 521 882 plenos
554 799 693 862 demisit:
730 801 776 862 ita
807 801 937 886 insuper
969 812 1063 886 ponte

118 895 194 951 acto
217 885 324 968 copias
353 882 394 946 ad
423 892 526 948 castra
553 885 708 967 tripartito
735 884 884 948 traduxit.
922 884 1065 950 Tenebat

9 983 10 992 ’
105 970 265 1034 adversus
287 967 437 1054 oppidum
460 981 477 1031 e
498 971 628 1032 rarione
650 970 754 1053 pontis
777 971 889 1052 castra,
911 979 947 1033 ut
969 993 1064 1056 supra

9 1101 10 1136 3
106 1056 305 1156 scripsimus,
327 1053 491 1137 tripartite.
514 1019 586 1116 rius
609 1075 704 1138 quum
724 1054 893 1139 Pompeius
912 1076 983 1120 cum
999 1057 1063 1120 suis

106 1141 211 1226 copiis
232 1139 381 1217 venisset,
404 1159 446 1202 ex
468 1137 601 1202 adverso
623 1140 691 1223 pari
706 1141 827 1202 ratione
842 1149 946 1205 castra
965 1143 1061 1224 ponit.

9 1241 10 1248 ’
107 1225 241 1307 Caesar,
264 1233 299 1287 ut
320 1245 392 1287 eum
409 1222 454 1286 'ab
478 1245 517 1308 op
541 1223 592 1286 ido
616 1234 792 1288 commeatu
814 1247 855 1288 ue
870 1225 1062 1308 excluderet,

106 1309 277 1374 brachium
298 1307 339 1372 ad
360 1316 488 1392 pontem
511 1246 626 1372 ducere
648 1312 761 1394 eoepit
790 1247 864 1372 llam·
884 1310 969 1375 idem
991 1333 1063 1374 con·

107 1395 230 1459 ditione
250 1395 428 1479 Pompeius.
451 1393 514 1457 Hic
536 1396 617 1456 inter
639 1393 736 1458 duces
752 1394 830 1458 duos
845 1395 880 1458 iit
895 1397 1060 1478 contentio,

106 1489 180 1544 uter
222 1481 287 1564 rius
315 1487 444 1564 pontem
477 1489 659 1563 occuparet3
697 1502 737 1542 ex
770 1501 831 1566 qua
863 1483 1062 1546 contentione

109 1564 197 1650 quoti
222 1567 294 1628 'ana
315 1564 436 1626 minuta
457 1563 577 1649 proelia
597 1564 724 1647 fiebant,
747 1575 782 1629 ut
804 1564 896 1630 modo
918 1565 960 1648 hi,
983 1587 1061 1630 uon·

107 1671 281 1736 numquam
294 1647 342 1712 illi
357 1651 535 1734 superiores
551 1649 759 1714 discederent.
783 1648 873 1728 Quae
889 1673 941 1715 res
964 1673 1060 1736 quum

110 1735 152 1798 ad
174 1735 325 1800 maiorem
348 1735 580 1798 contentionem
593 1737 743 1816 venisset,
766 1734 806 1800 ab
821 1737 961 1822 utrisque
978 1757 1060 1799 com·

109 1821 213 1884 miuus
236 1823 343 1905 pugna
363 1820 482 1904 iniqua,
516 1818 591 1882 dum
625 1819 768 1906 cupidius
801 1818 908 1884 locum
935 1820 1061 1884 student

108 1915 229 1988 tenere,
266 1909 408 1991 proptor¹
430 1913 558 1989 pontem
589 1904 886 1989 coangustabantur,
923 1905 1060 1969 fluminis

9 2019 10 2056 1
108 1993 193 2074 ripas
224 1989 510 2075 appropinquantes
538 1990 735 2075 coangustati
761 1989 1059 2076 praecipitabantur.

109 2075 172 2138 Hic
193 2073 322 2159 alternis
343 2095 407 2138 non
429 2073 529 2138 solum
551 2077 643 2138 morti
665 2083 797 2138 mortem
816 2075 1059 2160 exaggerabant,

110 2158 165 2223 sed
188 2158 323 2222 tumulos
345 2159 473 2222 tumulis
500 2160 729 2246 exaequabant
766 2159 815 2223 Ita
844 2160 954 2224 diebus
978 2182 1059 2224 com·

110 2244 252 2329 pluribus
275 2243 423 2328 cupiebat
440 2243 573 2325 caesar,
604 2247 631 2308 si
659 2267 721 2330 qua
743 2245 920 2309 conditione
942 2256 1058 2330 posset,

111 2329 305 2392 adversarios
338 2330 371 2392 in
404 2343 539 2476 apquunlr
571 2329 675 2393 locum
712 2329 870 2394 deducere
904 2341 935 2396 et
955 2331 1058 2416 primo

111 2424 394 2584 quoquelgerppqup
415 2413 901 2563 adinllddgellteeleelndddersarios
931 2501 1058 2565 minime

110 2582 200 2665 velle,
217 2605 278 2668 quo
291 2605 354 2662 eos,
372 2583 526 2668 quomodo
538 2583 577 2647 ab
588 2584 664 2648 Ulia
677 2593 859 2667 retraxerat,
876 2586 908 2648 iu
924 2607 1059 2672 aequum

112 2667 288 2749 deduceret,
309 2669 407 2753 copiis
429 2669 558 2732 flumine
577 2670 728 2733 traductis
749 2679 845 2733 noctu
864 2668 951 2734 iubet
970 2673 1058 2756 ignes

111 2752 176 2815 fieri
197 2774 328 2837 magnos
344 2800 474 2819 ......
497 2756 542 2817 ita
555 2754 767 2818 firmissimum
786 2757 854 2818 eius
868 2756 1059 2840 praesidium

112 2837 263 2920 Ateguam
277 2837 493 2960 proficisciturss
519 2838 558 2902 Id
572 2862 668 2926 quum
679 2840 847 2924 Pompeius
864 2862 905 2903 ex
918 2840 1057 2926 perfugis

112 2924 255 2986 rescisset
321 2937 382 3007 qua
409 2923 460 2987 die
488 2924 668 2988 facultatem
694 2935 725 2988 et
750 2926 910 3010 angustias
925 2972 1056 2989 ......

112 3027 198 3070 carra
215 3006 380 3092 complura
397 3009 560 3095 mulosque
576 3011 720 3073 canistris
733 3019 860 3074 onustos
879 3011 1012 3073 retraxit
1027 3019 1057 3073 et

112 3091 149 3154 ad
166 3090 346 3158 Cordubam
374 3115 408 3157 se
425 3097 555 3179 recepit.
592 3094 713 3158 ansar
734 3094 959 3159 munitionibus
982 3095 1056 3158 Ate-

111 3197 397 3264 guamoppugnare
419 3189 450 3242 et
467 3178 596 3244 brachia
610 3180 843 3243 circumducere
859 3181 970 3265 coepit.
994 3177 1055 3256 Qui

113 3286 200 3349 quum
218 3264 369 3350 Pompeio
391 3265 519 3328 nuntius
540 3275 623 3330 esset
645 3264 772 3346 allatus,
800 3287 837 3328 eo
863 3264 914 3330 die
934 3263 1056 3349 profici·

113 3350 209 3413 scitur.
227 3348 325 3414 Cuius
337 3351 370 3413 in
382 3349 551 3414 adventum
562 3349 712 3436 praesidii
724 3371 819 3413 causa
831 3348 950 3412 Caesar
961 3369 1057 3433 quum

114 3433 267 3518 complura¹
288 3435 418 3498 castella
454 3445 647 3520 occupasset,
684 3435 799 3520 partim
821 3433 877 3498 ubi
898 3435 1054 3520 equitatus

113 3519 216 3601 partim
236 3518 291 3582 ubi
313 3519 466 3606 pedestris
489 3521 580 3604 copia
600 3521 634 3582 in
657 3521 801 3663 stationel
806 3529 854 3664 [pq
859 3520 892 3582 in
907 3515 1056 3582 excubitu
