2562 3970
194 237 235 304 18
475 235 538 314 DE
559 234 702 298 BELLO
726 233 857 298 CIVILI

194 429 291 495 quum
314 429 422 473 omnes
444 409 568 472 milites*
580 427 679 468 naves
702 404 967 486 conscendissent,
991 415 1084 492 atque
1106 409 1147 472 iis

193 492 340 579 expedito
362 493 431 558 loco
453 491 592 557 acuraria
612 490 740 573 navigia
760 487 918 574 relinquit.

255 575 306 638 ⁶28.
339 575 522 640 Brundisini
552 575 818 659 Pompeianorum
854 574 985 640 militnm
1021 577 1145 642 iniuriis

191 670 286 726 atne
315 661 414 744 ipsius
443 660 575 745 Pompei
607 657 804 723 contumeliis
832 660 965 743 permoti
998 659 1144 727 Caesaris

191 685 288 810 rebus
310 744 470 809 favebant.
503 745 614 830 Itaque
637 745 764 828 cognita
784 742 917 829 Pompei
948 745 1144 830 profectione

190 830 450 896 concursantibus
482 830 544 894 illis
572 839 666 914 atque
687 832 720 892 in
743 849 781 891 ea
802 851 837 893 re
860 833 1018 914 occupatis
1047 829 1144 916 vulgo

190 936 231 978 ex
252 917 344 980 tectis
367 915 594 999 significabant.
628 912 691 976 Per
713 934 791 998 quos
812 935 849 978 re
871 916 999 998 cognita
1021 915 1144 980 ansar

190 999 293 1064 scalas
315 1002 422 1086 parari
443 1001 621 1084 militesque
644 997 761 1062 armari
781 997 877 1079 iubet,
911 1022 952 1064 ne
979 1021 1073 1085 quam
1094 1002 1144 1064 rei

189 1086 349 1169 gerendae
372 1086 553 1150 facultatem
575 1084 719 1146 dimittat.
742 1081 911 1169 Pompeius
934 1084 993 1149 sub
1016 1093 1143 1150 noctem

188 1175 288 1234 naves
321 1170 424 1234 solvit.
462 1171 525 1250 Qui
557 1178 647 1232 crant
674 1168 708 1231 in
729 1189 819 1233 muro
851 1170 1013 1236 custodiae
1045 1191 1143 1235 causa

189 1254 343 1337 collocati,
368 1279 406 1320 ec
428 1258 528 1341 signo,
552 1253 637 1340 quod
659 1263 860 1335 convenerat,
882 1263 1071 1320 revocantur
1086 1278 1141 1320 no-

189 1341 230 1404 tis
252 1363 293 1404 ue
314 1341 479 1406 itineribus
501 1340 543 1404 ad
563 1361 661 1402 naves
683 1337 863 1404 decurrunt.
890 1339 1007 1405 Milites
1029 1341 1141 1426 positis

188 1447 203 1488 s
257 1429 281 1490 ‘s
303 1448 409 1492 muros
430 1426 613 1506 ascendunt,
637 1423 694 1488 sed
715 1425 826 1488 moniti
841 1447 859 1488 a
873 1425 1082 1508 Brrmdisinis,
1105 1435 1142 1490 ut

186 1509 305 1575 vallum
321 1533 450 1578 caecum
464 1512 627 1595 fossasque
643 1520 786 1592 caveant,
809 1507 983 1575 subsistrmt
998 1520 1030 1574 et
1044 1510 1140 1596 longo

186 1596 300 1661 itinere
330 1596 370 1661 ab
402 1597 452 1661 his
484 1593 691 1682 circumducti
723 1593 764 1657 ad
795 1603 919 1680 portum
951 1597 1142 1681 perveniunt

147 1747 149 1752 s
187 1680 329 1768 duasque
351 1705 450 1748 naves
473 1705 546 1746 cum
566 1679 729 1759 militibus,
764 1701 845 1766 quae
875 1681 917 1746 ad
937 1680 1036 1747 moles
1060 1680 1140 1746 an-

185 1767 265 1832 san's
286 1767 504 1849 adhaeserant,
527 1765 654 1852 scaphis
669 1759 877 1850 lintribusque
891 1766 1139 1852 reprehendunt,

183 1852 392 1938 reprehensas
415 1855 584 1939 excipiunt.

249 1939 300 2002 29.
325 1938 452 2022 Caesar,
476 1939 536 2002 etsi
558 1937 599 2000 ad
621 1958 711 2023 spem
733 1937 921 2002 conficiendi
941 1939 1061 2023 negotii
1074 1959 1141 2002 ma·

182 2023 269 2088 xime
289 2024 446 2110 probabat
467 2024 584 2089 coactis
598 2021 734 2086 navibus
749 2045 836 2088 mare
851 2025 986 2088 uansire
1001 2033 1033 2088 et
1046 2023 1139 2088 Pom·

207 2109 290 2173 cium
313 2111 411 2196 sequi,
433 2112 618 2196 priusquam
638 2107 694 2172 ille
717 2127 788 2174 sese
809 2109 1027 2174 transmarinis
1050 2110 1140 2173 auxi·

199 2193 235 2256 “s
257 2193 468 2276 confirmaret,
490 2204 596 2259 tamen
610 2195 686 2258 ,eius
707 2197 757 2259 rei
777 2216 899 2258 moram
924 2195 1140 2281 temporisque

183 2277 445 2364 longinquitatem
465 2278 608 2360 timebat,
638 2277 723 2365 quod
744 2280 889 2345 omnibus
912 2281 1028 2345 coactis
1049 2281 1139 2344 navi-

181 2361 242 2426 bus
263 2363 432 2450 Pompeius
452 2373 653 2450 praesentem
673 2363 856 2430 facultatem
877 2363 1067 2451 insequendi
1088 2365 1140 2430 sui

182 2446 353 2514 ademerat.
385 2444 478 2514 Relin
500 2449 643 2532 uebatur,
676 2460 712 2514 ut
733 2473 774 2515 ex
795 2450 1067 2536 longinquioribus
1088 2472 1139 2515 re·

180 2533 328 2618 gionibus
351 2473 670 2622 GalliaeqPioenique
703 2545 735 2601 et
756 2537 876 2601 efreto
905 2557 1004 2602 naves
1032 2545 1139 2602 essent

180 2620 423 2706 exspectandae.
445 2619 484 2684 Id
497 2630 627 2707 propter
649 2624 725 2686 anni
745 2630 870 2707 tempus
891 2621 1022 2708 longum
1043 2629 1138 2710 atque

178 2704 366 2789 impeditum
397 2705 576 2770 videbatur.
618 2704 746 2772 Interea
776 2716 920 2773 veterem
953 2707 1137 2790 exercitum,

183 2787 261 2854 duas
283 2790 455 2876 Hispanias
477 2792 666 2875 confirmari,
700 2814 833 2880 quarum
861 2803 930 2857 erat
951 2793 1051 2858 altera
1071 2813 1138 2856 ma·

178 2875 273 2940 nimis
294 2874 458 2941 beneficiis
479 2876 612 2962 Pompei
633 2875 789 2960 devincta,
813 2877 941 2961 auxilia,
964 2879 1138 2965 equitatum

177 2961 291 3044 parari,
315 2959 452 3025 Galliam
466 2960 652 3048 Italiamque
663 2963 779 3028 tentari
793 2985 828 3028 se
844 2963 975 3028 absente
992 2963 1135 3030 nolebat.

239 3045 292 3108 30.
315 3045 427 3131 Itaque
448 3047 482 3110 in
503 3051 686 3132 praesentia
706 3049 839 3135 Pompei
860 3049 1014 3135 sequendi
1040 3050 1135 3114 ratic·

176 3149 251 3228 nem
266 3131 389 3213 omittit,
412 3131 643 3218 inHispaniam
653 3135 813 3219 proficisci
824 3135 1000 3200 constituit:
1024 3134 1134 3200 duum·

175 3236 253 3278 vrrrs
275 3217 519 3302 municipiorum
541 3217 681 3283 omnium
702 3221 845 3306 imperat,
878 3229 913 3284 ut
933 3243 1033 3287 naves
1060 3243 1135 3286 con·

176 3298 305 3442 quirent
326 3300 593 3386 Brundisiumque
615 3303 818 3375 deducendas
841 3317 961 3372 curent.
982 3308 1079 3372 Mittit
1100 3310 1135 3374 in

201 3383 354 3448 ardiniam
388 3408 459 3450 cum
487 3387 613 3471 legione
634 3411 699 3454 una
719 3390 884 3456 Valerium
915 3392 1064 3478 legatum,
1100 3396 1135 3460 in

176 3461 318 3532 Siciliam
327 3469 496 3536 Curionem
507 3494 565 3558 pro
573 3483 720 3558 praetore
728 3497 800 3540 cum
807 3475 986 3562 legionibus
995 3479 1132 3564 duabus;
