2532 3968
454 197 709 270 PRAEFATIO.
979 196 1062 262 XXI
1091 211 1094 222 ’

108 371 180 436 vieo
203 369 389 434 subornatos
415 368 533 435 nullam
563 371 747 436 interfectae
777 369 949 434 nobilitatis
973 389 1061 432 men·

107 457 226 522 tionem
247 456 371 538 fecisse,
402 455 602 520 scribendum
631 477 721 521 esse:
755 463 935 522 multitudini
963 479 1059 538 expo-

108 553 201 606 nunt:
234 549 464 621 reniteret
483 549 620 606 multoe
652 549 843 607 Haeduorum
873 549 1057 622 intersertos,

110 634 193 706 quod
206 634 349 692 collocuti
363 649 428 692 eum
444 633 591 692 Arvernis
608 635 789 692 dicerentur.
813 623 1058 712 Omissam'par-

109 710 238 776 ticulum
260 725 290 778 et
310 712 448 775 omnium
462 710 625 776 turbarum
641 733 749 775 ansam
765 713 860 779 fuisse
876 735 1000 776 censeo.
1016 749 1059 760 --

107 795 203 874 Quod
231 798 264 859 iu
290 799 463 860 sententiae
492 797 579 862 initio
603 804 820 862 Producuntur
846 806 870 860 ii
890 797 986 876 edidi,
1008 819 1058 860 ra·

107 883 194 945 tione
218 891 248 944 et
269 881 358 946 libris
381 891 553 946 commotus
574 883 644 964 feei,
669 905 801 968 quorum
824 882 959 968 optimus
974 881 1058 946 Bon·

106 967 274 1053 geroianus
296 968 431 1052 primus,
455 990 552 1052 quum
577 976 637 1032 duo
666 969 913 1053 superscriptum
942 967 1059 1030 habeat

106 1051 241 1116 voculae
273 1061 305 1128 ii,
334 1054 428 1116 etiam
456 1052 666 1116 certissimum
695 1054 851 1140 genuinae
885 1055 1057 1137 scripturae

106 1147 327 1222 argumentum
348 1137 488 1223 praebet.

170 1221 292 1287 Eadem
307 1221 458 1287 librorum
474 1225 641 1287 auotoritas
658 1246 708 1288 me
723 1225 829 1303 movit,
845 1233 879 1286 ut
890 1245 917 1286 e.
930 1223 971 1286 39
983 1245 1056 1286 oum

107 1305 301 1373 Schneidero
319 1315 366 1372 Eu
381 1315 437 1372 tir
455 1315 648 1387 Eporedorix
663 1309 843 1373 scriberem.
860 1308 911 1394 (N.
928 1316 978 1372 Eu·
993 1308 1057 1394 iis.)

172 1391 208 1456 C.
230 1393 273 1456 44
294 1394 407 1458 mirum
428 1394 530 1457 videri
552 1392 655 1476 debet,
679 1395 763 1480 quod
785 1394 919 1458 editores
945 1393 1059 1458 bueus⁴

107 1499 170 1563 que
190 1479 342 1542 intactum
364 1477 549 1562 reliquerint
563 1477 668 1544 locum
684 1501 759 1543 sane
774 1479 1058 1544 intricatissimum:

105 1568 190 1628 Haec
222 1571 372 1641 eoaitanti
400 1571 545 1629 areidae
582 1573 648 1629 aira
677 1581 723 1630 eet
749 1572 883 1644 saeultar
911 1571 985 1628 bene
1013 1569 1061 1628 rei

105 1656 269 1726 uerendae.
308 1654 382 1712 Nam
413 1670 500 1728 quum
528 1657 558 1713 in
587 1658 706 1716 minora
735 1663 839 1715 curua
861 1657 965 1733 operte
981 1671 1058 1729 per·

105 1740 259 1814 spiciendo·
279 1755 375 1798 eausa
397 1743 535 1816 venisset,
566 1743 776 1800 animadvertit
797 1742 916 1812 collem,
945 1743 998 1813 qui
1020 1739 1058 1798 ab

105 1825 245 1884 hortibus
266 1825 438 1894 tenebatur,
473 1828 615 1884 nudatum
636 1827 816 1895 bominibus,
842 1826 895 1898 qui
914 1827 1056 1900 eupale-

106 1911 195 1969 ribus
217 1911 322 1970 diebus
344 1912 397 1968 viu
413 1925 494 1985 prae
521 1913 706 1971 inultitadlne
732 1913 817 1970 cerui
833 1917 965 1986 peterat.
995 1909 1058 1974 Aa·

104 1997 232 2055 miratus
255 1998 375 2069 quaerit
395 2012 434 2054 ea
447 1995 591 2070 perfuuir
614 2013 757 2066 eausam
781 2011 907 2070 quorum
927 2011 1058 2068 manitus

105 2080 149 2139 ad
169 2097 233 2140 eum
256 2082 387 2154 quetidie
409 2097 550 2140 numerus
582 2083 758 2154 construebat.
796 2083 958 2141 Constabat
979 2077 1058 2140 inter

105 2180 216 2238 omnes,
241 2167 322 2238 quod
343 2168 401 2224 iam
422 2168 489 2240 ipse
511 2167 623 2226 Caesar
641 2184 702 2242 per
717 2169 928 2243 exploratores
943 2181 1058 2238 couno·

104 2259 201 2323 verat,
224 2252 380 2310 duleum
407 2268 493 2312 erre
521 2255 601 2312 eius
630 2255 715 2326 iuni
736 2268 864 2328 prope
886 2267 1055 2326 aequum,

103 2337 174 2395 red
205 2338 305 2395 dune
337 2338 558 2398 silvestrem
591 2345 625 2396 et
653 2345 870 2410 audactum,
895 2353 955 2410 qua
977 2341 1058 2400 earet

104 2423 205 2480 aditur
223 2423 281 2496 ‚ad
315 2424 440 2482 alteram
469 2431 589 2497 partem
617 2424 725 2499 oppidi
729 2444 742 2494 ;
771 2425 955 2483 uehementer
984 2423 1056 2484 ltule

106 2508 177 2566 illos
206 2509 273 2566 loeo
303 2511 406 2566 timere
431 2523 486 2568 nec
509 2511 567 2568 iam
588 2511 678 2570 aliter
699 2513 812 2570 sentire
833 2523 894 2567 uuo
918 2509 996 2568 aelle
1018 2507 1056 2571 ab

106 2591 252 2653 Romanis
275 2601 430 2668 occupato,
455 2594 485 2651 si
509 2597 633 2654 alterurn
655 2597 833 2663 amisissent,
864 2596 936 2667 quin
955 2609 1057 2668 paene

106 2679 325 2738 circumuallati
352 2686 441 2752 atque
470 2683 550 2738 omni
576 2684 657 2740 exitu
689 2689 718 2740 et
733 2681 934 2756 pabulatione
962 2681 1060 2738 inler··

104 2765 186 2822 elusi
211 2765 401 2823 uiderentur:
431 2767 472 2824 ad
497 2767 577 2824 dune
603 2767 791 2826 muniendum
813 2779 957 2824 omnera
985 2763 1056 2823 Ver·

103 2851 290 2923 einyetoriee
319 2857 467 2909 euocatos.
504 2844 671 2931 Duplicem
699 2846 842 2909 videmus
871 2845 921 2910 his
948 2843 1056 2911 verbis

102 2928 209 2994 inesse
251 2929 483 3014 difficultatem
550 2933 663 2995 rimum
719 2933 801 2997 enim
850 2929 953 3009 loeus,
1005 2929 1057 2992 eui

101 3013 308 3078 vehementer
339 3017 450 3080 timere
480 2954 565 3080 (ltili
594 3017 753 3098 dicuntur,
783 3019 828 3080 ita
857 3014 1055 3094 describitur,

102 3107 138 3161 ut
164 3098 258 3184 plane
284 3123 348 3166 non
375 3111 490 3165 metum
517 3116 645 3166 movere
674 3104 824 3188 potuerim
855 3121 929 3164 nam
960 3121 1056 3185 quum

102 3183 149 3248 ibi
176 3183 321 3248 silvestre
351 3195 382 3250 et
410 3198 576 3270 angustum
606 3200 689 3253 esset
718 3192 839 3274 iugum,
869 3185 924 3250 ubi
953 3185 1056 3248 aditus

101 3279 173 3334 erat
210 3270 249 3333 ad
290 3271 454 3356 oppidum,
491 3273 550 3337 heo
592 3275 660 3359 ipsa
701 3275 837 3339 naturali
880 3271 1056 3335 conditione

100 3353 190 3419 locus
217 3358 355 3419 munitus
381 3357 482 3422 videri
504 3356 655 3441 debebat,
685 3383 787 3446 neque
815 3366 897 3436 erat,
928 3377 984 3418 cur
1015 3354 1056 3419 ad

100 3460 175 3504 eum
207 3442 402 3526 potissimum
436 3444 638 3509 muniendum
674 3443 917 3529 Vercingetorix
945 3439 1055 3505 Gallos

498 3537 503 3570 l
820 3546 853 3596 b*
