2562 3970
174 224 203 288 ’6
482 224 543 288 DE
564 223 707 290 BELLO
731 223 864 290 OIVILI

182 395 228 458 uti
249 417 322 460 eum
336 394 507 460 defendant
527 405 581 460 aut
603 405 774 482 sequantur
789 396 909 460 saltem.
933 397 984 462 De
1006 393 1066 461 reli
1088 396 1137 470 uis

180 479 278 544 rebus
300 480 342 545 ad
356 487 500 546 senatum
514 481 666 545 refertur:
689 491 755 546 tota
770 481 863 546 ltalia
875 481 1018 546 ,delectus
1040 481 1082 544 ha
1106 503 1137 546 e·

181 575 268 648 atur3
287 565 424 630 Faustus
439 565 530 630 Sulla
543 588 681 652 propere
693 568 726 630 in
741 567 962 632 Mauritaniam
979 569 1135 649 mittatur3

203 652 315 716 eounia
329 654 375 716 uti
389 673 430 716 ex
443 654 568 718 aerario
583 651 732 737 Pompeio
755 652 856 719 detur.
878 653 1026 718 Refertur
1041 655 1136 716 etiam

180 673 221 802 le
242 759 318 822 rege
339 737 428 819 Iuba,
451 745 486 801 ut
508 739 612 802 socius
627 739 668 801 sit
689 747 783 824 atque
806 740 940 802 amicus:
963 735 1134 802 Marcellus

178 844 257 889 vero
300 842 444 887 asomum
466 824 499 886 in
521 824 703 907 praesentia
724 832 828 908 negat
865 823 916 887 De
938 824 1056 888 Fausto
1077 823 1133 884 im·

178 907 266 994 pedit
313 907 460 993 hilippus,
490 908 636 973 tribunus
665 907 778 994 plebis.
810 909 861 974 De
882 908 1014 996 reliquis
1036 906 1133 972 rebus

179 993 466 1058 senatusconsulta·
486 993 735 1078 perscribuntur.
777 995 965 1059 Provinciae
1001 993 1132 1079 privatis

178 1079 400 1162 decernuntur,
438 1078 519 1142 duae
546 1079 737 1160 consulares,
770 1079 913 1166 reliquae
945 1080 1132 1164 praetoriae.

178 1163 318 1249 Scipioni
346 1164 475 1229 obvenit
503 1163 606 1249 Syria,
639 1163 676 1226 L.
710 1165 850 1230 Domitio
877 1164 997 1229 Gallia:
1020 1163 1038 1202 *
1060 1161 1133 1227 Phi-

138 1327 143 1334 ,
177 1247 283 1334 lippus
306 1259 338 1313 et
360 1247 590 1398 Oottaprivato
613 1249 743 1315 consilio
758 1259 1007 1336 praetereuntur,
1029 1269 1134 1333 neque

178 1355 286 1398 eorum
322 1344 422 1400 sortes
481 1335 654 1400 eiiciantur.
696 1335 734 1399 In
770 1335 911 1422 reliquas
954 1335 1134 1422 provincias

176 1429 339 1519 praetores
368 1421 541 1520 mittrmtur.
569 1420 617 1484 Ne
640 1443 680 1492 ue
707 1431 901 1507 exspectant,
925 1419 1022 1522 [quod
1043 1440 1133 1520 supe·

176 1504 312 1570 riorrbus
341 1508 431 1570 annis
460 1444 640 1592 accrderatll
670 1516 705 1570 ut
733 1505 773 1570 de
801 1529 910 1572 eorum
939 1527 1070 1591 rmperro
1092 1503 1134 1568 ad

176 1589 467 1740 populumferatua
491 1591 694 1677 paludatique
706 1595 788 1656 votis
797 1594 984 1678 nuncupatis
1007 1600 1133 1654 exeunt.

206 1675 334 1741 onsules
364 1675 460 1763 [quod
486 1686 559 1740 ante
586 1676 619 1741 id
650 1686 774 1762 ternpus
801 1678 916 1742 accidit
942 1673 1135 1762 numquam}

175 1782 218 1826 ex
245 1761 325 1826 urbe
353 1761 614 1848 proficiscuntur,
635 1761 826 1850 lictoresque
853 1762 973 1828 habent
998 1763 1033 1826 in
1054 1759 1135 1826 urbe

175 1856 207 1911 et
230 1845 387 1932 Capitolio
404 1847 518 1927 privati
540 1856 650 1912 contra
670 1850 776 1914 omnia
789 1849 955 1915 vetustatis
978 1843 1133 1930 exempla.

174 1932 256 1997 Tota
290 1932 384 1996 Italia
420 1928 560 1996 delectus
595 1932 764 2016 habentur,
802 1956 891 2001 arma
922 1936 1134 2018 imperantur3

174 2019 328 2103 pecuniae
350 2041 370 2082 a
398 2017 577 2102 municipiis
607 2020 785 2104 exiguntur,
816 2019 936 2084 afanis
963 2017 1132 2082 tolluntur:

175 2103 284 2167 omnia
306 2101 415 2166 divina
436 2103 636 2188 humanaque
658 2105 728 2166 iura
772 2105 986 2170 ermiscentur.

239 2188 267 2252 7.
291 2187 414 2267 Quibus
450 2187 546 2252 rebus
579 2189 713 2274 cognitis
746 2127 866 2254 gaasar
898 2189 981 2274 apud
1017 2187 1135 2254 milites

174 2274 386 2338 concionatur.
416 2272 565 2338 Omnium
586 2285 764 2359 temporum
785 2275 914 2340 iniurias
936 2275 1134 2339 inimicorum

172 2361 207 2423 in
229 2380 263 2422 se
285 2368 523 2441 commemorat3
546 2381 566 2422 a
587 2357 705 2444 quibus
728 2358 897 2424 deductum
919 2381 957 2424 ae
979 2360 1134 2445 deprava-

172 2453 240 2508 tum
261 2441 447 2530 Pompeium
475 2445 618 2528 queritur
646 2444 766 2509 invidia
791 2456 885 2531 atque
906 2444 1133 2510 obtrectatione

172 2527 276 2593 laudis
304 2551 390 2611 suae,
421 2531 511 2594 cuius
540 2528 609 2613 ipse
637 2529 751 2595 honori
777 2540 809 2596 et
837 2530 981 2614 dignitati
1008 2552 1134 2614 semper

171 2614 287 2679 faverit
308 2614 434 2679 adiutor
456 2637 497 2677 ue
526 2615 628 2678 fuerit.
658 2615 782 2680 Novum
797 2617 830 2678 in
851 2614 1015 2700 republica
1036 2615 1146 2695 intro-¹

173 2699 303 2764 ductum
325 2637 503 2784 exemplum
527 2701 676 2784 queritur,
699 2710 735 2764 ut
755 2699 926 2764 tribunicia
947 2701 1133 2765 intercessio

173 2787 269 2849 aruris
284 2793 447 2850 notaretur
458 2793 552 2870 atque
564 2786 805 2870 opprimeretur,
822 2808 902 2872 quae
914 2784 1131 2876 superioribus

170 2871 263 2934 annis
278 2892 318 2936 aa
332 2871 428 2934 armis
444 2879 529 2934 esset
543 2869 835 2953 restium-Sullam
848 2871 969 2935 nudata
983 2869 1131 2936 omnibus

170 2955 267 3021 rebus
282 2954 454 3020 tribunicia
474 2964 630 3040 potestate
646 2965 751 3021 tamen
774 2957 1036 3020 intercessionem
1050 2954 1131 3020 libe-

168 3062 239 3106 ram
271 3039 456 3125 reliquisse3
489 3038 684 3126 Pompeium,
721 3042 776 3126 qui
807 3043 925 3105 amissa
956 3041 1132 3107 restituisse

169 3126 325 3208 videatur,
348 3126 430 3194 dona
452 3127 557 3206 etiam,
580 3147 661 3212 quae
677 3135 750 3208 ante
765 3126 941 3209 habuerint,
964 3126 1130 3190 ademisse.

171 3211 438 3298 Quotiescumque
454 3212 495 3274 sit
510 3210 680 3293 decretum,
693 3211 806 3276 darent
820 3234 949 3296 operam
964 3211 1130 3298 magistra·

168 3306 229 3380 tus,
252 3320 293 3363 ne
314 3297 390 3382 quid
410 3294 592 3381 respublica
607 3297 786 3361 detrimenti
801 3307 931 3382 caperet
953 3296 1029 3382 (qua
1050 3319 1131 3361 voce

169 3392 201 3446 et
229 3404 290 3468 quo
321 3380 593 3448 senatusconsulto
621 3381 756 3468 populus
783 3383 944 3448 Romanus
973 3380 1014 3446 ad
1041 3403 1132 3446 arma

126 3473 130 3480 '
171 3469 222 3534 sit¹
237 3468 392 3553 vocatus),
423 3468 541 3532 facturn
574 3467 608 3529 in
639 3469 825 3552 perniciosis
862 3466 1001 3553 legibus,
1035 3467 1068 3529 in
1096 3469 1130 3532 vi
