<?xml version="1.0" encoding="UTF-8"?>
<!DOCTYPE html PUBLIC "-//W3C//DTD XHTML 1.0 Transitional//EN"
    "http://www.w3.org/TR/xhtml1/DTD/xhtml1-transitional.dtd">
<html xmlns="http://www.w3.org/1999/xhtml" xml:lang="en" lang="en">
 <head>
  <title>
</title>
<meta http-equiv="Content-Type" content="text/html;charset=utf-8" />
  <meta name='ocr-system' content='tesseract 3.04.00' />
  <meta name='ocr-capabilities' content='ocr_page ocr_carea ocr_par ocr_line ocrx_word'/>
</head>
<body>
  <div class='ocr_page' id='page_1' title='image "./ciuliicaesarisc01hirtgoog_0077.png"; bbox 0 0 2534 3970; ppageno 0'>
   <div class='ocr_carea' id='block_1_1' title="bbox 175 189 875 258">
    <p class='ocr_par' dir='ltr' id='par_1_1' title="bbox 175 189 875 258">
     <span class='ocr_line' id='line_1_1' title="bbox 175 189 875 258; baseline -0.001 -1"><span class='ocrx_word' id='word_1_1' title='bbox 175 192 216 257; x_wconf 78' lang='lat'>72</span> <span class='ocrx_word' id='word_1_2' title='bbox 432 191 493 256; x_wconf 83' lang='lat' dir='ltr'>DE</span> <span class='ocrx_word' id='word_1_3' title='bbox 515 190 660 257; x_wconf 81' lang='lat' dir='ltr'>BELLO</span> <span class='ocrx_word' id='word_1_4' title='bbox 683 189 875 258; x_wconf 77' lang='lat' dir='ltr'>GALLIOO</span> 
     </span>
    </p>
   </div>
   <div class='ocr_carea' id='block_1_2' title="bbox 110 359 1132 874">
    <p class='ocr_par' dir='ltr' id='par_1_2' title="bbox 110 359 1132 874">
     <span class='ocr_line' id='line_1_2' title="bbox 171 359 1131 448; baseline -0.005 -22"><span class='ocrx_word' id='word_1_5' title='bbox 171 361 376 444; x_wconf 85' lang='lat' dir='ltr'>lacessantur,</span> <span class='ocrx_word' id='word_1_6' title='bbox 405 362 481 447; x_wconf 92' lang='lat' dir='ltr'>quin</span> <span class='ocrx_word' id='word_1_7' title='bbox 504 363 601 426; x_wconf 89' lang='lat' dir='ltr'>armis</span> <span class='ocrx_word' id='word_1_8' title='bbox 624 362 825 446; x_wconf 79' lang='lat' dir='ltr'>contendant,</span> <span class='ocrx_word' id='word_1_9' title='bbox 850 361 934 448; x_wconf 90' lang='lat' dir='ltr'>quod</span> <span class='ocrx_word' id='word_1_10' title='bbox 957 359 1131 424; x_wconf 80' lang='lat' dir='ltr'>Germano·</span> 
     </span>
     <span class='ocr_line' id='line_1_3' title="bbox 170 446 1131 545; baseline -0.006 -32"><span class='ocrx_word' id='word_1_11' title='bbox 170 471 241 513; x_wconf 89' lang='lat' dir='ltr'>rum</span> <span class='ocrx_word' id='word_1_12' title='bbox 262 446 458 512; x_wconf 83' lang='lat' dir='ltr'>consuetudo</span> <span class='ocrx_word' id='word_1_13' title='bbox 474 447 553 512; x_wconf 89' lang='lat' dir='ltr'>haec</span> <span class='ocrx_word' id='word_1_14' title='bbox 569 449 609 514; x_wconf 88' lang='lat' dir='ltr'>sit</span> <span class='ocrx_word' id='word_1_15' title='bbox 621 469 640 510; x_wconf 90' lang='lat' dir='ltr'>a</span> <span class='ocrx_word' id='word_1_16' title='bbox 654 447 825 512; x_wconf 88' lang='lat' dir='ltr'>maioribus</span> <span class='ocrx_word' id='word_1_17' title='bbox 841 447 967 528; x_wconf 85' lang='lat' dir='ltr'>tradita,</span> <span class='ocrx_word' id='word_1_18' title='bbox 991 446 1131 545; x_wconf 88' lang='lat' dir='ltr'>quicum-</span> 
     </span>
     <span class='ocr_line' id='line_1_4' title="bbox 171 528 1131 618; baseline -0.006 -21"><span class='ocrx_word' id='word_1_19' title='bbox 171 553 232 618; x_wconf 88' lang='lat' dir='ltr'>que</span> <span class='ocrx_word' id='word_1_20' title='bbox 253 532 375 596; x_wconf 89' lang='lat' dir='ltr'>bellum</span> <span class='ocrx_word' id='word_1_21' title='bbox 396 531 543 614; x_wconf 85' lang='lat' dir='ltr'>inferant,</span> <span class='ocrx_word' id='word_1_22' title='bbox 559 534 708 596; x_wconf 85' lang='lat' dir='ltr'>resistere</span> <span class='ocrx_word' id='word_1_23' title='bbox 722 555 827 618; x_wconf 88' lang='lat' dir='ltr'>neque</span> <span class='ocrx_word' id='word_1_24' title='bbox 843 532 1017 617; x_wconf 83' lang='lat' dir='ltr'>deprecari.</span> <span class='ocrx_word' id='word_1_25' title='bbox 1040 528 1131 600; x_wconf 71' lang='lat' dir='ltr'>Haec</span> 
     </span>
     <span class='ocr_line' id='line_1_5' title="bbox 110 616 1132 700; baseline -0.007 -16"><span class='ocrx_word' id='word_1_26' title='bbox 110 677 112 684; x_wconf 81' lang='grc'>,</span> <span class='ocrx_word' id='word_1_27' title='bbox 170 627 276 682; x_wconf 66' lang='lat' dir='ltr'>minen</span> <span class='ocrx_word' id='word_1_28' title='bbox 292 617 416 682; x_wconf 86' lang='lat' dir='ltr'>dicere:</span> <span class='ocrx_word' id='word_1_29' title='bbox 438 619 565 683; x_wconf 87' lang='lat' dir='ltr'>venisse</span> <span class='ocrx_word' id='word_1_30' title='bbox 580 619 704 700; x_wconf 87' lang='lat' dir='ltr'>invitos,</span> <span class='ocrx_word' id='word_1_31' title='bbox 729 619 847 683; x_wconf 87' lang='lat' dir='ltr'>eiectos</span> <span class='ocrx_word' id='word_1_32' title='bbox 863 617 972 698; x_wconf 83' lang='lat' dir='ltr'>dom03</span> <span class='ocrx_word' id='word_1_33' title='bbox 995 616 1022 679; x_wconf 88' lang='lat' dir='ltr'>si</span> <span class='ocrx_word' id='word_1_34' title='bbox 1041 637 1132 678; x_wconf 86' lang='lat' dir='ltr'>suam</span> 
     </span>
     <span class='ocr_line' id='line_1_6' title="bbox 170 702 1130 788; baseline -0.002 -23"><span class='ocrx_word' id='word_1_35' title='bbox 170 704 306 788; x_wconf 82' lang='lat' dir='ltr'><strong>gratiam</strong></span> <span class='ocrx_word' id='word_1_36' title='bbox 322 703 456 767; x_wconf 88' lang='lat' dir='ltr'>Romani</span> <span class='ocrx_word' id='word_1_37' title='bbox 477 702 586 785; x_wconf 78' lang='lat' dir='ltr'>velint,</span> <span class='ocrx_word' id='word_1_38' title='bbox 608 725 703 788; x_wconf 90' lang='lat' dir='ltr'>posse</span> <span class='ocrx_word' id='word_1_39' title='bbox 725 704 763 766; x_wconf 88' lang='lat' dir='ltr'>iis</span> <span class='ocrx_word' id='word_1_40' title='bbox 786 703 879 768; x_wconf 89' lang='lat' dir='ltr'>utiles</span> <span class='ocrx_word' id='word_1_41' title='bbox 903 725 973 766; x_wconf 87' lang='lat' dir='ltr'>esse</span> <span class='ocrx_word' id='word_1_42' title='bbox 995 702 1130 780; x_wconf 71' lang='lat' dir='ltr'>amicos,</span> 
     </span>
     <span class='ocr_line' id='line_1_7' title="bbox 169 787 1129 874; baseline 0 -24"><span class='ocrx_word' id='word_1_43' title='bbox 169 787 222 851; x_wconf 88' lang='lat' dir='ltr'>vel</span> <span class='ocrx_word' id='word_1_44' title='bbox 244 788 306 853; x_wconf 83' lang='lat' dir='ltr'>sibi</span> <span class='ocrx_word' id='word_1_45' title='bbox 333 810 426 874; x_wconf 85' lang='lat' dir='ltr'>agros</span> <span class='ocrx_word' id='word_1_46' title='bbox 457 788 637 870; x_wconf 78' lang='lat' dir='ltr'>attribuant,</span> <span class='ocrx_word' id='word_1_47' title='bbox 665 787 718 852; x_wconf 89' lang='lat' dir='ltr'>vel</span> <span class='ocrx_word' id='word_1_48' title='bbox 737 789 898 874; x_wconf 84' lang='lat' dir='ltr'>patiantur</span> <span class='ocrx_word' id='word_1_49' title='bbox 927 809 982 852; x_wconf 87' lang='lat' dir='ltr'>eos</span> <span class='ocrx_word' id='word_1_50' title='bbox 1012 800 1129 868; x_wconf 87' lang='lat' dir='ltr'>tencre,</span> 
     </span>
    </p>
   </div>
   <div class='ocr_carea' id='block_1_3' title="bbox 161 871 1195 3516">
    <p class='ocr_par' dir='ltr' id='par_1_3' title="bbox 168 871 1195 1214">
     <span class='ocr_line' id='line_1_8' title="bbox 169 871 1128 959; baseline 0 -23"><span class='ocrx_word' id='word_1_51' title='bbox 169 895 248 959; x_wconf 93' lang='lat' dir='ltr'>quos</span> <span class='ocrx_word' id='word_1_52' title='bbox 267 897 366 937; x_wconf 77' lang='lat' dir='ltr'>armas</span> <span class='ocrx_word' id='word_1_53' title='bbox 388 872 602 958; x_wconf 86' lang='lat' dir='ltr'>possederint:</span> <span class='ocrx_word' id='word_1_54' title='bbox 625 896 696 937; x_wconf 89' lang='lat' dir='ltr'>sese</span> <span class='ocrx_word' id='word_1_55' title='bbox 725 874 796 937; x_wconf 89' lang='lat' dir='ltr'>unis</span> <span class='ocrx_word' id='word_1_56' title='bbox 808 873 922 938; x_wconf 82' lang='lat' dir='ltr'><strong>Suebis</strong></span> <span class='ocrx_word' id='word_1_57' title='bbox 945 871 1128 956; x_wconf 86' lang='lat' dir='ltr'>concedere,</span> 
     </span>
     <span class='ocr_line' id='line_1_9' title="bbox 169 953 1195 1044; baseline -0.001 -23"><span class='ocrx_word' id='word_1_58' title='bbox 169 958 284 1044; x_wconf 89' lang='lat' dir='ltr'>quibus</span> <span class='ocrx_word' id='word_1_59' title='bbox 306 981 347 1022; x_wconf 90' lang='lat' dir='ltr'>ne</span> <span class='ocrx_word' id='word_1_60' title='bbox 370 958 414 1021; x_wconf 88' lang='lat' dir='ltr'>dii</span> <span class='ocrx_word' id='word_1_61' title='bbox 436 959 563 1044; x_wconf 85' lang='lat' dir='ltr'>quidem</span> <span class='ocrx_word' id='word_1_62' title='bbox 585 957 778 1024; x_wconf 76' lang='lat' dir='ltr'>immortales</span> <span class='ocrx_word' id='word_1_63' title='bbox 800 981 893 1044; x_wconf 88' lang='lat' dir='ltr'>pares</span> <span class='ocrx_word' id='word_1_64' title='bbox 909 979 979 1022; x_wconf 87' lang='lat' dir='ltr'>esse</span> <span class='ocrx_word' id='word_1_65' title='bbox 993 959 1129 1042; x_wconf 71' lang='lat' dir='ltr'>possint3</span> <span class='ocrx_word' id='word_1_66' title='bbox 1192 953 1195 964; x_wconf 81' lang='lat'>&#39;</span> 
     </span>
     <span class='ocr_line' id='line_1_10' title="bbox 170 1043 1130 1131; baseline -0.002 -23"><span class='ocrx_word' id='word_1_67' title='bbox 170 1043 327 1130; x_wconf 89' lang='lat' dir='ltr'>reliquum</span> <span class='ocrx_word' id='word_1_68' title='bbox 349 1044 476 1131; x_wconf 90' lang='lat' dir='ltr'>quidem</span> <span class='ocrx_word' id='word_1_69' title='bbox 498 1045 645 1108; x_wconf 85' lang='lat' dir='ltr'>interris</span> <span class='ocrx_word' id='word_1_70' title='bbox 668 1065 739 1108; x_wconf 86' lang='lat' dir='ltr'>esse</span> <span class='ocrx_word' id='word_1_71' title='bbox 761 1045 929 1125; x_wconf 87' lang='lat' dir='ltr'>neminem,</span> <span class='ocrx_word' id='word_1_72' title='bbox 952 1065 1045 1129; x_wconf 88' lang='lat' dir='ltr'>quem</span> <span class='ocrx_word' id='word_1_73' title='bbox 1066 1065 1130 1107; x_wconf 92' lang='lat' dir='ltr'>non</span> 
     </span>
     <span class='ocr_line' id='line_1_11' title="bbox 168 1130 1122 1214; baseline 0 -22"><span class='ocrx_word' id='word_1_74' title='bbox 168 1151 317 1214; x_wconf 88' lang='lat' dir='ltr'>superare</span> <span class='ocrx_word' id='word_1_75' title='bbox 339 1130 470 1214; x_wconf 84' lang='lat' dir='ltr'>possint.</span> <span class='ocrx_word' id='word_1_76' title='bbox 1120 1185 1122 1192; x_wconf 78' lang='grc'><strong><em>,</em></strong></span> 
     </span>
    </p>

    <p class='ocr_par' dir='ltr' id='par_1_4' title="bbox 165 1213 1131 2068">
     <span class='ocr_line' id='line_1_12' title="bbox 231 1213 1130 1301; baseline 0 -24"><span class='ocrx_word' id='word_1_77' title='bbox 231 1213 261 1277; x_wconf 86' lang='lat'>8.</span> <span class='ocrx_word' id='word_1_78' title='bbox 289 1214 342 1278; x_wconf 89' lang='lat' dir='ltr'>Ad</span> <span class='ocrx_word' id='word_1_79' title='bbox 370 1214 449 1278; x_wconf 91' lang='lat' dir='ltr'>haec</span> <span class='ocrx_word' id='word_1_80' title='bbox 478 1237 559 1301; x_wconf 84' lang='lat' dir='ltr'>quse</span> <span class='ocrx_word' id='word_1_81' title='bbox 588 1215 692 1278; x_wconf 90' lang='lat' dir='ltr'>visum</span> <span class='ocrx_word' id='word_1_82' title='bbox 726 1223 775 1278; x_wconf 89' lang='lat' dir='ltr'>est</span> <span class='ocrx_word' id='word_1_83' title='bbox 804 1213 924 1278; x_wconf 79' lang='lat' dir='ltr'>Caesar</span> <span class='ocrx_word' id='word_1_84' title='bbox 952 1213 1130 1297; x_wconf 81' lang='lat' dir='ltr'>respondit;</span> 
     </span>
     <span class='ocr_line' id='line_1_13' title="bbox 168 1298 1129 1366; baseline -0.001 -3"><span class='ocrx_word' id='word_1_85' title='bbox 168 1298 226 1363; x_wconf 86' lang='lat' dir='ltr'>sed</span> <span class='ocrx_word' id='word_1_86' title='bbox 248 1301 351 1364; x_wconf 87' lang='lat' dir='ltr'>exitus</span> <span class='ocrx_word' id='word_1_87' title='bbox 373 1300 432 1364; x_wconf 82' lang='lat' dir='ltr'>fuit</span> <span class='ocrx_word' id='word_1_88' title='bbox 455 1300 620 1366; x_wconf 84' lang='lat' dir='ltr'>orationis:</span> <span class='ocrx_word' id='word_1_89' title='bbox 651 1299 720 1364; x_wconf 83' lang='lat' dir='ltr'>Sibi</span> <span class='ocrx_word' id='word_1_90' title='bbox 747 1299 869 1363; x_wconf 90' lang='lat' dir='ltr'>nullam</span> <span class='ocrx_word' id='word_1_91' title='bbox 891 1321 962 1364; x_wconf 89' lang='lat' dir='ltr'>cum</span> <span class='ocrx_word' id='word_1_92' title='bbox 984 1299 1033 1362; x_wconf 87' lang='lat' dir='ltr'>his</span> <span class='ocrx_word' id='word_1_93' title='bbox 1055 1300 1129 1362; x_wconf 90' lang='lat' dir='ltr'>ami-</span> 
     </span>
     <span class='ocr_line' id='line_1_14' title="bbox 168 1384 1130 1534; baseline 0.001 -86"><span class='ocrx_word' id='word_1_94' title='bbox 168 1385 275 1448; x_wconf 82' lang='lat' dir='ltr'>citiam</span> <span class='ocrx_word' id='word_1_95' title='bbox 297 1407 368 1450; x_wconf 83' lang='lat' dir='ltr'>cssc</span> <span class='ocrx_word' id='word_1_96' title='bbox 389 1407 500 1470; x_wconf 88' lang='lat' dir='ltr'>posse,</span> <span class='ocrx_word' id='word_1_97' title='bbox 531 1386 559 1448; x_wconf 89' lang='lat' dir='ltr'>si</span> <span class='ocrx_word' id='word_1_98' title='bbox 586 1387 620 1448; x_wconf 90' lang='lat' dir='ltr'>in</span> <span class='ocrx_word' id='word_1_99' title='bbox 650 1384 756 1450; x_wconf 82' lang='lat' dir='ltr'>Gallis</span> <span class='ocrx_word' id='word_1_100' title='bbox 783 1392 998 1466; x_wconf 82' lang='lat' dir='ltr'>remanerent3</span> <span class='ocrx_word' id='word_1_101' title='bbox 1026 1407 1130 1534; x_wconf 89' lang='lat' dir='ltr'>neque</span> 
     </span>
     <span class='ocr_line' id='line_1_15' title="bbox 167 1471 1130 1558; baseline 0 -24"><span class='ocrx_word' id='word_1_102' title='bbox 167 1491 279 1534; x_wconf 83' lang='lat' dir='ltr'>verum</span> <span class='ocrx_word' id='word_1_103' title='bbox 302 1493 381 1553; x_wconf 88' lang='lat' dir='ltr'>esse,</span> <span class='ocrx_word' id='word_1_104' title='bbox 405 1473 459 1558; x_wconf 93' lang='lat' dir='ltr'>qui</span> <span class='ocrx_word' id='word_1_105' title='bbox 481 1493 554 1535; x_wconf 88' lang='lat' dir='ltr'>suos</span> <span class='ocrx_word' id='word_1_106' title='bbox 576 1471 656 1534; x_wconf 88' lang='lat' dir='ltr'>fines</span> <span class='ocrx_word' id='word_1_107' title='bbox 678 1472 760 1534; x_wconf 88' lang='lat' dir='ltr'>tueri</span> <span class='ocrx_word' id='word_1_108' title='bbox 780 1493 845 1534; x_wconf 91' lang='lat' dir='ltr'>non</span> <span class='ocrx_word' id='word_1_109' title='bbox 866 1472 1031 1556; x_wconf 85' lang='lat' dir='ltr'>potuerint,</span> <span class='ocrx_word' id='word_1_110' title='bbox 1055 1473 1130 1534; x_wconf 84' lang='lat' dir='ltr'>sie-</span> 
     </span>
     <span class='ocr_line' id='line_1_16' title="bbox 166 1555 1129 1643; baseline 0.002 -25"><span class='ocrx_word' id='word_1_111' title='bbox 166 1577 226 1620; x_wconf 89' lang='lat' dir='ltr'>nos</span> <span class='ocrx_word' id='word_1_112' title='bbox 255 1578 425 1642; x_wconf 80' lang='lat' dir='ltr'>occupsre3</span> <span class='ocrx_word' id='word_1_113' title='bbox 452 1579 556 1643; x_wconf 89' lang='lat' dir='ltr'>neque</span> <span class='ocrx_word' id='word_1_114' title='bbox 586 1555 667 1620; x_wconf 88' lang='lat' dir='ltr'>ullos</span> <span class='ocrx_word' id='word_1_115' title='bbox 693 1557 727 1619; x_wconf 88' lang='lat' dir='ltr'>in</span> <span class='ocrx_word' id='word_1_116' title='bbox 757 1555 863 1620; x_wconf 82' lang='lat' dir='ltr'>Gallia</span> <span class='ocrx_word' id='word_1_117' title='bbox 888 1577 1003 1618; x_wconf 84' lang='lat' dir='ltr'>vacare</span> <span class='ocrx_word' id='word_1_118' title='bbox 1026 1578 1129 1640; x_wconf 86' lang='lat' dir='ltr'>agros,</span> 
     </span>
     <span class='ocr_line' id='line_1_17' title="bbox 167 1640 1131 1727; baseline 0.002 -23"><span class='ocrx_word' id='word_1_119' title='bbox 167 1640 221 1726; x_wconf 91' lang='lat' dir='ltr'>qui</span> <span class='ocrx_word' id='word_1_120' title='bbox 249 1641 317 1706; x_wconf 87' lang='lat' dir='ltr'>dari</span> <span class='ocrx_word' id='word_1_121' title='bbox 345 1651 456 1706; x_wconf 86' lang='lat' dir='ltr'>tantae</span> <span class='ocrx_word' id='word_1_122' title='bbox 478 1643 665 1727; x_wconf 86' lang='lat' dir='ltr'>praesertim</span> <span class='ocrx_word' id='word_1_123' title='bbox 692 1641 885 1705; x_wconf 90' lang='lat' dir='ltr'>multitudini</span> <span class='ocrx_word' id='word_1_124' title='bbox 919 1642 986 1704; x_wconf 90' lang='lat' dir='ltr'>sine</span> <span class='ocrx_word' id='word_1_125' title='bbox 1015 1641 1131 1706; x_wconf 83' lang='lat' dir='ltr'>iniuria</span> 
     </span>
     <span class='ocr_line' id='line_1_18' title="bbox 165 1725 1129 1812; baseline 0 -22"><span class='ocrx_word' id='word_1_126' title='bbox 165 1728 302 1812; x_wconf 78' lang='lat' dir='ltr'>possint3</span> <span class='ocrx_word' id='word_1_127' title='bbox 340 1727 397 1792; x_wconf 88' lang='lat' dir='ltr'>sed</span> <span class='ocrx_word' id='word_1_128' title='bbox 425 1727 538 1809; x_wconf 88' lang='lat' dir='ltr'>licere,</span> <span class='ocrx_word' id='word_1_129' title='bbox 568 1728 596 1790; x_wconf 89' lang='lat' dir='ltr'>si</span> <span class='ocrx_word' id='word_1_130' title='bbox 624 1726 738 1808; x_wconf 89' lang='lat' dir='ltr'>velint,</span> <span class='ocrx_word' id='word_1_131' title='bbox 766 1729 800 1790; x_wconf 90' lang='lat' dir='ltr'>in</span> <span class='ocrx_word' id='word_1_132' title='bbox 828 1725 984 1790; x_wconf 86' lang='lat' dir='ltr'>Ubiorum</span> <span class='ocrx_word' id='word_1_133' title='bbox 1013 1725 1129 1792; x_wconf 88' lang='lat' dir='ltr'>finibus</span> 
     </span>
     <span class='ocr_line' id='line_1_19' title="bbox 166 1811 1129 1900; baseline 0.004 -26"><span class='ocrx_word' id='word_1_134' title='bbox 166 1811 341 1895; x_wconf 86' lang='lat' dir='ltr'>considere,</span> <span class='ocrx_word' id='word_1_135' title='bbox 365 1837 498 1900; x_wconf 88' lang='lat' dir='ltr'>quorum</span> <span class='ocrx_word' id='word_1_136' title='bbox 520 1814 584 1875; x_wconf 89' lang='lat' dir='ltr'>siut</span> <span class='ocrx_word' id='word_1_137' title='bbox 611 1811 708 1898; x_wconf 85' lang='lat' dir='ltr'>legati</span> <span class='ocrx_word' id='word_1_138' title='bbox 730 1812 815 1899; x_wconf 89' lang='lat' dir='ltr'>apud</span> <span class='ocrx_word' id='word_1_139' title='bbox 838 1833 872 1875; x_wconf 88' lang='lat' dir='ltr'>se</span> <span class='ocrx_word' id='word_1_140' title='bbox 895 1811 987 1875; x_wconf 88' lang='lat' dir='ltr'>etde</span> <span class='ocrx_word' id='word_1_141' title='bbox 1010 1811 1129 1878; x_wconf 84' lang='lat' dir='ltr'>Suebo·</span> 
     </span>
     <span class='ocr_line' id='line_1_20' title="bbox 165 1897 1130 1984; baseline 0.002 -24"><span class='ocrx_word' id='word_1_142' title='bbox 165 1899 381 1961; x_wconf 80' lang='lat' dir='ltr'>ruminiuriis</span> <span class='ocrx_word' id='word_1_143' title='bbox 404 1899 576 1984; x_wconf 86' lang='lat' dir='ltr'>querantur</span> <span class='ocrx_word' id='word_1_144' title='bbox 598 1906 629 1962; x_wconf 87' lang='lat' dir='ltr'>et</span> <span class='ocrx_word' id='word_1_145' title='bbox 651 1920 670 1961; x_wconf 91' lang='lat' dir='ltr'>a</span> <span class='ocrx_word' id='word_1_146' title='bbox 691 1919 726 1961; x_wconf 87' lang='lat' dir='ltr'>se</span> <span class='ocrx_word' id='word_1_147' title='bbox 748 1897 901 1962; x_wconf 84' lang='lat' dir='ltr'>auxilium</span> <span class='ocrx_word' id='word_1_148' title='bbox 922 1905 1046 1982; x_wconf 84' lang='lat' dir='ltr'>petent:</span> <span class='ocrx_word' id='word_1_149' title='bbox 1069 1897 1130 1964; x_wconf 89' lang='lat' dir='ltr'>hoo</span> 
     </span>
     <span class='ocr_line' id='line_1_21' title="bbox 165 1981 572 2068; baseline 0.007 -24"><span class='ocrx_word' id='word_1_150' title='bbox 165 2003 200 2044; x_wconf 86' lang='lat' dir='ltr'>sc</span> <span class='ocrx_word' id='word_1_151' title='bbox 221 1981 314 2046; x_wconf 86' lang='lat' dir='ltr'>Ubiis</span> <span class='ocrx_word' id='word_1_152' title='bbox 337 1985 572 2068; x_wconf 81' lang='lat' dir='ltr'>imperaturum.</span> 
     </span>
    </p>

    <p class='ocr_par' dir='ltr' id='par_1_5' title="bbox 161 2067 1148 3516">
     <span class='ocr_line' id='line_1_22' title="bbox 229 2067 1130 2153; baseline 0.002 -23"><span class='ocrx_word' id='word_1_153' title='bbox 229 2067 260 2130; x_wconf 89' lang='lat'>9.</span> <span class='ocrx_word' id='word_1_154' title='bbox 281 2068 395 2153; x_wconf 85' lang='lat' dir='ltr'>Legati</span> <span class='ocrx_word' id='word_1_155' title='bbox 416 2070 496 2133; x_wconf 88' lang='lat' dir='ltr'>haec</span> <span class='ocrx_word' id='word_1_156' title='bbox 525 2091 559 2132; x_wconf 89' lang='lat' dir='ltr'>se</span> <span class='ocrx_word' id='word_1_157' title='bbox 587 2068 629 2132; x_wconf 93' lang='lat' dir='ltr'>ad</span> <span class='ocrx_word' id='word_1_158' title='bbox 658 2091 730 2134; x_wconf 87' lang='lat' dir='ltr'>suos</span> <span class='ocrx_word' id='word_1_159' title='bbox 753 2068 905 2134; x_wconf 82' lang='lat' dir='ltr'>relaturos</span> <span class='ocrx_word' id='word_1_160' title='bbox 928 2068 1076 2132; x_wconf 84' lang='lat' dir='ltr'>dixerunt</span> <span class='ocrx_word' id='word_1_161' title='bbox 1097 2078 1130 2132; x_wconf 86' lang='lat' dir='ltr'>et</span> 
     </span>
     <span class='ocr_line' id='line_1_23' title="bbox 164 2152 1127 2240; baseline -0.001 -23"><span class='ocrx_word' id='word_1_162' title='bbox 164 2175 200 2217; x_wconf 89' lang='lat' dir='ltr'>re</span> <span class='ocrx_word' id='word_1_163' title='bbox 223 2152 397 2217; x_wconf 88' lang='lat' dir='ltr'>deliberata</span> <span class='ocrx_word' id='word_1_164' title='bbox 418 2163 490 2240; x_wconf 89' lang='lat' dir='ltr'>post</span> <span class='ocrx_word' id='word_1_165' title='bbox 512 2155 597 2218; x_wconf 87' lang='lat' dir='ltr'>diem</span> <span class='ocrx_word' id='word_1_166' title='bbox 618 2155 745 2218; x_wconf 86' lang='lat' dir='ltr'>tertium</span> <span class='ocrx_word' id='word_1_167' title='bbox 767 2154 809 2218; x_wconf 85' lang='lat' dir='ltr'>ad</span> <span class='ocrx_word' id='word_1_168' title='bbox 831 2153 1000 2220; x_wconf 80' lang='lat' dir='ltr'>Gaesarem</span> <span class='ocrx_word' id='word_1_169' title='bbox 1023 2176 1127 2218; x_wconf 86' lang='lat' dir='ltr'>rever·</span> 
     </span>
     <span class='ocr_line' id='line_1_24' title="bbox 164 2241 1126 2325; baseline 0.003 -25"><span class='ocrx_word' id='word_1_170' title='bbox 164 2259 272 2302; x_wconf 84' lang='lat' dir='ltr'>suros:</span> <span class='ocrx_word' id='word_1_171' title='bbox 287 2241 409 2303; x_wconf 89' lang='lat' dir='ltr'>interea</span> <span class='ocrx_word' id='word_1_172' title='bbox 423 2263 464 2304; x_wconf 88' lang='lat' dir='ltr'>ne</span> <span class='ocrx_word' id='word_1_173' title='bbox 478 2241 606 2325; x_wconf 85' lang='lat' dir='ltr'>propius</span> <span class='ocrx_word' id='word_1_174' title='bbox 622 2261 656 2302; x_wconf 90' lang='lat' dir='ltr'>se</span> <span class='ocrx_word' id='word_1_175' title='bbox 672 2249 775 2303; x_wconf 89' lang='lat' dir='ltr'>castra</span> <span class='ocrx_word' id='word_1_176' title='bbox 789 2249 936 2321; x_wconf 90' lang='lat' dir='ltr'>moveret,</span> <span class='ocrx_word' id='word_1_177' title='bbox 958 2241 1126 2324; x_wconf 90' lang='lat' dir='ltr'>petierunt.</span> 
     </span>
     <span class='ocr_line' id='line_1_25' title="bbox 163 2322 1125 2410; baseline 0 -24"><span class='ocrx_word' id='word_1_178' title='bbox 163 2322 211 2386; x_wconf 85' lang='lat' dir='ltr'>Ne</span> <span class='ocrx_word' id='word_1_179' title='bbox 234 2324 267 2386; x_wconf 90' lang='lat' dir='ltr'>id</span> <span class='ocrx_word' id='word_1_180' title='bbox 295 2324 422 2410; x_wconf 84' lang='lat' dir='ltr'>quidem</span> <span class='ocrx_word' id='word_1_181' title='bbox 452 2323 572 2390; x_wconf 78' lang='lat' dir='ltr'>Caesar</span> <span class='ocrx_word' id='word_1_182' title='bbox 599 2324 640 2389; x_wconf 89' lang='lat' dir='ltr'>ab</span> <span class='ocrx_word' id='word_1_183' title='bbox 668 2347 702 2388; x_wconf 89' lang='lat' dir='ltr'>se</span> <span class='ocrx_word' id='word_1_184' title='bbox 730 2325 892 2410; x_wconf 87' lang='lat' dir='ltr'>impetrari</span> <span class='ocrx_word' id='word_1_185' title='bbox 920 2346 1013 2409; x_wconf 86' lang='lat' dir='ltr'>posse</span> <span class='ocrx_word' id='word_1_186' title='bbox 1036 2325 1125 2388; x_wconf 83' lang='lat' dir='ltr'>dixit.</span> 
     </span>
     <span class='ocr_line' id='line_1_26' title="bbox 164 2407 1148 2496; baseline 0 -23"><span class='ocrx_word' id='word_1_187' title='bbox 164 2407 367 2494; x_wconf 74' lang='lat' dir='ltr'>Cognoverat</span> <span class='ocrx_word' id='word_1_188' title='bbox 395 2412 479 2476; x_wconf 91' lang='lat' dir='ltr'>enim</span> <span class='ocrx_word' id='word_1_189' title='bbox 504 2433 654 2496; x_wconf 80' lang='lat' dir='ltr'>magnam</span> <span class='ocrx_word' id='word_1_190' title='bbox 682 2420 805 2494; x_wconf 85' lang='lat' dir='ltr'>partem</span> <span class='ocrx_word' id='word_1_191' title='bbox 834 2410 990 2494; x_wconf 82' lang='lat' dir='ltr'>equitatus</span> <span class='ocrx_word' id='word_1_192' title='bbox 1020 2409 1060 2474; x_wconf 93' lang='lat' dir='ltr'>ab</span> <span class='ocrx_word' id='word_1_193' title='bbox 1087 2411 1148 2474; x_wconf 88' lang='lat' dir='ltr'>iis-</span> 
     </span>
     <span class='ocr_line' id='line_1_27' title="bbox 164 2493 1128 2582; baseline 0 -24"><span class='ocrx_word' id='word_1_194' title='bbox 164 2493 284 2580; x_wconf 84' lang='lat' dir='ltr'>sliquot</span> <span class='ocrx_word' id='word_1_195' title='bbox 305 2495 417 2560; x_wconf 89' lang='lat' dir='ltr'>diebus</span> <span class='ocrx_word' id='word_1_196' title='bbox 444 2507 518 2562; x_wconf 88' lang='lat' dir='ltr'>ante</span> <span class='ocrx_word' id='word_1_197' title='bbox 538 2495 714 2582; x_wconf 87' lang='lat' dir='ltr'>praedandi</span> <span class='ocrx_word' id='word_1_198' title='bbox 734 2494 1008 2580; x_wconf 85' lang='lat' dir='ltr'>frumentandique</span> <span class='ocrx_word' id='word_1_199' title='bbox 1030 2517 1128 2559; x_wconf 80' lang='lat' dir='ltr'>consa</span> 
     </span>
     <span class='ocr_line' id='line_1_28' title="bbox 164 2579 1126 2665; baseline 0.001 -22"><span class='ocrx_word' id='word_1_200' title='bbox 164 2579 206 2644; x_wconf 90' lang='lat' dir='ltr'>ad</span> <span class='ocrx_word' id='word_1_201' title='bbox 226 2579 441 2646; x_wconf 87' lang='lat' dir='ltr'>Ambivaritos</span> <span class='ocrx_word' id='word_1_202' title='bbox 456 2593 544 2645; x_wconf 87' lang='lat' dir='ltr'>trans</span> <span class='ocrx_word' id='word_1_203' title='bbox 559 2581 682 2645; x_wconf 88' lang='lat' dir='ltr'>Mosam</span> <span class='ocrx_word' id='word_1_204' title='bbox 697 2583 842 2644; x_wconf 87' lang='lat' dir='ltr'>missam:</span> <span class='ocrx_word' id='word_1_205' title='bbox 865 2580 923 2642; x_wconf 87' lang='lat' dir='ltr'>hos</span> <span class='ocrx_word' id='word_1_206' title='bbox 946 2581 1126 2665; x_wconf 86' lang='lat' dir='ltr'>exspectari</span> 
     </span>
     <span class='ocr_line' id='line_1_29' title="bbox 164 2664 1125 2814; baseline 0 -86"><span class='ocrx_word' id='word_1_207' title='bbox 164 2667 284 2814; x_wconf 60' lang='lat' dir='ltr'>sqqites</span> <span class='ocrx_word' id='word_1_208' title='bbox 307 2677 403 2752; x_wconf 86' lang='lat' dir='ltr'>atque</span> <span class='ocrx_word' id='word_1_209' title='bbox 433 2669 500 2731; x_wconf 85' lang='lat' dir='ltr'>eius</span> <span class='ocrx_word' id='word_1_210' title='bbox 522 2669 570 2731; x_wconf 90' lang='lat' dir='ltr'>rei</span> <span class='ocrx_word' id='word_1_211' title='bbox 597 2689 696 2730; x_wconf 87' lang='lat' dir='ltr'>causa</span> <span class='ocrx_word' id='word_1_212' title='bbox 724 2687 845 2730; x_wconf 88' lang='lat' dir='ltr'>moram</span> <span class='ocrx_word' id='word_1_213' title='bbox 866 2666 1023 2751; x_wconf 90' lang='lat' dir='ltr'>interponi</span> <span class='ocrx_word' id='word_1_214' title='bbox 1044 2664 1125 2728; x_wconf 88' lang='lat' dir='ltr'>arbi·</span> 
     </span>
     <span class='ocr_line' id='line_1_30' title="bbox 162 2759 1084 2815; baseline 0.002 -2"><span class='ocrx_word' id='word_1_215' title='bbox 162 2759 211 2813; x_wconf 86' lang='lat' dir='ltr'>tra</span> <span class='ocrx_word' id='word_1_216' title='bbox 235 2761 313 2815; x_wconf 88' lang='lat' dir='ltr'>atur.</span> <span class='ocrx_word' id='word_1_217' title='bbox 1082 2795 1084 2802; x_wconf 89' lang='lat'>·</span> 
     </span>
     <span class='ocr_line' id='line_1_31' title="bbox 228 2835 1125 2923; baseline -0.001 -23"><span class='ocrx_word' id='word_1_218' title='bbox 228 2837 277 2900; x_wconf 89' lang='grc'>10.</span> <span class='ocrx_word' id='word_1_219' title='bbox 300 2837 390 2903; x_wconf 88' lang='lat' dir='ltr'>Mosa</span> <span class='ocrx_word' id='word_1_220' title='bbox 397 2837 525 2923; x_wconf 86' lang='lat' dir='ltr'>profluit</span> <span class='ocrx_word' id='word_1_221' title='bbox 531 2860 574 2902; x_wconf 83' lang='lat' dir='ltr'>ex</span> <span class='ocrx_word' id='word_1_222' title='bbox 580 2846 687 2902; x_wconf 86' lang='lat' dir='ltr'>monte</span> <span class='ocrx_word' id='word_1_223' title='bbox 694 2837 831 2922; x_wconf 84' lang='lat' dir='ltr'>Vosego,</span> <span class='ocrx_word' id='word_1_224' title='bbox 845 2837 898 2922; x_wconf 93' lang='lat' dir='ltr'>qui</span> <span class='ocrx_word' id='word_1_225' title='bbox 911 2847 958 2900; x_wconf 90' lang='lat' dir='ltr'>est</span> <span class='ocrx_word' id='word_1_226' title='bbox 969 2835 1125 2900; x_wconf 86' lang='lat' dir='ltr'>infinibus</span> 
     </span>
     <span class='ocr_line' id='line_1_32' title="bbox 161 2920 1126 3009; baseline 0 -25"><span class='ocrx_word' id='word_1_227' title='bbox 161 2920 350 3008; x_wconf 87' lang='lat' dir='ltr'>Lingonum,</span> <span class='ocrx_word' id='word_1_228' title='bbox 374 2934 406 2988; x_wconf 90' lang='lat' dir='ltr'>et</span> <span class='ocrx_word' id='word_1_229' title='bbox 420 2933 510 3009; x_wconf 88' lang='lat' dir='ltr'>parte</span> <span class='ocrx_word' id='word_1_230' title='bbox 529 2923 666 3008; x_wconf 85' lang='lat' dir='ltr'>quadam</span> <span class='ocrx_word' id='word_1_231' title='bbox 688 2945 729 2987; x_wconf 87' lang='lat' dir='ltr'>cx</span> <span class='ocrx_word' id='word_1_232' title='bbox 750 2921 861 2986; x_wconf 86' lang='lat' dir='ltr'>Rheno</span> <span class='ocrx_word' id='word_1_233' title='bbox 883 2931 1021 3006; x_wconf 86' lang='lat' dir='ltr'>recepta,</span> <span class='ocrx_word' id='word_1_234' title='bbox 1045 2943 1126 3006; x_wconf 90' lang='lat' dir='ltr'>quae</span> 
     </span>
     <span class='ocr_line' id='line_1_33' title="bbox 163 3007 1126 3092; baseline -0.001 -22"><span class='ocrx_word' id='word_1_235' title='bbox 163 3007 339 3092; x_wconf 83' lang='lat' dir='ltr'>appellatur</span> <span class='ocrx_word' id='word_1_236' title='bbox 350 3009 498 3090; x_wconf 87' lang='lat' dir='ltr'>Vacalus,</span> <span class='ocrx_word' id='word_1_237' title='bbox 522 3007 657 3072; x_wconf 88' lang='lat' dir='ltr'>insulam</span> <span class='ocrx_word' id='word_1_238' title='bbox 680 3007 775 3072; x_wconf 82' lang='lat' dir='ltr'>efficit</span> <span class='ocrx_word' id='word_1_239' title='bbox 795 3007 998 3088; x_wconf 83' lang='lat' dir='ltr'>Batavorum,</span> <span class='ocrx_word' id='word_1_240' title='bbox 1021 3029 1062 3069; x_wconf 91' lang='lat' dir='ltr'>ne</span> <span class='ocrx_word' id='word_1_241' title='bbox 1086 3027 1126 3069; x_wconf 81' lang='lat' dir='ltr'>ue</span> 
     </span>
     <span class='ocr_line' id='line_1_34' title="bbox 162 3029 1126 3178; baseline -0.002 -22"><span class='ocrx_word' id='word_1_242' title='bbox 162 3092 286 3176; x_wconf 84' lang='lat' dir='ltr'>longius</span> <span class='ocrx_word' id='word_1_243' title='bbox 309 3094 349 3157; x_wconf 87' lang='lat' dir='ltr'>ab</span> <span class='ocrx_word' id='word_1_244' title='bbox 372 3096 502 3159; x_wconf 80' lang='lat' dir='ltr'>Oceano</span> <span class='ocrx_word' id='word_1_245' title='bbox 524 3093 653 3156; x_wconf 87' lang='lat' dir='ltr'>milibus</span> <span class='ocrx_word' id='word_1_246' title='bbox 682 3113 834 3178; x_wconf 90' lang='lat' dir='ltr'>passuum</span> <span class='ocrx_word' id='word_1_247' title='bbox 861 3095 960 3154; x_wconf 88' lang='lat' dir='ltr'>LXXX</span> <span class='ocrx_word' id='word_1_248' title='bbox 982 3093 1022 3155; x_wconf 88' lang='lat' dir='ltr'>-in</span> <span class='ocrx_word' id='word_1_249' title='bbox 1043 3029 1126 3154; x_wconf 70' lang='lat' dir='ltr'>Rbe-</span> 
     </span>
     <span class='ocr_line' id='line_1_35' title="bbox 161 3177 1127 3261; baseline -0.002 -20"><span class='ocrx_word' id='word_1_250' title='bbox 161 3201 238 3242; x_wconf 91' lang='lat' dir='ltr'>num</span> <span class='ocrx_word' id='word_1_251' title='bbox 259 3178 369 3242; x_wconf 88' lang='lat' dir='ltr'>influit.</span> <span class='ocrx_word' id='word_1_252' title='bbox 413 3179 542 3243; x_wconf 83' lang='lat' dir='ltr'>Rhenus</span> <span class='ocrx_word' id='word_1_253' title='bbox 564 3187 672 3244; x_wconf 80' lang='lat' dir='ltr'>sutem</span> <span class='ocrx_word' id='word_1_254' title='bbox 694 3179 793 3242; x_wconf 90' lang='lat' dir='ltr'>oritur</span> <span class='ocrx_word' id='word_1_255' title='bbox 816 3200 858 3240; x_wconf 86' lang='lat' dir='ltr'>ex</span> <span class='ocrx_word' id='word_1_256' title='bbox 870 3177 918 3240; x_wconf 91' lang='lat' dir='ltr'>Le</span> <span class='ocrx_word' id='word_1_257' title='bbox 942 3177 1046 3258; x_wconf 88' lang='lat' dir='ltr'>ontiis,</span> <span class='ocrx_word' id='word_1_258' title='bbox 1071 3177 1127 3261; x_wconf 90' lang='lat' dir='ltr'>qui</span> 
     </span>
     <span class='ocr_line' id='line_1_36' title="bbox 162 3200 1125 3350; baseline -0.002 -24"><span class='ocrx_word' id='word_1_259' title='bbox 162 3263 261 3348; x_wconf 85' lang='lat' dir='ltr'>Alpes</span> <span class='ocrx_word' id='word_1_260' title='bbox 283 3264 433 3347; x_wconf 84' lang='lat' dir='ltr'>incolunt,</span> <span class='ocrx_word' id='word_1_261' title='bbox 457 3275 488 3328; x_wconf 88' lang='lat' dir='ltr'>et</span> <span class='ocrx_word' id='word_1_262' title='bbox 510 3264 605 3350; x_wconf 83' lang='lat' dir='ltr'>longo</span> <span class='ocrx_word' id='word_1_263' title='bbox 622 3265 722 3348; x_wconf 90' lang='lat' dir='ltr'>spatio</span> <span class='ocrx_word' id='word_1_264' title='bbox 744 3262 892 3348; x_wconf 88' lang='lat' dir='ltr'>perfines</span> <span class='ocrx_word' id='word_1_265' title='bbox 907 3200 1125 3343; x_wconf 55' lang='lat' dir='ltr'>biantuatium,</span> 
     </span>
     <span class='ocr_line' id='line_1_37' title="bbox 161 3346 1126 3435; baseline -0.003 -23"><span class='ocrx_word' id='word_1_266' title='bbox 161 3348 388 3433; x_wconf 85' lang='lat' dir='ltr'>Helvetiorum,</span> <span class='ocrx_word' id='word_1_267' title='bbox 413 3349 641 3435; x_wconf 85' lang='lat' dir='ltr'>Sequanorum,</span> <span class='ocrx_word' id='word_1_268' title='bbox 669 3347 950 3429; x_wconf 87' lang='lat' dir='ltr'>Mediomatricum,</span> <span class='ocrx_word' id='word_1_269' title='bbox 974 3346 1126 3410; x_wconf 82' lang='lat' dir='ltr'>Triboco-</span> 
     </span>
     <span class='ocr_line' id='line_1_38' title="bbox 162 3432 1126 3516; baseline -0.003 -19"><span class='ocrx_word' id='word_1_270' title='bbox 162 3457 241 3514; x_wconf 89' lang='lat' dir='ltr'>rum,</span> <span class='ocrx_word' id='word_1_271' title='bbox 253 3435 466 3500; x_wconf 80' lang='lat' dir='ltr'>Treverorum</span> <span class='ocrx_word' id='word_1_272' title='bbox 486 3436 601 3499; x_wconf 86' lang='lat' dir='ltr'>citatus</span> <span class='ocrx_word' id='word_1_273' title='bbox 616 3434 715 3498; x_wconf 81' lang='lat' dir='ltr'>fertur</span> <span class='ocrx_word' id='word_1_274' title='bbox 729 3443 769 3516; x_wconf 87' lang='lat' dir='ltr'>et,</span> <span class='ocrx_word' id='word_1_275' title='bbox 793 3432 848 3496; x_wconf 93' lang='lat' dir='ltr'>ubi</span> <span class='ocrx_word' id='word_1_276' title='bbox 863 3433 993 3496; x_wconf 84' lang='lat' dir='ltr'>Oceano</span> <span class='ocrx_word' id='word_1_277' title='bbox 1015 3451 1126 3516; x_wconf 75' lang='lat' dir='ltr'>appro</span> 
     </span>
    </p>
   </div>
   <div class='ocr_carea' id='block_1_4' title="bbox 0 0 1272 3970">
    <p class='ocr_par' dir='ltr' id='par_1_6' title="bbox 0 0 1272 3970">
     <span class='ocr_line' id='line_1_39' title="bbox 0 0 1272 3970; baseline 0 2"><span class='ocrx_word' id='word_1_278' title='bbox 0 0 1272 3970; x_wconf 95' lang='lat' dir='ltr'> </span> 
     </span>
    </p>
   </div>
  </div>
 </body>
</html>
