2490 3974
420 286 563 352 CAPUT
586 287 721 357 38-,41.
984 286 1044 350 207

86 462 154 525 iam
177 459 378 540 abscessisse,
403 460 559 543 equitatus
582 460 631 521 sui
653 457 735 522 alam
758 459 917 521 sinistram
939 456 980 521 ad
1000 457 1046 520 in·

10 567 15 618 ᾖ,
84 544 309 610 tercludendos
331 545 437 608 hostes
459 545 598 608 immisit.
626 569 627 578 ¹

153 631 204 694 40.
228 630 306 693 Erat
328 631 361 693 in
384 651 420 693 eo
444 651 564 714 campo,
587 628 643 692 ubi
658 651 695 692 ea
709 652 760 692 res
776 629 954 715 gerebatur,
969 628 1048 693 villa

84 738 262 802 permagna
282 713 423 778 turribus
446 722 493 775 1111
516 715 686 796 instructa,
717 737 798 801 quae
820 714 955 779 Labieni
976 737 1046 800 pro·

87 811 232 886 spectum
255 799 456 886 impediebat,
478 821 520 862 ne
542 809 649 884 posset
670 802 809 863 animum
825 800 991 865 advertere
1006 799 1047 862 ab

84 888 232 973 equitatu
265 885 413 950 Caesaris
447 906 481 948 se
503 885 680 948 intercludi.
718 885 830 970 Itaque
862 908 927 950 non
958 886 1047 970 prius

10 1031 12 1056 ,
83 973 169 1036 vidit
190 981 309 1048 turmas
331 970 479 1052 Iulianas,
504 992 598 1054 quam
620 992 695 1034 suos
718 971 809 1034 caedi
832 993 850 1034 a
871 979 960 1057 tergo
977 993 1047 1034 sen·

10 1057 12 1134 ζ
85 1060 137 1121 sit.
162 1058 215 1120 Ex
237 1078 300 1142 qua
320 1079 357 1120 re
380 1055 483 1120 subito
506 1057 539 1118 in
561 1064 714 1121 terrorem
730 1078 883 1120 converso
907 1058 1048 1142 equitatu

10 1137 12 1218 J
84 1143 295 1207 Numidarum
316 1151 404 1205 recta
425 1143 459 1203 in
482 1150 585 1204 castra
617 1143 726 1226 lugere
756 1141 925 1208 contendit.
963 1141 1048 1205 Galli

10 1303 11 1306 Ἴ
85 1227 311 1313 Germanique,
336 1228 390 1313 qui
404 1228 594 1308 restiterant,
611 1249 653 1289 ex
669 1228 829 1312 superiore
845 1227 914 1292 loco
930 1237 961 1290 et
976 1237 1048 1311 post

10 1375 11 1382 ,
84 1313 442 1400 tergumcircumventi
462 1312 645 1396 fortiterque
660 1322 816 1376 restantes
840 1313 1047 1376 conciduntur

10 1405 11 1482 ᾗ
84 1400 239 1462 universi.
263 1396 357 1475 Quod
378 1397 433 1461 ubi
454 1396 598 1483 legiones
621 1396 787 1482 Scipionis,
812 1420 894 1483 quae
915 1420 973 1483 pro
997 1419 1047 1461 ca·
1099 1409 1102 1414 '

85 1485 162 1547 stris
186 1492 275 1547 erant
295 1485 477 1564 instructae,
501 1484 639 1546 animum
663 1483 875 1566 adverterunt,
898 1492 985 1547 metu
1011 1505 1048 1546 ac

85 1580 210 1634 terrore
233 1569 423 1632 obcaecatae
446 1567 591 1632 omnibus
637 1571 713 1632 ortis
735 1569 767 1631 in
790 1589 848 1631 sua
877 1577 982 1633 castra
1002 1567 1048 1631 fu·

10 1665 11 1670 ’
85 1677 163 1741 gere
187 1663 368 1739 coeperunt.
402 1653 574 1738 Postquam
608 1591 756 1738 Scipione
789 1655 919 1738 eiusque
949 1654 1048 1738 copiis

86 1762 200 1825 campo
228 1739 424 1824 collibusque
448 1737 623 1802 exturbatis
647 1749 740 1824 atque
769 1741 802 1802 in
830 1750 933 1804 castra
965 1759 1048 1802 com·

85 1825 188 1912 pulsis
212 1848 308 1910 quum
330 1826 473 1910 receptui
507 1823 628 1888 Caesar
662 1826 733 1889 cani
765 1826 909 1888 iussisset
931 1827 1048 1911 equita-

87 1923 219 1998 tumque
253 1933 378 1975 omnem
411 1913 495 1974 intra
535 1931 609 1972 suas
642 1911 831 1975 munitiones
867 1912 1048 1994 recepisset,

86 2019 200 2082 campo
223 2006 356 2081 purgato
379 1995 603 2060 animadvertit
631 1996 764 2060 mirifica
786 2018 919 2080 corpora
941 1994 1048 2060 Gallo·

87 2105 160 2146 rum
183 2081 493 2167 Germanorumque,
528 2081 582 2167 qui
605 2083 719 2166 partim
742 2082 808 2145 eius
831 2083 1050 2146 auctoritatem

10 2237 11 2250 ξ
88 2175 179 2231 erant
196 2190 243 2233 ,ex
265 2165 371 2231 Gallia
393 2167 501 2248 secuti,
539 2167 654 2251 partim
711 2169 791 2231 retio
819 2167 1049 2252 pollicitationi·

10 2301 11 2304 ,
87 2253 212 2338 busque
235 2252 363 2317 adducti
385 2252 426 2316 ad
449 2274 521 2316 eum
537 2273 571 2314 se
587 2189 793 2334 contuldrant,
816 2251 970 2333 nonnulli,
994 2252 1047 2337 qui

10 2409 11 2420 ,
89 2361 132 2402 ex
154 2337 301 2403 Curionis
323 2338 445 2424 proelio
469 2338 552 2423 capti
575 2339 817 2424 conservatique
845 2359 954 2424 parem
1016 2359 1047 2399 a·

10 2437 11 2476 ῖ
88 2425 167 2488 tiam
187 2427 221 2487 in
242 2424 305 2488 fide
327 2425 446 2511 pariter
467 2422 585 2486 tuenda
606 2433 769 2509 praestare
782 2422 959 2487 voluerant.
977 2361 1048 2485 llo-

10 2581 11 2594 ,
89 2532 160 2574 rum
183 2531 316 2594 corpora
347 2508 481 2573 mirifica
514 2509 620 2593 specie
653 2509 922 2594 amplitudineque
956 2530 1049 2572 caesa

10 2605 11 2682 ]
89 2603 155 2660 toto
177 2617 287 2680 campo
310 2617 348 2658 ac
369 2603 525 2681 prostrata
547 2593 672 2658 diverse
694 2595 849 2659 iacebant.

10 2691 12 2776 ἐ
154 2681 205 2744 41.
228 2680 288 2743 His
310 2679 405 2744 rebus
428 2680 526 2765 gestis
550 2677 671 2743 Caesar
684 2690 812 2764 postero
828 2679 879 2744 die
895 2702 935 2744 ex
950 2679 1047 2742 omni·

10 2785 12 2856 ᾇ
89 2765 149 2830 bus
171 2765 338 2851 praesidiis
373 2765 517 2830 cohortes
551 2764 684 2828 deduxit
717 2775 811 2852 atque
841 2785 950 2830 omnes
974 2785 1046 2826 suas

10 2857 12 2882 l
91 2853 198 2936 copias
219 2852 253 2913 in
275 2873 384 2937 campo
407 2851 563 2916 instruxit.
588 2849 694 2936 Scipio
711 2853 775 2914 suis
795 2849 877 2914 male
900 2850 1048 2933 acceptis,

10 2991 11 3000 ,
91 2938 202 3004 occisis
226 2936 524 3022 convulneratisque
546 2937 630 2999 intra
653 2959 726 3000 suas
749 2938 910 3000 continere
933 2956 968 2997 se
982 2956 1049 3012 mue

10 3013 12 3050 l
90 3023 225 3088 nitiones
248 3023 359 3106 coepit.
394 3021 515 3086 Caesar
536 3023 690 3086 instructa
712 3023 781 3086 acie
804 3020 978 3085 secundum
998 3021 1045 3084 in·

10 3181 11 3192 ,
90 3111 180 3174 fimas
203 3109 268 3192 iugi
285 3107 409 3171 radices
446 3107 553 3192 ropius
568 3108 757 3171 munitiones
773 3107 887 3170 leniter
903 3105 1047 3169 accessit.

91 3194 220 3279 Iamque
243 3193 346 3257 minus
369 3130 456 3256 mille
478 3215 591 3277 passus
615 3191 655 3256 ab
679 3216 697 3257 o
721 3191 795 3277 pido
814 3191 939 3272 Uzitta,
963 3189 1049 3276 quod

10 3295 11 3300 ’
92 3278 196 3364 Scipio
212 3281 350 3360 tenebat,
367 3279 498 3343 aberant
509 3277 650 3362 legiones
662 3215 813 3359 Iulianae,
831 3299 927 3362 quum
941 3275 1049 3360 Scipio

94 3367 220 3445 veritus,
242 3385 284 3427 ne
307 3387 324 3428 o
371 3363 457 3426 idum
480 3365 648 3445 amitteret,
672 3363 756 3427 unde
779 3363 891 3449 aquari
904 3360 1048 3445 reliquis·

95 3470 153 3535 que
174 3448 271 3513 rebus
294 3386 454 3513 sublevari
469 3451 536 3512 eius
554 3449 712 3513 exercitus
728 3455 903 3527 consuerat,
927 3445 1048 3508 eductis

95 3533 237 3598 omnibus
259 3531 358 3620 copiis
382 3533 578 3621 quadruplici
600 3534 669 3598 acie
683 3534 838 3596 instructa
854 3553 895 3594 ex
908 3531 1048 3594 instituto
