2534 3970
364 200 498 266 OOMM.
521 201 553 264 11
575 201 668 266 OAP.
693 203 827 266 11-15.
1030 203 1073 267 43

120 371 248 436 circiter
262 371 348 434 milia
358 393 507 520 passuum
519 373 656 458 quinque
668 373 802 455 abesset,
818 395 926 438 omnes
938 375 1071 438 maiores

119 465 196 518 natu
218 477 261 518 ex
283 457 356 540 oppi
379 479 397 520 o
420 459 541 541 egressi
562 479 672 522 manus
695 457 735 521 ad
755 457 923 522 Caesarem
942 458 1071 521 tendere

120 549 152 603 et
172 561 253 604 voce
276 540 453 625 significare
475 552 646 626 coeperunt
668 564 737 606 sese
759 546 791 606 in
821 545 889 608 eius
917 543 1012 606 fidem
1035 564 1073 606 ac

119 633 309 709 potestatem
331 628 440 690 venire
461 649 564 713 neque
592 637 701 699 contra
726 628 875 713 populum
897 627 1072 690 Romanum

120 710 218 772 armis
233 712 433 776 contendere.
478 712 567 794 Item,
597 735 693 798 quum
721 713 762 776 ad
790 713 939 798 oppidum
962 732 1072 778 acces·

121 795 216 858 sisset
244 805 410 881 castraque
436 796 480 860 ibi
509 807 656 882 poneret,
689 799 779 883 pueri
800 797 1010 882 mulieresque
1033 818 1073 859 ex

120 901 211 944 muro
233 901 336 965 passrs
358 881 503 946 manibus
532 905 588 949 suo
615 905 702 946 more
727 905 838 968 pacem
859 881 900 947 ab
922 882 1072 944 Romanis

161 966 286 1030 tierunt.

120 986 160 1048 pe
184 1051 235 1113 14.
268 1050 330 1115 Ρ1ο
352 1052 401 1115 his
417 1053 593 1118 Divitiacus
617 1053 704 1140 (nam
725 1063 795 1138 post
810 1053 982 1117 discessum
1000 1049 1074 1114 Bel·

121 1157 232 1218 garum
254 1135 390 1200 dimissis
412 1137 616 1202 Haeduorum
634 1140 733 1223 copiis
745 1138 785 1203 ad
800 1161 871 1202 eum
886 1134 1072 1224 reverterat)

121 1219 195 1283 t'acit
216 1221 332 1285 verba:
355 1221 542 1288 Bellovacos
565 1225 650 1290 omni
671 1235 812 1308 tempore
833 1224 866 1286 in
894 1221 957 1286 fide
980 1229 1073 1306 atque

121 1305 259 1368 amicitia
281 1306 415 1370 civitatis
438 1308 590 1373 Haeduae
612 1309 725 1383 firisse:
755 1308 908 1393 impulsos
938 1306 978 1370 ab
1008 1307 1073 1370 suis

121 1389 331 1475 principibus,
367 1394 419 1477 qui
450 1393 591 1457 dicerent
619 1392 769 1457 Haeduos
803 1394 843 1457 ab
874 1392 1012 1458 Caesare
1040 1393 1074 1453 in

121 1475 305 1539 servitutem
315 1477 459 1542 redactos
475 1500 583 1542 onmes
593 1478 796 1562 indignitates
807 1476 1075 1562 contumeliasque

143 1559 269 1641 erserre,
293 1570 325 1624 et
346 1561 387 1625 ab
409 1562 551 1628 Haeduis
573 1563 728 1628 defecisse
750 1572 782 1626 et
802 1562 918 1648 populo
933 1561 1073 1625 Romano

121 1582 240 1707 lellum
261 1645 414 1710 intulisse.
449 1647 512 1726 Qui
527 1650 594 1713 eius
616 1648 739 1712 consilii
757 1649 916 1732 principes
931 1647 1073 1726 fuissent,

123 1729 205 1813 quod
225 1729 335 1793 intelle
358 1741 457 1814 erent,
480 1743 629 1818 quantam
651 1733 861 1798 calamitatem
890 1731 1008 1794 civitati
1028 1732 1074 1792 in·

122 1814 276 1896 tulissent,
299 1817 332 1878 in
375 1818 541 1882 ritanniam
557 1819 742 1904 profugisse.
766 1818 879 1882 Petere
894 1838 958 1880 non
974 1814 1075 1879 solum

122 1898 319 1982 Bellovacos,
342 1901 398 1966 scd
420 1904 513 1967 etiam
535 1926 592 1988 pro
614 1905 663 1968 his
690 1902 854 1984 Haeduos,
877 1910 912 1966 ut
934 1923 991 1964 sua
1013 1899 1074 1964 cle-

122 1987 239 2047 mentia
268 2008 305 2048 ac
338 1987 577 2052 mansuetudine
609 1991 642 2052 in
676 2009 730 2054 eos
762 1997 876 2052 utattrr.
921 1985 1016 2064 Quod
1048 1985 1076 2048 si

122 2069 241 2150 fecerit,
263 2069 469 2137 Haeduorum
490 2075 707 2138 auctoritatem
729 2072 813 2158 apud
835 2093 942 2138 omnes
957 2070 1074 2155 Belgas

123 2153 400 2240 amplificaturum3
424 2181 556 2244 quorum
571 2159 696 2222 auxiliis
711 2168 804 2244 atque
824 2156 947 2242 opibus,
970 2157 1075 2241 siqua

122 2237 207 2302 bella
227 2241 404 2324 inciderint,
428 2253 604 2310 sustentare
626 2244 814 2307 consuerint.

186 2325 237 2388 15.
273 2323 391 2391 Caesar
413 2327 540 2392 honoris
569 2328 720 2393 Divitiaci
749 2338 843 2414 atque
870 2327 1075 2391 Haeduorum

124 2430 218 2473 causa
240 2432 310 2474 sese
326 2434 379 2476 eos
395 2414 428 2476 in
442 2413 538 2478 tidem
556 2425 758 2499 recepturum
773 2424 804 2478 et
818 2422 1076 2478 conservatuum

124 2494 217 2576 dixit3
241 2495 325 2580 quod
346 2506 415 2561 erat
436 2500 548 2562 civitas
577 2522 692 2583 magna
718 2501 800 2564 inter
825 2497 942 2582 Belgas
971 2505 1075 2560 aucto-

124 2581 216 2643 ritate
246 2593 340 2644 atne
369 2581 530 2648 hominum
558 2583 757 2648 multitudine
783 2583 977 2668 praestabat,
1007 2603 1075 2644 sex-

125 2674 231 2728 centos
269 2603 394 2730 olsides
430 2671 582 2753 poposcit.
626 2669 686 2732 His
714 2669 836 2734 traditis
870 2667 1076 2752 omnibusque

125 2751 220 2813 armis
244 2771 285 2812 ex
307 2753 421 2836 oppido
444 2752 564 2818 collatis
587 2755 627 2819 ab
651 2777 688 2830 eo
711 2754 780 2820 loco
803 2755 835 2816 in
855 2752 934 2816 fines
949 2751 1076 2814 Ambia-

124 2857 234 2898 norum
262 2839 420 2919 pervenit,
455 2841 508 2924 qui
535 2861 569 2903 se
602 2862 722 2926 suaque
752 2839 856 2904 omnia
889 2839 957 2901 sine
989 2857 1077 2900 mora

126 2919 320 2984 dediderunt.
351 2921 469 2987 Eorum
490 2924 569 2988 fines
584 2923 693 2988 Nervii
708 2923 921 3010 attingebant3
944 2943 1076 3008 quorum

126 3003 299 3068 denatura
319 3007 522 3094 moribusque
546 3008 666 3072 Caesar
695 3033 791 3096 quum
821 3016 1001 3094 quaereret,
1032 3005 1077 3068 sic

127 3111 159 3152 re
182 3088 318 3154 eriebat:
340 3091 469 3156 Nullum
485 3093 603 3159 aditum
619 3117 689 3158 esse
705 3095 747 3159 ad
761 3117 815 3160 eos
834 3090 1077 3170 mercatoribus3

126 3112 201 3237 silit
230 3177 297 3260 pati
325 3177 391 3239 vini
418 3177 675 3265 reliquarumque
706 3203 812 3246 rerum
848 3177 889 3240 ad
920 3176 1077 3240 luxuriam

128 3261 346 3343 pertinentium
373 3262 496 3344 inferri,
530 3265 614 3347 quod
649 3265 687 3328 iis
716 3264 812 3328 rebus
837 3262 1078 3346 relanguescere

128 3346 244 3408 animos
268 3368 377 3411 eorum
399 3356 430 3411 et
450 3348 566 3411 remitti
583 3351 733 3414 virtutem
748 3351 979 3413 existimarent:
1009 3365 1078 3407 esse

128 3428 265 3494 homines
288 3431 372 3496 feros
394 3454 590 3518 magnaeque
614 3437 751 3499 virtutis:
775 3433 962 3516 increpitare
985 3440 1078 3515 atque
