2534 3970
176 219 220 285 56
431 218 494 284 ΒΕ
514 217 658 286 BELLO
681 219 872 286 GALLIOO

176 399 345 458 accurrunt
366 399 460 475 atque
481 411 578 453 unam
599 413 669 456 esse
691 413 780 490 spem
808 390 917 456 salutis
940 391 1070 472 docent,
1100 390 1128 456 si

177 477 340 562 eruptione
361 475 445 540 facta
459 484 636 538 extremum
650 475 802 540 cumlium
817 477 1043 562 experirentur.
1065 474 1126 540 Ita·
1230 477 1246 490 “

176 583 237 662 que
264 561 445 627 convocatis
478 561 714 626 centurionibus
741 560 885 626 celeriter
913 559 1027 624 milites
1060 582 1125 624 cer-

175 656 270 712 trorcs
292 645 375 727 lacit,
415 644 560 731 'aulisper
572 646 823 734 intermitterent
836 645 989 730 proelium
1008 667 1046 709 ac
1059 653 1125 708 tan-

174 731 335 796 tummodo
366 667 431 795 tela
462 732 560 794 missa
592 733 776 816 exciperent
811 729 908 817 seque
944 729 1125 822 exglabore

173 816 355 897 reficerent,
387 824 459 901 post
491 814 564 880 dato
594 815 684 900 signo
718 837 758 880 ex
785 817 897 879 cestrie
926 823 1126 901 erumperent

174 910 269 988 atque
290 923 415 965 omnem
437 923 527 986 spem
548 899 658 964 salutis
679 901 714 963 in
734 901 849 966 virtute
870 911 1032 986 ponerent

237 985 267 1050 6.
290 985 384 1064 Quod
403 987 482 1050 iussi
510 993 597 1067 sunt,
630 983 749 1049 faciunt
777 1007 815 1050 ac
847 985 951 1050 subito
978 984 1124 1050 omnibus

173 1073 269 1156 portis
292 1071 454 1155 eruptione
468 1069 553 1134 fecta
574 1091 676 1154 neque
692 1092 728 1136 co
774 1067 911 1152 oscendi,
927 1067 1011 1157 'quid
1025 1069 1137 1153 fieret,
1261 1089 1262 1096 ¹

172 1177 276 1243 neque
299 1156 348 1219 sui
369 1153 539 1302 colligendi
560 1153 704 1220 hostibus
738 1154 907 1219 acultatem
934 1154 1124 1302 relinguunt

171 1239 222 1304 Ita
236 1249 427 1305 commutata
453 1248 565 1318 ortana
587 1261 650 1321 eos,
675 1241 729 1325 qui
750 1241 783 1303 iu
799 1262 886 1326 spem
901 1241 1011 1326 potiun
1035 1263 1124 1303 orum

172 1335 344 1390 castrorum
355 1334 517 1406 venerant,
533 1323 674 1410 undique
690 1325 919 1389 circumventos
933 1324 1132 1388 interficiunt

172 1420 204 1476 et
225 1433 267 1474 ex
287 1411 449 1474 hominum
470 1407 597 1488 milibus
619 1410 753 1494 amplius
774 1415 870 1492 XXX,
901 1432 995 1496 quem
1016 1431 1123 1472 nume-

171 1518 241 1559 rum
261 1493 471 1559 barbarorum
493 1493 535 1558 ad
557 1503 661 1558 eastra
688 1492 816 1559 venisse
844 1493 1021 1574 constabat,
1051 1493 1123 1579 plus

170 1581 265 1646 tertia
285 1589 375 1666 parte
396 1578 560 1644 interfecta
583 1579 723 1665 reliquos
744 1581 927 1665 perterritos
956 1581 989 1641 in
1015 1578 1123 1663 fugam

170 1665 340 1730 coniiciunt
361 1687 399 1728 ac
419 1687 461 1731 ne
482 1665 515 1728 in
544 1663 622 1728 locis
650 1665 777 1752 quidem
805 1663 1018 1751 superioribus
1050 1684 1122 1727 con-

170 1751 281 1816 sistere
302 1751 471 1836 patiuntur.
516 1748 569 1814 Sic
591 1748 736 1814 omnibus
758 1749 895 1814 hostium
917 1750 1015 1836 copiis
1044 1748 1122 1814 fusis

169 1837 327 1922 armisque
350 1835 452 1900 exutis
475 1856 509 1898 se
530 1836 565 1898 in
586 1846 690 1898 castra
704 1835 954 1920 munitionesque
978 1856 1051 1899 suas
1073 1856 1122 1898 re-

170 1921 297 2006 cipiunt.
330 1919 410 2002 ,Quo
436 1919 557 2006 proelio
583 1919 683 2002 facto,
733 1919 796 1985 uod
819 1921 944 2006 saepius
966 1919 1121 1985 fortunam

168 2015 291 2071 tentare
308 2004 412 2070 Galba
432 2003 561 2070 nolebat
583 2013 677 2068 atne
732 2007 761 2070 ‘o
783 2027 817 2070 se
840 2007 873 2068 in
894 2005 1028 2069 hiberna
1050 2026 1122 2069 con·

168 2090 238 2156 silio
252 2091 379 2155 venisse
393 2091 589 2172 meminerat,
605 2028 675 2154 aliis
688 2092 863 2156 occurrisse
877 2090 973 2155 rebus
988 2089 1120 2171 viderat,

167 2177 305 2241 maxime
326 2175 474 2239 frumenti
496 2184 753 2264 commeatusque
773 2176 880 2261 inopia
893 2184 1052 2261 permotus
1066 2196 1120 2261 po-

167 2270 252 2326 stero
284 2260 336 2326 die
366 2260 511 2324 omnibus
540 2261 607 2324 eius
635 2261 699 2326 vici
733 2260 884 2326 aediliciis
916 2261 1053 2324 incensis
1086 2261 1121 2324 in

188 2347 362 2413 rovineiam
383 2347 501 2412 reverti
530 2346 692 2410 contendit
720 2368 759 2410 ac
779 2345 867 2410 nullo
895 2345 986 2410 hoste
1014 2344 1119 2430 prohi-

166 2369 262 2496 bente
295 2441 349 2496 aut
364 2431 441 2500 iter
469 2430 654 2495 demorante
681 2431 871 2496 incolumem
898 2430 1056 2514 legionem
1086 2430 1120 2493 in

165 2515 348 2598 Nantuates,
360 2515 434 2580 inde
444 2513 478 2578 in
487 2513 674 2600 Allobroges
686 2515 834 2602 perduxit
840 2515 947 2602 ibique
958 2515 1117 2580 hiemavit.

231 2602 259 2666 7.
281 2601 342 2670 His
352 2600 448 2664 rebus
487 2601 570 2682 estis,
594 2623 691 2686 quum
705 2600 849 2666 omnibus
866 2601 1024 2664 decausis
1040 2599 1118 2664 Gae-

166 2707 219 2750 sar
267 2695 389 2750 acatam
416 2683 447 2749 G
479 2685 552 2750 liam
581 2687 790 2769 existimaret,
820 2709 858 2750 su
881 2686 974 2750 eratis
999 2684 1118 2770 Belgis,

166 2793 228 2856 exp
264 2771 306 2834 sis
326 2769 504 2855 Germanis,
526 2771 618 2835 victis
641 2771 674 2834 iu
695 2770 831 2857 Alpibus
854 2709 1000 2853 dodonis,
1024 2779 1119 2855 atque

165 2857 211 2920 ita
235 2857 313 2924 inita
338 2855 441 2920 hicme
470 2857 505 2920 in
524 2855 688 2942 Illyricum
715 2856 874 2942 profectus
902 2864 1001 2938 esset,
1035 2853 1120 2941 quod

109 2971 110 2974 ¹
166 2963 219 3007 eas
248 2962 373 3026 quoque
405 2942 548 3006 nationes
564 2941 663 3006 adire
692 2951 723 3005 et
748 2943 896 3028 regiones
926 2961 1118 3026 cognoscere

165 3024 303 3108 volebat,
326 3025 464 3090 subitum
486 3025 605 3110 bellum
627 3027 661 3090 in
677 3025 782 3091 Gallia
797 3035 937 3091 coortum
959 3035 1015 3092 est.
1038 3024 1118 3091 Eius

163 3109 241 3176 belli
270 3110 349 3175 haec
375 3111 433 3176 fuit
461 3133 565 3178 causa.
604 3109 737 3175 Publius
768 3109 901 3176 Crassus
931 3109 1117 3176 adolescens

164 3217 236 3261 cum
264 3195 389 3282 legione
421 3198 555 3282 septima
581 3197 744 3281 proximus
770 3219 858 3262 mare
888 3196 1051 3262 Oceanum
1083 3196 1117 3259 in

162 3279 309 3345 Andibus
331 3280 492 3346 hiemaret.
529 3280 571 3363 Is,
617 3281 680 3347 uod
701 3282 734 3344 in
755 3281 804 3344 his
826 3280 903 3346 locis
925 3282 1033 3366 inopia
1053 3279 1116 3346 fru-

162 3368 262 3430 menti
276 3374 352 3447 erat,
375 3367 550 3452 praefectos
565 3303 772 3451 tribunosque
786 3365 922 3430 militurn
937 3365 1115 3453 complures

161 3451 196 3515 in
216 3449 365 3515 finitimas
387 3450 531 3515 civitates
553 3451 702 3515 frumenti
723 3471 821 3518 causa
846 3450 978 3534 dimisit3
1000 3452 1116 3538 quoin
