2532 3968
471 271 726 336 sunmerso.
901 272 1076 364 'uxum

164 441 201 508 O.
224 441 245 506 5
267 441 340 506 libri
361 441 441 506 haec
463 441 597 506 habent:
621 449 677 507 sed
696 449 733 508 dc
747 463 806 506 sue
829 450 926 508 solute
948 451 1072 524 septimo

121 535 171 596 die
194 535 334 606 ospitare
364 539 531 605 copertos,
563 535 646 607 qood
673 535 718 592 tlte·
747 534 999 594 turbulentissimi
1020 553 1072 594 so-

119 619 301 695 perioribus
331 619 515 692 temporibus
543 619 660 678 tributu
689 620 789 694 plebis
824 626 913 679 octo
942 621 1077 695 denique·

121 721 221 764 meos
231 720 408 770 esseorum
423 705 574 764 actionum
589 705 744 777 respicere
758 721 796 762 oe
818 707 921 764 timere
943 721 1072 764 consue·

121 796 201 848 root.
229 783 293 847 Edi
322 782 403 846 solet
433 795 538 847 oetaeo
568 790 696 862 dentque
722 805 835 860 mense,
868 792 964 870 etque
986 786 1031 850 ite
1052 808 1073 850 a

120 891 216 934 manu
239 868 379 932 secunda
393 869 424 930 in
440 867 534 931 Vind.
550 891 598 952 pr.
616 867 817 932 emendatum
840 877 898 934 est
920 868 1070 934 Absurde

120 951 174 1016 hie
203 963 324 1017 eertum
352 953 477 1016 definiri
505 962 645 1038 tempus,
677 975 718 1016 ex
741 975 802 1039 quo
826 953 944 1018 tribuni
965 954 1071 1040 plebis

120 1037 161 1102 de
184 1060 242 1102 sua
265 1038 365 1102 salute
401 1039 541 1121 cogitare
564 1038 666 1101 eoacti
689 1048 804 1120 essent,
829 1060 901 1102 cum
922 1039 1092 1106 Kranae,

119 1125 238 1204 sentio,
268 1122 325 1187 sed
358 1146 438 1210 quae
466 1122 624 1186 Theodori
656 1123 859 1205 Mommseni,
888 1125 950 1187 viri
986 1134 1079 1189 certe-

119 1209 296 1288 acutissimi
318 1231 412 1272 suasu
433 1209 553 1294 recepit
573 1221 653 1272 toto
678 1215 806 1287 deoith
821 1231 969 1274 emenso
986 1233 1002 1274 s
1010 1233 1073 1291 po·

120 1301 176 1358 tio
200 1315 324 1356 suarum
346 1301 513 1366 actionum,
543 1292 583 1356 ob
605 1293 737 1356 nimiam
758 1293 927 1359 verborum
955 1295 1072 1358 discre-

119 1378 261 1464 pantiam
282 1378 410 1462 probari
431 1386 599 1464 nequeunt.
622 1377 722 1443 Multo
743 1377 898 1442 leniorem
919 1378 1073 1444 habemus

119 1461 386 1545 emendationem,
434 1485 507 1526 num
532 1462 700 1526 scribimus
723 1471 854 1528 ultimo
884 1485 943 1548 pro
966 1477 1072 1530 octeoo

119 1547 172 1612 vel
202 1547 310 1629 ,Vfflg
346 1487 432 1634 quod
456 1547 666 1633 Nipperdeius
696 1549 810 1632 posuit.
843 1547 952 1612 Facile
990 1551 1074 1614 enim

119 1642 252 1719 propter
278 1635 426 1718 exiguam
448 1632 623 1711 litterarum
651 1635 719 1698 tri
749 1655 791 1696 ex
820 1633 964 1697 codicum
985 1657 1073 1698 more

119 1717 330 1782 differentiam
352 1719 553 1803 perspicitur,
576 1715 750 1802 0quomodo
786 1717 876 1782 uitio
914 1721 1074 1804 corrumpi

119 1803 256 1902 potuerit
284 1803 317 1864 in
341 1805 425 1868 nmo
454 1801 507 1868 vel
539 1804 609 1868 ιιιῖι.
649 1801 727 1866 Inde
759 1801 872 1866 falsum
902 1802 981 1866 illud
1004 1817 1071 1870 octo

119 1887 258 1972 nudeque
281 1889 376 1950 etiam
398 1910 515 1952 menses
536 1909 594 1974 pro
617 1909 718 1952 mense
741 1897 867 1952 enatum
890 1897 946 1952 est.

121 1985 129 2006 “
164 1970 200 2035 Ο.
229 1972 246 2034 'i
275 1971 391 2055 verba,
422 1972 684 2059 quemadmodum
713 1974 778 2038 fere
807 1972 895 2036 libris
917 1971 1073 2058 praeben·

118 2065 188 2120 tur:
211 2063 325 2122 Nouum
348 2066 379 2120 to
401 2065 558 2138 republica
587 2066 789 2122 introductum
810 2065 978 2138 exemptum
1000 2081 1073 2137 que-

120 2150 211 2228 ritur,
235 2154 268 2206 ot
289 2149 453 2206 tribunicio
475 2151 655 2208 intercessio
686 2151 780 2206 ormts
803 2156 960 2228 notaretur
982 2156 1073 2222 etque

119 2235 352 2309 opprimeretur,
378 2250 475 2306 quoe
497 2235 786 2307 superioribus
810 2236 926 2292 eoois
949 2237 1072 2293 ermis

120 2323 228 2398 esset
244 2321 449 2388 restitute,
465 2351 507 2361 —
522 2321 609 2376 recte
624 2311 744 2376 habere
767 2312 977 2398 Nipperdeius
1001 2314 1069 2378 iure

117 2397 265 2484 negavit3
300 2399 394 2462 armis
419 2399 502 2461 enim
527 2399 704 2460 restitutam
727 2395 847 2460 Caesar
869 2397 1072 2461 tribuniciam

118 2491 306 2568 potestatem
318 2481 422 2546 dicere
434 2505 498 2546 non
513 2490 646 2568 poterat,
662 2483 724 2545 nisi
738 2505 806 2546 rem
821 2493 930 2546 contra
946 2504 1072 2547 omnem

118 2566 298 2654 aequalium
325 2569 507 2634 memoriam
534 2567 654 2650 fingere
679 2565 791 2649 vellet,
819 2589 922 2652 neque
952 2589 992 2630 ex
1015 2589 1096 2632 suo.

118 2651 251 2716 consilio
273 2652 384 2715 fuisset
404 2651 469 2716 tale
491 2652 567 2738 quid
588 2652 719 2736 fingere,
744 2651 828 2737 quod
849 2653 902 2733 ita,
925 2662 960 2715 ut
981 2661 1067 2716 recte

117 2736 240 2802 monuit
261 2736 310 2818 N,
335 2759 461 2801 causam
482 2736 693 2819 tribuniciam,
717 2759 811 2822 quam
840 2759 875 2799 se
898 2736 1068 2800 defendere

118 2820 254 2902 simulat,
277 2831 436 2906 tamqnam
460 2821 578 2887 scelere
594 2822 998 2890 contaminatamnotasset
1028 2821 1073 2884 At

116 2915 153 2970 ut
187 2906 288 2969 verba
325 2929 402 2985 quae
435 2912 648 2988 superioribus
684 2915 773 2971 eoois
798 2918 889 2970 armis
919 2919 998 2970 esset
1022 2929 1071 2970 re-

118 2999 226 3055 stitute
249 2991 527 3077 cumNipperdeio
549 2991 710 3056 aduncos
734 2991 929 3073 damnemus
953 2991 1069 3076 quippe

118 3098 201 3162 quae
224 3075 264 3140 ab
287 3077 437 3162 magistro
485 3077 600 3141 nodam
625 3078 729 3161 posita
750 3078 826 3158 sint,
857 3078 909 3161 qui
939 3075 1070 3139 antithe-

118 3159 217 3243 sibus,
248 3183 326 3247 quns
357 3163 426 3246 ipse
454 3101 648 3243 ddamaeset,
678 3163 761 3226 inter
790 3162 936 3226 Caesaris
970 3159 1071 3224 verba

117 3245 321 3309 inferciendis
356 3247 596 3310 commentarios
631 3247 858 3332 inquinaverit,
896 3245 949 3308 hic
985 3253 1071 3308 certe
1154 3284 1157 3290 ,

118 3352 217 3396 causa
254 3331 414 3396 sufficiens
451 3355 515 3396 non
549 3355 619 3396 esse
658 3332 791 3395 videtur.
837 3331 952 3394 Omnia
988 3333 1071 3394 enim

118 3436 199 3480 sena
227 3415 373 3480 existimo
400 3419 631 3503 praepositione
662 3439 700 3481 ecc
735 3425 807 3490 aute
837 3437 949 3480 vocem
978 3424 1071 3480 ermis

116 3500 265 3586 reposita,
289 3501 377 3566 cuius
399 3503 567 3588 vestigium
591 3523 660 3566 esse
683 3501 819 3566 arbitror
841 3499 919 3563 illud
941 3514 970 3565 et
988 3500 1072 3586 quod
