2490 3974
189 287 251 354 uo
452 286 580 351 amm
600 253 934 350 maxsumum

186 462 311 526 animus
332 460 380 526 Le
401 460 448 524 idi
469 468 553 525 esset
582 457 735 543 obsequio
757 456 946 537 adversarii,
967 455 1165 522 verebatur.

185 546 280 612 Ponit
300 545 342 610 ad
408 547 470 608 ’am
491 554 597 610 casua
617 542 759 629 Lepidus
780 564 886 628 neque
907 541 1005 606 babet
1026 564 1047 606 a
1069 541 1166 606 Mar·

186 630 268 696 cello
292 633 465 780 quicquam
493 630 597 695 divisi.
627 628 676 692 Ne
704 637 874 714 pugnetur,
903 627 1084 711 interdicit,
1116 629 1164 696 ad

187 739 290 782 exeun
313 739 368 780 um
401 715 547 780 Cassium
583 715 698 787 invitat
728 713 889 799 fidemque
922 735 1013 777 ruam
1043 714 1080 777 in
1119 737 1163 778 re

186 803 272 868 omni
294 803 377 885 inter
401 801 476 865 onit.
500 801 607 880 Quum
630 799 685 865 diu
707 799 885 863 dubitasset
907 797 1050 881 Cassius,
1075 800 1162 886 qnid

185 887 248 952 sibi
270 825 451 952 faciendum
473 885 591 973 quidve
618 883 740 970 Lepido
763 892 849 949 esset
870 884 1074 966 credendum,
1096 907 1159 948 ne-

185 993 248 1060 que
269 971 369 1036 ullum
398 974 519 1036 exitum
548 970 673 1037 consilii
701 971 751 1034 sui
780 971 944 1056 reperiret,
975 970 1003 1035 si
1023 992 1158 1055 perma-

183 1067 276 1122 neret
304 1058 338 1121 in
357 1059 525 1140 sententia,
555 1056 705 1142 postulat,
733 1057 779 1120 uti
804 1055 997 1120 munitiones
1025 1055 1160 1120 disiice·

183 1152 303 1225 rentur,
338 1141 462 1229 sibique
495 1143 578 1208 liber
610 1143 714 1206 exitus
748 1141 886 1205 daretu.
923 1140 995 1206 Non
1026 1149 1159 1208 tantum

182 1228 320 1292 induciis
342 1229 443 1311 factis,
467 1229 525 1293 sed
546 1249 645 1313 prope
667 1229 732 1292 iam
756 1249 836 1308 poce
858 1227 1030 1290 constituta
1050 1249 1160 1312 opera

185 1335 274 1393 quum
296 1313 544 1400 complanarent,
568 1313 795 1401 custodiaeque
809 1313 1019 1376 munitionum
1042 1322 1160 1378 essent

182 1398 347 1480 deductae,
371 1399 490 1464 auxilia
511 1401 595 1484 regis
617 1399 699 1462 inid
714 1397 881 1463 castellum
895 1397 1049 1479 Marcelli,
1063 1397 1157 1484 quod

181 1485 362 1572 proximum
385 1495 454 1551 erat
475 1486 562 1571 regis
582 1485 694 1548 castris
709 1495 760 1548 ne‘
773 1505 814 1547 ue
830 1482 1033 1569 opinantibus
1048 1486 1155 1548 omni-

180 1574 242 1634 bus
265 1569 307 1656 (si
328 1582 436 1635 tamen
450 1573 483 1635 in
499 1569 645 1636 omnibus
667 1569 725 1634 fuit
769 1570 889 1634 assius:
910 1591 985 1632 nam
1000 1568 1040 1632 de
1054 1568 1156 1633 huius

182 1659 376 1721 conscientia
404 1655 621 1742 dubitabatur)
651 1657 804 1742 impetum
832 1655 976 1718 fecerunt
1005 1654 1153 1740 complu-

180 1762 298 1827 resque
319 1742 365 1806 ibi
386 1742 502 1808 milites
531 1765 549 1807 o
572 1751 766 1828 presserunt
797 1740 977 1820 Quodnisi
998 1739 1155 1805 celeriter

180 1827 398 1913 indignatione
422 1837 453 1892 et
476 1765 595 1892 auxilio
616 1826 733 1913 Lepidi
746 1825 903 1913 proelium
926 1833 1011 1890 essct
1033 1825 1155 1890 direm-

179 1921 279 1999 ptum,
302 1915 402 1977 maior
424 1914 588 1979 calamitas
611 1922 695 1976 esset
716 1923 856 1998 accepta.

244 1999 295 2063 64.
318 1998 425 2077 Quum
456 2001 519 2064 iter
551 1998 663 2075 Cassio
692 1999 886 2084 patefactum
915 2005 1008 2078 esset,
1042 2004 1154 2061 castra

178 2083 352 2148 Marcellus
386 2107 458 2149 omn
489 2086 613 2170 Lepido
651 2086 822 2170 coniungit.
859 2082 1001 2169 Lepidus
1034 2080 1152 2147 eodem

178 2178 244 2234 tem
266 2191 322 2234 ore
350 2170 583 2258 Marcellusque
613 2169 798 2236 Cordubam
821 2191 893 2234 cum
914 2171 990 2247 suis,
1015 2165 1150 2232 (lessius

179 2193 392 2340 proiciscitur
415 2255 616 2322 Carmonem.
640 2256 707 2320 Sub
723 2256 808 2320 idem
822 2265 947 2340 tompus
963 2253 1150 2317 Trebonius

178 2341 349 2426 proconsul
372 2342 413 2406 ad
435 2343 632 2431 provinciam
647 2341 852 2408 obtinendam
864 2341 963 2406 venit.
985 2339 1148 2404 Decrius

179 2425 319 2490 adventu
347 2438 383 2491 ut
412 2429 560 2514 cognovit
591 2427 731 2509 Cassius,
762 2426 916 2514 legiones,
939 2447 1018 2510 quas
1035 2447 1148 2488 secum

178 2510 343 2595 babuerat,
375 2516 612 2600 equitatumque
637 2516 671 2579 in
697 2513 833 2577 hiberna
865 2510 1041 2593 distribuit3
1074 2511 1146 2595 ipse

179 2597 326 2662 omnibus
349 2601 414 2663 suis
436 2601 533 2665 rebus
557 2599 705 2664 celeriter
720 2599 874 2684 correptis
889 2595 1047 2660 Malacam
1069 2618 1148 2660 con-

178 2683 279 2748 tendit
301 2683 409 2770 ibique
432 2685 566 2750 adverso
586 2695 728 2772 tempore
749 2683 924 2770 navigandi
944 2703 1044 2746 naves
1071 2703 1147 2745 con·

178 2769 309 2851 scandit,
325 2779 360 2833 ut
375 2773 443 2856 ipse
458 2771 671 2857 praedicabat,
687 2793 729 2835 ne
744 2792 778 2835 se
793 2769 916 2855 Lepido
933 2777 964 2832 et
979 2767 1145 2832 Trebonio

178 2863 210 2918 et
237 2854 389 2921 Marcello
418 2861 643 2941 committeret;
673 2867 708 2922 ut
730 2857 824 2920 amici
851 2857 919 2920 eius
943 2852 1143 2934 dictitabant,

176 2963 218 3005 ne
240 2963 298 3026 per
328 2963 399 3006 eam
427 2945 625 3028 provinciam
655 2945 777 3009 minore
804 2964 877 3006 cum
907 2941 1060 3027 dignitate
1082 2941 1144 3002 iter

177 3027 307 3108 faceret,
331 3032 419 3092 cuius
442 3053 560 3115 magna
581 3052 655 3114 pars
669 3030 711 3093 'ab
735 3051 772 3094 eo
796 3028 972 3108 defecerat3
995 3033 1030 3090 ut
1045 3025 1145 3088 ceteri

177 3113 412 3195 existimabant,
446 3139 486 3180 ne
519 3117 656 3201 pecunia
691 3114 748 3180 illa
781 3137 823 3178 ex
854 3113 986 3176 infinitis
1021 3109 1144 3195 rapinis

177 3198 321 3264 confecta
335 3201 368 3264 in
382 3211 571 3286 potestatem
592 3203 778 3287 cuiusquam
791 3202 927 3266 veniret.
949 3198 1143 3282 Progressus

177 3284 318 3348 secunda
349 3296 384 3350 ut
417 3286 551 3352 hiberna
579 3296 768 3374 tempestate
798 3309 896 3372 quum
923 3284 956 3346 in
984 3281 1142 3345 Hiberum

176 3371 295 3434 flumen
317 3373 420 3437 noctis
456 3373 606 3438 vitandae
643 3396 742 3438 causa
767 3392 807 3435 ¹se
834 3370 1028 3452 contulisset,
1065 3366 1142 3430 inde

176 3453 272 3536 paulo
293 3459 530 3524 vehementiore
559 3467 746 3546 tempestate
761 3456 861 3522 nihilo
883 3454 1089 3544 periculosius
1105 3471 1141 3515 se

205 3541 399 3625 wigaturum
443 3543 577 3610 credens
613 3545 772 3628 profectus
810 3545 953 3610 adversis
990 3540 1139 3608 {luctibus
