2534 3970
182 189 222 254 78
436 189 496 252 DE
518 188 662 254 BELLO
685 189 875 255 GALLIOO

182 359 391 446 deponerent,
421 369 516 444 atque
539 381 663 443 omnes,
698 361 751 447 qui
779 383 868 425 arma
888 361 973 424 ferre
993 368 1131 446 possent,

182 468 279 510 unum
308 446 340 508 in
369 443 473 510 locum
503 447 725 510 convenirent:
758 444 843 510 hune
871 468 942 510 esse
975 445 1132 510 delectum

182 530 319 596 medium
334 529 401 594 iere
415 530 579 614 regionum
594 553 711 612 earum,
730 552 808 617 quas
824 529 1131 596 Suebsobtinerent:

181 616 234 679 hic
243 615 457 680 Romanorum
472 614 643 678 adventum
658 625 843 701 exspectare
858 627 951 701 atque
965 615 1010 679 ibi
1025 615 1131 680 decer·

182 711 249 766 tare
263 701 471 766 constiunsse.
499 698 592 778 Quod
607 700 662 765 ubi
677 700 796 765 Caesar
811 702 971 786 comperit,
987 700 1132 766 omnibus

182 785 279 852 rebus
301 787 340 848 iis
370 784 537 866 confectis,
568 809 697 871 quarum
721 809 827 850 rerum
849 807 946 850 causa
967 784 1132 850 traducere

183 873 356 938 exercitum
377 871 590 946 constituerat,
613 879 647 934 ut
663 870 829 936 Gennanis
844 881 962 935 metum
980 871 1131 952 inficeret,

183 966 218 1022 nt
239 954 433 1041 Sugambros
455 954 670 1038 ulcisceretur,
693 966 728 1020 ut
747 955 849 1020 Ubios
872 956 1034 1021 obsidione
1056 955 1133 1020 libe·

182 1051 285 1123 reret,
313 1039 424 1104 diebus
454 1041 581 1106 omnino
603 1041 714 1105 decem
736 1051 768 1105 et
789 1051 859 1106 octo
881 1053 967 1106 trans
988 1041 1133 1104 Rhenum

184 1128 377 1212 consumptis
406 1126 481 1188 satis
504 1135 535 1190 et
556 1125 598 1190 ad
615 1125 741 1190 laudem
763 1137 795 1190 et
816 1126 857 1191 ad
878 1126 1042 1191 utilitatem
1063 1147 1133 1211 pro·

183 1210 303 1276 fectum
339 1209 509 1359 apbitratus
542 1233 576 1275 se
608 1213 643 1276 in
672 1211 809 1276 Galliam
840 1212 960 1298 recepit
991 1221 1133 1297 pontem-

205 1319 246 1360 ue
274 1296 411 1360 resciit.

183 1319 205 1382 q
247 1381 297 1446 20.
320 1380 447 1465 Exigua
468 1389 558 1466 parte
581 1383 709 1446 aestatis
731 1382 856 1468 reliqua
871 1382 998 1463 Caesar,
1022 1381 1081 1446 etsi
1100 1403 1134 1445 rn

184 1466 233 1532 his
255 1465 342 1547 locis,
366 1465 450 1551 quod
472 1467 572 1530 omnis
589 1465 695 1530 Gallia
708 1466 750 1531 ad
772 1469 1001 1552 septentriones
1022 1467 1134 1552 vergit,

184 1561 328 1616 maturae
351 1561 423 1615 sunt
437 1551 571 1632 hiemes,
594 1561 700 1616 tamen
714 1555 746 1616 in
760 1552 956 1616 Britanniam
978 1551 1136 1638 proficisci

185 1635 359 1718 contendit,
383 1636 468 1723 quod
482 1638 628 1700 omnibus
650 1637 715 1702 fere
731 1636 861 1702 Gallicis
882 1637 975 1704 bellis
994 1635 1135 1701 hostibus

174 1724 300 1786 nostris
322 1721 397 1785 inde
420 1721 658 1786 subministrata
679 1722 797 1787 auxilia
818 1722 1023 1808 intellegebat
1044 1730 1085 1803 et,
1108 1722 1136 1784 si

185 1819 308 1893 tempus
331 1808 406 1870 anni
429 1806 471 1870 ad
491 1806 611 1872 bellum
631 1807 807 1891 gerendum
836 1808 1001 1890 deiiceret,
1030 1817 1137 1872 tamen

185 1914 300 1978 magno
323 1891 384 1956 sibi
406 1893 477 1956 usui
499 1891 566 1956 lore
588 1891 814 1976 arbitrabatur,
838 1894 864 1956 si
886 1893 979 1958 modo
1000 1890 1137 1957 insulam

186 1978 305 2044 adisset
326 1987 358 2040 et
379 1999 479 2061 genus
494 1978 656 2041 hominurn
671 1980 894 2063 perspexisset,
916 1978 995 2058 loca,
1017 1985 1136 2064 portus,

187 2062 290 2128 aditus
323 2063 539 2148 cognovisset;
574 2085 655 2162 quae
685 2065 792 2127 omnia
820 2064 887 2128 fere
916 2063 1017 2128 Gallis
1048 2070 1138 2126 erant

186 2147 362 2232 incognita·
397 2147 509 2232 Neque
539 2170 622 2212 emm
650 2157 770 2214 temere
798 2158 924 2234 praeter
945 2157 1136 2212 mercatores

186 2231 240 2298 illo
262 2232 328 2296 adit
350 2233 524 2332 quisquam,
547 2255 651 2318 neque
671 2234 710 2296 iis
724 2235 802 2318 ipsis
824 2236 990 2320 qtucquam
1011 2241 1138 2318 praeter

188 2340 276 2383 oram
290 2319 478 2382 maritimam
499 2327 592 2404 atque
615 2341 670 2382 eas
691 2321 846 2404 regiones,
870 2341 951 2406 quae
971 2327 1044 2382 sunt
1065 2339 1138 2382 con·

187 2413 237 2466 tra
251 2401 381 2484 Gallias,
404 2413 512 2467 notum
535 2415 591 2466 est
620 2403 731 2489 Itaque
746 2404 865 2469 vocatis
881 2404 923 2468 ad
944 2425 978 2468 ee
999 2402 1077 2468 undi
1098 2423 1139 2466 ue

187 2487 416 2565 mercatoribus
438 2510 541 2574 neque
557 2498 674 2574 quauta
695 2499 780 2553 esset
802 2489 923 2554 insulae
945 2489 1087 2574 magnitu
1109 2509 1138 2568 o,

188 2594 291 2659 neque
313 2595 395 2659 quae
417 2583 471 2638 aut
493 2583 629 2660 quantae
650 2574 793 2638 nationes
816 2573 1003 2655 incolerent,
1033 2595 1138 2659 neque

190 2680 284 2744 quern
305 2681 398 2722 usum
417 2658 495 2723 belli
516 2657 672 2722 haberent
690 2669 744 2722 aut
766 2659 879 2745 quibus
901 2659 1050 2724 institutis
1072 2667 1139 2722 ute·

189 2752 307 2825 rentur,
330 2766 433 2828 neque
462 2744 516 2844 qui
546 2752 652 2808 essent
674 2743 715 2808 ad
736 2746 888 2808 maiorum
911 2745 1039 2808 navium
1061 2740 1140 2808 rnul-

189 2827 353 2894 titudinem
375 2828 481 2894 idoner
502 2838 620 2914 portus,
643 2829 783 2914 reperire
804 2840 936 2915 poterat.

253 2913 305 2976 21.
332 2912 385 2977 Ad
405 2913 485 2977 haec
507 2913 737 2998 cognoscenda,
760 2915 943 3016 priusquam
987 2913 1140 2978 ericulum

190 2997 321 3081 faceret,
350 2997 498 3064 idoneum
521 3020 591 3064 esse
619 2997 786 3063 arbitratus
809 2999 926 3064 Garum
977 2999 1142 3064 clusenum

191 3105 263 3148 cum
283 3085 359 3148 navi
379 3083 477 3169 longa
491 3083 674 3232 praemittit
711 3082 796 3148 Huic
816 3085 954 3167 mandat,
977 3095 1012 3148 ut
1033 3082 1142 3169 explo-

190 3171 266 3234 ratis
288 3169 433 3234 omnibus
454 3192 490 3233 re
513 3191 550 3234 us
572 3169 614 3234 ad
636 3191 671 3234 se
686 3191 779 3254 quam
802 3170 937 3255 primum
956 3179 1142 3234 reuertatur.

190 3253 263 3339 Ipse
292 3275 365 3318 cum
393 3253 537 3319 omnibus
570 3253 669 3339 copiis
697 3255 731 3318 in
757 3255 896 3320 Morinos
924 3254 1142 3342 proficiscitur,

212 3337 277 3404 uod
296 3338 372 3404 inde
393 3349 460 3405 erat
481 3338 687 3404 brevissimus
708 3340 742 3404 in
762 3339 959 3405 Britanniam
980 3343 1141 3406 traiectus.

223 3445 264 3488 uo
283 3445 383 3490 naves
404 3424 543 3519 undique
565 3447 607 3492 ex
627 3423 768 3490 finitimis
789 3426 971 3512 regionibus
993 3434 1025 3491 et
1047 3447 1142 3512 quarn
