2562 3966
369 207 504 274 eonn.
526 209 588 275 vn
611 175 703 274 cnr.
725 208 860 275 54-55.
934 225 936 228 ·
1030 209 1087 273 171

137 377 307 464 indignitas
328 379 376 443 rei
398 387 429 443 et
450 402 469 445 o
490 380 611 466 positus
634 399 723 444 mons
740 377 891 444 Cevenna
904 380 1090 466 viarumque

138 463 305 530 difficultas
328 402 534 549 impedieSat,
561 475 629 529 tum
657 465 812 547 maxime,
836 464 920 551 quod
941 463 1089 531 abiuncto

137 548 279 614 Labieno
315 557 409 635 atque
442 551 481 614 iis
517 549 710 635 legionibus,
749 571 827 635 quas
855 571 919 613 una
950 549 1089 630 miserat,

137 633 342 698 vehementer
363 633 502 698 timebat.
539 635 650 722 Itaque
672 634 840 700 admodum
862 633 984 718 magnis
1006 633 1089 697 diur-

137 719 187 782 nis
209 719 433 805 nocturnisque
460 719 625 784 itineribus
648 720 798 784 confectis
820 729 930 783 eontra
952 719 1089 782 omnium

138 805 317 889 opinionem
344 809 381 868 ad
411 804 560 889 Ligerem
586 806 674 869 venit
703 803 845 890 vadoque
880 826 939 889 per
968 804 1089 889 equites

138 890 265 957 invento
300 910 358 974 pro
387 890 435 954 rei
462 892 652 954 necessitate
679 900 867 975 opportuno,
895 898 930 953 ut
958 887 1091 952 brachia

137 973 231 1038 modo
260 983 354 1061 atque
388 973 511 1038 humeri
539 975 580 1039 ad
609 975 791 1039 sustinenda
817 996 904 1038 arum
930 972 1023 1037 liberi
1050 972 1090 1036 ab

138 1081 221 1146 aqua
242 1081 313 1123 esse
334 1068 472 1144 possent,
496 1060 544 1124 dis
568 1062 647 1125 osito
669 1062 816 1146 equitatu,
840 1061 893 1145 qui
909 1061 974 1122 vim
991 1057 1091 1122 flumi-

137 1146 187 1208 nis
208 1144 405 1228 refringeret,
427 1153 521 1231 atque
543 1083 684 1210 lenibus
706 1145 807 1229 primo
831 1154 960 1229 aspectu
969 1152 1090 1228 pertur-

137 1227 220 1294 batis
254 1227 443 1294 incolumem
471 1232 645 1294 exercitum
674 1229 811 1292 traduxit
839 1229 1091 1313 frumentumque

137 1314 171 1378 in
192 1314 277 1399 agris
299 1321 331 1376 et
352 1315 475 1398 peeoris
504 1318 627 1401 copiam
648 1325 760 1378 nactus
781 1313 902 1399 repleto
924 1313 973 1376 bis
994 1311 1091 1378 rebus

139 1400 280 1465 exercitu
299 1399 361 1462 iter
382 1401 415 1462 in
437 1397 578 1464 Senones
601 1400 705 1464 lacere
727 1400 869 1464 instituit.

203 1484 254 1546 ot.
277 1483 363 1547 Dum
386 1483 464 1548 haec
487 1484 572 1571 apud
602 1483 772 1548 Caesarem
794 1491 956 1570 geruntur,
980 1481 1092 1546 Labie-

138 1591 198 1632 nus
221 1591 258 1633 eo
282 1567 508 1654 supplemento,
537 1569 621 1655 quod
648 1592 750 1654 nuper
778 1592 818 1632 ex
838 1567 930 1632 Italia
950 1579 1090 1647 venerat,

139 1653 248 1718 relicto
270 1653 411 1738 Agedici,
435 1665 470 1718 ut
485 1668 569 1718 esset
582 1654 814 1740 impedimentis
829 1652 996 1739 praesidio,
1019 1675 1088 1716 cum

140 1748 285 1824 quattuor
311 1738 488 1824 legionibus
522 1740 679 1804 Lutetiam
710 1739 927 1824 proficiscitur.
976 1737 1014 1810 Id
1046 1747 1093 1801 est

139 1823 288 1910 opidum
320 1824 526 1905 Parisiorum,
581 1825 644 1888 nod
671 1826 809 1910 positum
842 1833 891 1888 est
921 1824 954 1885 in
989 1821 1093 1886 insula

164 1910 279 1974 uminis
302 1908 477 1995 Sequanae.
522 1908 620 1974 Cuius
642 1911 780 1974 adventu
802 1908 841 1972 ab
874 1907 1017 1972 hostibus
1043 1929 1091 1970 co·

139 1995 227 2080 guito
243 2017 377 2079 magnae
398 2015 437 2057 ex
452 1994 591 2058 finitimis
614 1995 793 2058 civitatibus
816 1995 925 2079 copiae
939 2015 1091 2056 convene·

138 2089 221 2144 mnt.
266 2079 394 2142 Summa
409 2081 532 2164 imperii
554 2081 688 2144 traditur
710 2077 1091 2164 CamulogenolAulerco,

141 2165 194 2251 qui
216 2186 314 2250 prope
336 2166 496 2228 contectus
512 2175 614 2229 aetate
629 2177 736 2228 tamen
750 2175 879 2250 propter
901 2161 1091 2248 singularem

140 2250 303 2314 seientiam
323 2252 371 2312 rei
393 2248 536 2314 militaris
558 2251 599 2314 ad
621 2273 692 2315 eum
708 2260 756 2314 est
771 2249 921 2315 honorem
935 2257 1092 2313 evocatus.

140 2333 172 2400 Is
202 2357 298 2420 quum
328 2334 601 2399 animadvertisset
628 2346 813 2420 perpetuam
843 2355 913 2398 esse
935 2332 1092 2419 paludem,

141 2441 222 2505 quae
257 2419 403 2482 influeret
440 2420 474 2482 in
507 2420 684 2505 Sequanam
718 2429 812 2505 atquc
844 2417 933 2482 illum
971 2439 1092 2483 omnem

141 2503 245 2568 locum
265 2526 379 2590 magno
403 2526 457 2568 erc
478 2506 653 2591 impediret,
676 2504 728 2568 hic
742 2503 885 2568 consedit
906 2513 1092 2589 nostrosque

140 2592 275 2654 tratrsitu
295 2527 463 2674 prohibere
485 2592 628 2654 instituit.

204 2674 256 2738 58.
277 2673 437 2738 Labienus
459 2677 560 2760 primo
582 2679 691 2740 vineas
714 2695 817 2760 agere,
841 2672 980 2738 cratibus
1000 2681 1033 2736 at
1055 2694 1093 2736 uc

142 2781 259 2844 aggere
279 2759 428 2844 paludem
453 2760 582 2846 explere
604 2775 698 2847 atque
719 2761 780 2824 iter
806 2761 929 2822 munire
962 2695 1109 2822 canaba·

142 2855 201 2908 tur.
242 2845 414 2930 Postquam
445 2845 479 2908 id
508 2845 665 2910 difficilius
703 2843 832 2910 confieri
866 2844 1094 2922 animadvertit,

143 2929 267 2996 silentio
290 2951 307 2993 e
330 2931 441 2994 eastris
463 2931 556 2994 tertia
576 2929 687 3014 vigilia
709 2951 854 3015 egressus
877 2929 1001 3009 eodem,
1035 2949 1095 3012 quo
1146 2943 1152 2958 ·

142 3023 288 3096 venerat,
311 3015 422 3080 itinere
444 3013 648 3080 Melodunum
674 3015 827 3100 pervenit.
870 3013 908 3078 Id
937 3023 985 3078 est
1011 3013 1095 3097 oppi-

143 3099 219 3164 dum
240 3101 401 3165 Senonum
420 3101 454 3162 in
475 3099 579 3164 insula
601 3100 644 3164 Se
665 3121 767 3163 uanae
787 3100 932 3184 positum,
955 3106 991 3161 ut
1004 3095 1096 3183 paulo

143 3195 216 3248 ante
237 3184 278 3249 de
298 3184 426 3249 Lutetia
447 3184 592 3250 diximus.
670 3186 811 3271 eprensis
843 3183 977 3246 navibus
1008 3181 1096 3246 circi-

142 3279 192 3334 ter
248 3271 456 3354 uinquaginta
487 3269 694 3354 celeriterque
724 3271 898 3334 coniunctis
930 3273 1025 3353 atque
1059 3287 1097 3332 eo

143 3293 294 3420 militibus
307 3354 431 3418 iniectis
454 3363 485 3419 et
500 3356 549 3420 rel
566 3357 708 3420 novitate
729 3354 905 3440 perterritis
921 3352 1096 3438 oppidanis,

142 3461 276 3526 quorum
307 3461 424 3526 magna
451 3461 524 3526 pars
555 3449 622 3504 erat
650 3439 692 3504 ad
720 3438 840 3504 bellum
863 3448 1008 3521 evocata,
1031 3436 1098 3504 sine
