2562 3970
196 243 238 307 32
526 242 587 306 DE
609 243 910 308 BELLO-OIVILI

196 414 307 495 lorum,
329 413 524 498 tragularum
551 412 745 498 reliquorum
766 437 806 480 ue
821 413 962 479 telorum
985 438 1019 480 se
1040 416 1151 486 insuu-

195 509 317 562 xerant.
339 499 388 564 Ita
413 502 539 584 cognito
565 499 702 562 hostium
774 509 870 564 ventu
897 521 970 564 suas
992 522 1091 564 naves
1113 522 1151 564 ex

195 596 288 670 portu
310 584 455 666 educunt,
493 607 566 650 cum
593 583 844 648 Massiliensibus
874 583 1056 670 confligunt
1093 585 1151 648 Pu·

197 680 327 754 gnatum
343 680 391 733 est
405 670 561 754 utrimque
575 669 743 733 fortissime
757 678 852 756 atque
873 671 1039 754 acerrim03
1050 691 1151 756 neque

195 754 327 818 multum
363 754 469 818 Albici
504 755 620 818 nostris
656 757 773 818 virtute
809 753 974 837 cedebant,
996 754 1152 819 shomines

196 843 299 924 asperi
321 848 352 903 ct
372 841 522 920 montani,
539 841 702 904 exercitati
722 841 756 902 in
771 840 883 921 armis3
906 849 1001 926 atque
1015 839 1151 905 bimodo

196 925 331 1010 digressi
353 947 372 988 a
393 923 645 989 Massiliensibus
673 934 833 990 recentem
863 923 973 991 eoruin
1001 924 1152 1010 pollicita·

196 1012 313 1074 tionem
335 1009 448 1073 animis
471 1010 681 1092 continebant,
714 1019 923 1096 pastoresque
943 1009 1077 1075 Domitii
1098 1031 1153 1096 spe

195 1093 350 1159 libertatis
380 1097 507 1158 excitati
534 1095 593 1159 sub
622 1094 721 1160 oculis
751 1094 870 1159 domini
899 1117 989 1182 suam
1016 1093 1152 1180 probare

196 1201 326 1265 operam
348 1179 525 1244 studebant,

258 1265 310 1328 58.
332 1263 399 1350 Ipsi
413 1264 629 1330 Massilienses
644 1273 676 1329 et
688 1265 848 1332 celeritate
863 1268 993 1330 navium
1007 1274 1038 1330 et
1053 1265 1154 1329 scien·

195 1351 240 1414 tia
260 1349 508 1435 gubernatorum
530 1351 640 1414 confisi
666 1360 791 1415 nostros
814 1350 986 1416 eludebant
1006 1353 1155 1436 impetus·

195 1457 256 1520 que
282 1457 391 1500 eorum
418 1435 587 1500 exciebant
607 1445 653 1517 et,
687 1436 792 1522 quoad
821 1437 946 1502 lieeba
962 1436 1076 1500 latiore
1107 1436 1157 1498 uti

196 1521 307 1605 spatio,
335 1521 489 1606 producta
517 1519 642 1605 longius
670 1523 739 1586 acie
766 1522 997 1588 circumvenire
1029 1519 1156 1585 nostros

195 1615 250 1669 aut
263 1604 408 1691 pluribus
422 1604 557 1670 navibus
573 1605 690 1669 adoriri
705 1607 846 1692 singulas
862 1616 917 1670 aut
936 1628 1040 1671 remos
1051 1615 1156 1670 trans-

196 1700 359 1755 currentes
382 1691 557 1777 detergere‚
581 1692 609 1753 si
622 1699 761 1776 possent,
785 1687 1034 1756 contendebant:
1058 1713 1158 1776 quum

194 1778 324 1861 propius
346 1786 414 1840 erat
441 1777 622 1840 necessario
650 1787 789 1857 ventum,
819 1776 860 1840 ab
889 1778 1020 1840 scientia
1041 1774 1156 1860 guber-

137 1937 140 1944 ,
193 1870 340 1928 natorum
372 1872 466 1948 atque
502 1862 642 1927 artificiis
680 1861 721 1926 ad
752 1863 901 1926 virtutem
935 1871 1158 1926 montanorum

195 1946 426 2032 confugiebant.
442 1951 548 2011 Nostri
583 1969 658 2010 uum
668 1949 772 2010 minus
784 1949 965 2012 exercitatis
978 1945 1155 2030 remigibus

195 2033 361 2116 minusque
385 2033 495 2117 peritis
520 1970 784 2116 gubernatoribus
813 2031 991 2114 utebantur,
1022 2033 1076 2118 qui
1103 2054 1157 2096 re·

194 2127 289 2202 pente
307 2139 349 2181 ex
367 2117 520 2180 onerariis
530 2115 666 2180 navibus
678 2126 775 2182 erant
792 2117 937 2202 producti
952 2140 1056 2204 neque
1078 2116 1158 2181 dum
1242 2123 1244 2128 ’

195 2212 290 2266 etiam
310 2201 473 2266 vocabulis
502 2212 767 2266 armamentorum
795 2204 939 2288 cognitis,
968 2213 1036 2266 tum
1058 2203 1156 2265 etiam
1259 2239 1260 2245 κ

194 2287 341 2351 tarditate
370 2299 402 2350 et
429 2291 582 2372 gravitate
602 2289 733 2352 navium
761 2287 1029 2373 impediebantur3
1050 2288 1157 2351 factae

196 2373 280 2436 enim
302 2371 405 2438 subito
434 2395 476 2435 ex
504 2371 633 2435 humida
660 2375 793 2437 materia
817 2395 882 2437 non
904 2373 1039 2438 eundem
1060 2393 1154 2435 usum

194 2457 365 2521 celeritatis
392 2456 562 2522 habebant.
594 2457 716 2544 Itaque,
732 2491 736 2500 .
750 2459 825 2522 dum
856 2458 944 2524 locus
977 2455 1156 2523 comminus

193 2543 354 2628 pugnandi
368 2542 505 2625 dacer,
522 2565 623 2628 aequo
644 2545 747 2608 animo
763 2543 903 2630 singulas
918 2543 1001 2608 binis
1016 2541 1157 2606 navibus

131 2665 133 2670 ·
195 2627 386 2692 obiiciebant
422 2637 515 2776 atplre
550 2630 667 2694 iniecta
688 2651 784 2692 manu
820 2631 927 2696 ferrea
963 2639 995 2692 et
1028 2637 1158 2692 retenta

193 2723 325 2798 utraque
352 2734 434 2776 nave
484 2715 578 2779 ‘versi
608 2714 792 2800 pugnabant
824 2723 919 2798 atque
949 2717 983 2779 in
1015 2711 1158 2778 hostium

81 2802 83 2806 ’
193 2821 291 2865 naves
313 2798 581 2865 transcendebant
609 2809 640 2864 et
668 2821 783 2884 magno
809 2821 940 2864 numero
967 2797 1165 2862 Albicorumr

193 2893 225 2948 et
256 2893 418 2969 pastorum
449 2884 613 2950 interfecto
645 2893 768 2970 partem
801 2886 929 2949 navium
962 2883 1156 2970 deprimunt,

194 2969 363 3034 nonnullas
386 2991 458 3033 cum
471 2969 651 3034 hominibus
666 2973 803 3055 capiunt,
819 2970 957 3056 reliquas
980 2971 1012 3032 in
1027 2977 1158 3054 portum

193 3053 393 3140 compellunt
408 3054 457 3118 Eo
469 3055 519 3118 die
534 3077 632 3120 naves
647 3054 891 3119 Massiliensium
912 3077 985 3118 cum
1005 3055 1054 3137 iis,
1071 3075 1158 3140 quae

197 3149 271 3204 sunt
292 3148 413 3224 captae,
435 3143 594 3204 intereunt
617 3147 703 3203 v1111.

202 3265 204 3270 -
255 3225 307 3288 59.
329 3225 401 3288 Hoc
422 3227 557 3310 primum
586 3224 716 3290 ansari
745 3224 786 3288 ad
805 3225 951 3304 ilerdam
971 3227 1157 3307 nuntiatur3

194 3309 287 3373 simul
308 3310 446 3394 perfecto
475 3319 570 3396 ponte
597 3310 744 3374 celeriter
766 3310 892 3375 fortuna
920 3320 1066 3375 mutatur.
1099 3309 1158 3375 Illi

195 3396 354 3475 perterriti
367 3395 483 3458 virtute
495 3396 635 3480 equitum
645 3396 749 3460 minus
763 3395 874 3478 libere,
886 3398 989 3459 minus
1001 3395 1159 3462 audacter

194 3477 399 3560 vagabantur,
422 3479 500 3544 alias
522 3502 586 3544 non
612 3479 707 3566 longo
729 3502 749 3543 a
770 3481 881 3545 castris
902 3483 1065 3566 progressi
1080 3503 1157 3567 spa-
