2562 3970
401 255 535 322 cosm,
558 255 575 320 1
597 253 690 321 oar.
714 229 857 320 22-25.
1058 257 1097 321 15

140 454 213 496 rum
236 437 267 494 et
295 428 508 512 decurionum,
543 451 621 518 quos
655 449 695 492 ex
726 427 906 513 municipiis
938 427 1096 492 Domitius

141 523 340 582 evocaverat
363 514 432 578 Hos
455 537 565 580 omnes
609 513 756 580 reductos
779 535 799 576 a
820 512 1017 578 contumeliis
1040 515 1096 576 mi-

140 602 232 666 litum
255 601 468 686 conviciisque
489 539 652 687 prohibet3
685 619 788 686 pauca
814 598 898 684 apud
920 620 975 663 eos
997 597 1096 685 loqui·

140 696 203 769 tur,
227 684 310 772 quod
332 685 393 767 sibi
415 707 434 750 a
455 695 546 772 parte
569 708 679 752 eorum
748 685 811 748 atia
842 683 942 748 relata
971 707 1035 748 non
1057 685 1098 748 sit

141 794 200 858 pro
220 773 287 834 'suis
308 773 342 834 in
363 793 417 836 eos
446 773 592 837 maximis
621 771 704 835 bene
728 771 799 851 ciis3
833 769 960 834 dimittit
987 791 1096 835 omnes

144 856 327 923 incolumes.
360 856 416 921 HS
441 865 494 940 LX,
519 857 603 944 quod
625 857 799 922 advexerat
818 855 977 920 Domitius
1001 864 1096 940 atque

141 943 175 1006 in
197 941 324 1028 publico
347 941 545 1028 deposuerat,
569 943 697 1007 allatum
719 941 760 1007 ad
782 963 816 1006 se
831 939 879 1006 ‘ab
894 940 1003 1005 Hviris
1020 939 1096 1005 Cor·

140 1027 328 1092 finiensibus
354 1027 494 1093 Domitio
527 1028 640 1112 reddit,
673 1049 714 1092 ne
748 1027 956 1091 continentior
976 1027 1010 1090 in
1032 1027 1098 1089 vita

139 1113 303 1178 hominum
325 1135 418 1200 quam
440 1116 472 1178 in
493 1115 630 1199 pecunia
650 1113 748 1178 firisse
768 1113 923 1194 videntum,
947 1114 1006 1175 etsi
1028 1133 1098 1175 eam

139 1201 308 1284 pecuniam
328 1199 489 1285 publicam
511 1221 581 1263 esse
596 1197 762 1265 constabat
776 1197 943 1282 datamque
965 1218 985 1261 a
1005 1196 1097 1262 Pom·

140 1285 212 1370 peio
234 1286 268 1348 in
290 1285 489 1370 stipendium.
512 1284 629 1350 Milites
643 1284 843 1350 Domitianos
867 1292 1096 1347 sacramentum

140 1369 226 1456 apud
248 1392 283 1434 se
306 1370 411 1435 dicere
432 1371 520 1435 iubet
542 1379 637 1458 atque
660 1392 698 1436 eo
720 1369 772 1434 dic
794 1379 899 1432 castra
920 1378 1028 1433 movet
1048 1370 1094 1432 iu-

141 1465 288 1543 stumque
309 1457 370 1520 iter
392 1455 518 1521 conficit
541 1464 590 1517 Vll
619 1457 745 1521 omnino
767 1455 836 1520 dies
858 1454 900 1519 ad
922 1453 1097 1519 Corfinium

142 1551 351 1606 commoratus
367 1549 398 1605 et
408 1564 467 1628 per
477 1543 558 1606 fines
569 1542 831 1624 Marrucinorum,
853 1539 1095 1622 Frentanorum,

141 1625 335 1691 Larinatium
356 1627 390 1690 in
411 1627 560 1714 Apuliam
580 1629 735 1714 pervenit.

226 1712 277 1775 24.
299 1713 469 1798 Pompeius
491 1713 541 1778 his
562 1713 658 1777 rebus
680 1713 824 1798 cognitis,
848 1731 929 1798 quae
952 1719 1042 1776 erant
1056 1711 1098 1776 ad

143 1795 317 1862 Corfinium
373 1809 469 1880 estae,
506 1799 643 1863 Luceria
676 1799 888 1902 proficiscitur
924 1795 1097 1862 Canusium

142 1892 236 1970 atque
259 1883 333 1948 inde
350 1822 567 1949 Mnundisium.
606 1883 722 1972 Oopras
751 1883 891 1971 undique
924 1903 1033 1949 omnes
1056 1903 1098 1948 ex

141 1969 233 2033 novis
256 1968 430 2034 delectibus
452 1970 494 2034 ad
516 1991 550 2034 se
572 1973 642 2056 cogi
671 1970 774 2055 iubet3
805 1991 925 2053 servos,
953 1972 1097 2055 pastores

143 2062 244 2118 armat
266 2063 359 2141 atque
380 2057 419 2120 iis
442 2079 540 2142 equos
561 2056 719 2121 attribuit:
744 2079 785 2122 ex
804 2056 854 2120 his
882 2057 1008 2120 circiter
1034 2060 1098 2118 CCC

143 2141 264 2227 equites
287 2141 421 2206 conficit.
450 2143 487 2205 L.
509 2142 647 2206 Manlius
679 2151 805 2228 praetor
837 2141 921 2205 Alba
953 2161 1025 2204 cum
1047 2161 1097 2205 co·

142 2225 285 2290 hortibus
298 2249 366 2290 -sex
387 2227 534 2314 profirgit,
557 2227 692 2293 Rutilius
707 2228 817 2313 Lupus
839 2229 967 2312 praetor
982 2226 1096 2290 'Parra-

144 2313 307 2376 cinaeum
340 2311 454 2395 tribus3
488 2335 569 2400 quae
600 2313 711 2399 procul
745 2315 917 2401 equitatum
949 2310 1097 2376 Caesaris

144 2397 352 2483 conspicatae,
380 2401 431 2464 cui
455 2408 602 2484 praeerat
616 2398 729 2463 Vibius
741 2398 865 2481 Curius,
881 2397 993 2462 relicto
1004 2418 1097 2483 prae·

144 2491 210 2546 tore
233 2484 323 2568 signa
349 2483 390 2548 ad
423 2483 554 2549 Curium
589 2484 783 2549 transferunt
819 2493 914 2571 atque
950 2482 992 2548 ad
1024 2504 1097 2547 eum

144 2575 316 2633 transeunt.
339 2569 419 2633 Item
440 2570 571 2656 reliquis
585 2570 752 2638 itineribus
767 2569 938 2635 nonnullae
954 2568 1097 2634 cohortes

145 2653 177 2716 in
198 2675 313 2738 agmen
335 2654 491 2737 Caesaris,
515 2656 596 2725 aliae
617 2658 652 2720 in
674 2659 795 2743 equites
817 2656 970 2720 incidunt.
992 2654 1096 2718 Redu-

146 2741 223 2802 citur
244 2738 285 2802 ad
307 2763 380 2805 eum
401 2741 574 2828 deprensus
608 2763 650 2806 ex
677 2743 790 2808 itinere
811 2741 853 2805 N.
872 2741 997 2824 Magios
1021 2738 1097 2804 Cre-

145 2845 245 2907 mona,
267 2826 445 2911 praefectus
467 2827 591 2891 fabrum
614 2827 673 2892 On.
695 2827 835 2913 Pompei.
859 2825 963 2907 Quem
978 2824 1122 2893 Caesar·v

144 2908 184 2973 ad
206 2923 286 2974 eurux
300 2913 429 2977 remittit
451 2934 522 2976 curn
543 2912 716 2977 mandatis:
740 2914 889 3000 quoniam
911 2911 953 2975 ad
971 2910 1005 2974 id
1019 2920 1096 2974 tem-

144 3017 201 3080 pus
222 2995 356 3062 facultas
379 2997 578 3085 colloquendi
598 3021 663 3063 non
677 2999 781 3081 fuerit,
805 3008 837 3062 at
857 3019 898 3062 ue
912 2998 980 3083 ipse
995 2995 1096 3059 Brun-

145 3080 259 3145 disium
289 3083 330 3147 sit
361 3093 522 3167 venturus,
555 3086 709 3150 interesse
741 3023 939 3171 reipublicae
961 3092 993 3146 et
1014 3102 1096 3146 com·

146 3169 246 3232 munis
269 3167 379 3233 salutis
402 3193 436 3235 se
459 3190 530 3234 cum
551 3169 703 3257 Pompeio
725 3170 876 3257 colloqui3
897 3188 1003 3253 neque
1018 3187 1096 3231 vero

145 3251 227 3315 idem
249 3253 361 3340 profici
382 3255 476 3340 longo
498 3256 621 3321 itineris
655 3259 766 3343 spatio,
794 3277 898 3406 <guum
929 3273 988 3340 per
1017 3251 1096 3317 alios

147 3337 337 3405 conditiones
366 3340 516 3422 ferantur,
550 3343 637 3406 acsi
660 3365 766 3408 coram
817 3338 1001 3406 comnibus
1024 3360 1096 3404 con-

147 3423 315 3508 ditionibus
337 3425 539 3513 disceptetur.

208 3510 259 3575 25.
281 3509 341 3575 His
364 3512 444 3577 datis
466 3511 622 3578 mandatis
645 3513 849 3579 Brundisium
871 3535 943 3579 cum
964 3513 1096 3601 legioni·
