2562 3966
375 265 510 332 OOMM.
532 263 595 330 VII
618 265 709 331 CAP.
734 265 869 330 38—42.
1038 265 1099 331 163

145 461 197 504 res
226 439 329 524 posita
355 440 389 502 in
417 436 578 502 celeritate
604 435 788 521 videbatur3
822 435 936 501 Gaium
964 436 1100 502 Fabium

147 524 175 590 le
199 534 284 588 atum
317 524 389 588 c'um
424 522 600 609 legionibus
637 521 760 586 duabus
793 525 904 586 castris
941 523 1099 607 praesidio

145 547 302 696 relinquit.
347 609 476 674 Fratres
497 609 756 692 Litaviciqnum
785 607 1009 693 comprehendi
1036 609 1099 672 ius·

146 695 247 774 sisset,
270 694 364 780 paulo
387 703 460 762 ante
481 694 599 780 reperit
620 693 661 756 ad
682 694 788 757 hostes
810 693 939 776 fugisse.
975 693 1099 758 Adhor-

145 789 227 844 tatus
248 780 380 862 milites,
410 802 452 844 ne
472 781 652 843 necessario
682 787 823 864 tempore
844 779 966 842 itineris
989 777 1099 844 labore

146 875 397 951 permoveantur,
422 865 631 950 cupidissimis
648 863 791 928 omnibus
810 885 996 949 progressus
1011 863 1099 928 milla

145 973 294 1036 passuum
306 957 385 1013 XXV
398 973 511 1036 agmen
524 949 732 1014 Haeduorum·
745 950 942 1034 conspicatus
957 951 1098 1014 immisso

146 1037 286 1121 equitatu
313 1037 373 1099 iter
400 1057 508 1100 eorum
537 1044 678 1098 moratur
700 1044 794 1136 atque
815 1035 947 1120 impedit
967 1035 1098 1099 interdi-

146 1122 249 1206 citque
271 1121 430 1202 omnibus,
459 1143 501 1184 ne
524 1141 713 1207 quemquam
734 1121 933 1184 interficiant.
976 1119 1097 1206 Epore-

145 1205 286 1290 dorigem
309 1216 340 1270 et
355 1205 596 1286 Viridomarum,
621 1227 698 1292 quos
721 1204 768 1270 illi
788 1207 968 1270 interfectos
992 1207 1097 1270 existi·

144 1291 281 1374 mabant,
304 1293 386 1355 inter
401 1291 521 1378 equites
536 1293 659 1354 versari
674 1313 809 1376 suosque
825 1289 986 1378 appellare
1000 1291 1097 1355 iubet..

144 1377 204 1440 His
234 1379 367 1461 cognitis
401 1385 432 1440 et
466 1376 602 1440 Litavici
633 1375 744 1440 fraude
799 1387 943 1462 erspecta
971 1376 1098 1440 Haedui

145 1484 261 1525 manus·
283 1462 431 1542 tendere,
462 1461 653 1526 deditionem
683 1463 765 1548 signi
789 1484 862 1526 care
890 1469 921 1526 et
939 1463 1097 1548 'proiectis

145 1549 241 1612 armis
256 1557 400 1628 ¹mortem
430 1547 469 1610 de
491 1549 592 1611 recari
618 1548 782 1632 incipiunt.
830 1548 992 1611 Litavicus
1026 1569 1098 1612 cum

145 1633 210 1696 suis
227 1632 402 1714 clientibus,
424 1570 537 1718 quilius
552 1655 640 1698 more
657 1631 822 1698 Gallorum
836 1633 926 1697 nefas
942 1641 989 1696 est
1004 1635 1098 1696 etiam

145 1720 176 1781 in
202 1727 351 1865 fplustrema
373 1718 498 1782 fortuna
523 1723 679 1782 ‘deserere
708 1727 873 1804 patronos,
908 1717 1099 1802 Gergoviam

99 1861 101 1865 ,
165 1825 200 1867 ro
259 1805 290 1868 't
609 1831 611 1838 ’

144 1825 164 1959 l)
207 1825 268 1952 dig.l
279 1887 528 1954 Caesarnuntiis
543 1888 753 1953 ad‘civitatem
764 1887 970 1954 Haeduorum
981 1889 1096 1970 missis,

145 1975 200 2060 qui
215 1994 271 2039 suo
282 1973 436 2040 beneficio
452 1984 654 2039 conservatos
670 1974 828 2056 docerent,
845 1995 921 2063 quos
937 1975 1006 2038 iure
1022 1973 1097 2038 belli

144 2057 323 2124 interficere
344 2061 506 2145 potuisset,
529 2059 692 2145 tribusque
714 2059 798 2124 horis
820 2061 921 2122 noctis
946 2061 1098 2124 exercitui

145 2145 185 2208 ad
208 2145 346 2231 quietem
368 2143 449 2209 datis
469 2154 572 2208 castra
590 2145 630 2208 ad
646 2144 838 2230 Gergoviam
852 2145 959 2208 movit.
992 2145 1097 2212 Medio

144 2229 211 2294 lere
241 2231 353 2294 itinere
380 2231 500 2316 equites
530 2253 550 2294 a
570 2229 679 2294 Fabio·
701 2231 806 2313 missi,
841 2239 957 2316 quanto
989 2232 1098 2294 resin

145 2315 285 2400 periculo
307 2314 411 2398 fuerit,
436 2324 606 2401 exponunt.
637 2315 773 2380 Summis
797 2317 895 2416 copiis
918 2325 1022 2380 castra
1043 2339 1097 2402 op-

145 2409 286 2486 pugnata
307 2400 538 2484 demonstrant,
569 2423 665 2488 quum
687 2400 798 2466 crebro
827 2401 943 2485 integri
965 2401 1109 2466 defessis

146 2485 351 2550 succederent
371 2495 559 2572 nostrosque
589 2486 716 2551 assiduo
745 2485 854 2550 labore
877 2485 1096 2573 defatigarent,

146 2570 258 2658 quibus
313 2579 420 2657 ropter
454 2573 701 2656 magnitudinem
738 2581 911 2636 castrorum
946 2583 1097 2658 perpetuo

146 2666 230 2720 esset
244 2593 357 2722 iisdem
370 2658 404 2720 in
414 2656 498 2722 vallo
514 2657 772 2743 permanendum.
801 2656 1001 2721 Multitudine
1016 2659 1098 2742 sagi·

145 2740 250 2806 tarum
265 2751 360 2829 atque
376 2745 476 2806 omnis
488 2743 614 2828 generis
630 2742 763 2808 telorum
773 2741 887 2808 multos
899 2742 1097 2827 vulneratos;

146 2827 287 2891 adhaec
310 2828 494 2892 sustinenda
508 2837 624 2914 magno
647 2829 717 2893 usui
738 2829 836 2892 fuisse
850 2837 1014 2893 tormenta.
1035 2828 1097 2892 Fa-

146 2913 232 2976 bium
248 2912 389 2976 discessu
407 2935 515 2978 eorum
537 2913 659 2977 duabus
677 2913 797 2978 relictis
819 2915 918 2999 portis
934 2913 1097 2978 obstruere

146 3007 269 3062 ceteras
289 2996 477 3085 pluteosque
499 2997 584 3064 vallo
608 2999 726 3064 addere
756 3007 787 3062 et
817 3021 850 3064 se
879 3000 913 3062 in
935 3008 1097 3084 posterum

146 3083 231 3148 diem
246 3082 443 3170 similemque
460 3105 567 3148 casum
583 3107 622 3171 ap
647 3105 747 3148 arare.
769 3083 830 3148 His
845 3083 940 3148 rebus
964 3084 1096 3170 cognitis

148 3167 268 3232 Caesar
297 3191 418 3235 summo
448 3170 550 3236 studio
611 3171 711 3234 ‘'tum
733 3179 806 3234 ante
836 3183 938 3234 ortum
960 3168 1035 3234 solis
1064 3170 1097 3233 in

147 3263 252 3318 castra
273 3255 426 3340 pervenit.
762 3272 765 3280 ’

210 3340 260 3404 42.
293 3339 381 3404 Dum
401 3339 481 3405 haec
503 3339 545 3404 ad
567 3337 760 3428 Gergoviam
782 3349 948 3428 geruntur,
970 3339 1098 3405 Haedui

147 3425 255 3508 primis
282 3425 401 3490 nuntiis
430 3425 469 3489 ab
491 3425 635 3492 Litavico
665 3427 804 3513 acceptis
831 3425 952 3490 nullum
975 3425 1036 3490 sibi
1057 3425 1099 3491 ad

147 3509 401 3596 cognoscendum
437 3514 573 3598 spatium
605 3511 795 3601 relinquunt.
828 3509 987 3663 1{¹¹.¹p⁹llit
1019 3511 1098 3576 alios
