2538 3978
375 257 509 324 COMM.
533 257 582 322 111
604 257 697 323 OAP.
721 256 856 321 81-84.
1039 255 1098 319 121

137 428 267 510 faceret,
290 431 383 493 unius
400 451 470 494 esse
486 429 646 514 negotium
668 421 740 510 diei,
758 428 815 491 sed
836 427 926 492 illum
950 427 1101 490 delectari

137 514 272 600 imperio
296 524 327 578 et
342 513 525 579 consulares
542 511 779 600 praetoriosque
795 535 959 578 servorum
981 511 1100 576 habere

136 621 269 664 numero
292 599 442 663 dicerent.
465 599 596 684 Iamque
611 600 694 662 inter
708 621 743 662 se
765 601 872 683 palam
894 598 1100 682 dc‘praemiis

139 705 177 748 ac
200 684 383 748 sacerdotiis
406 684 639 750 contendebant
661 685 694 746 in
716 705 879 770 annosque
902 681 1099 748 consulatum

139 768 343 852 definiebant,
360 769 414 833 alii
429 770 538 834 domos
559 769 704 855 bonaque
727 791 845 850 eorum,
863 769 917 855 qui
939 768 1099 832 incastris

140 863 230 919 crant
246 853 401 936 Caesaris,
417 854 588 940 petebant3
604 877 782 941 magnaque
796 857 878 918 inter
901 875 954 918 cos
976 854 1010 916 in
1026 874 1098 916 con-

136 939 289 1003 siliofuit
310 942 537 1020 controversia,
561 962 579 1003 o
602 949 760 1004 orteretne
774 939 879 1003 Lucili
899 939 997 1019 Hirri,
1014 937 1100 1024 quod

135 1026 162 1088 is
191 1043 210 1086 a
240 1025 391 1110 Pompeio
425 1026 466 1089 ad
502 1025 564 1088 Par
599 1047 634 1090 os
667 1027 782 1088 missus
819 1033 912 1104 esset,
945 1025 1098 1110 proximis

138 1111 273 1174 comitiis
302 1112 470 1196 praetoriis
499 1110 639 1174 absentis
668 1112 825 1175 rationem
852 1109 971 1194 haberi,
1002 1131 1099 1194 quum

136 1195 204 1260 eius
232 1197 405 1260 necessarii
426 1195 521 1260 fidem
536 1195 742 1280 implorarent
756 1197 896 1281 Pompei,
912 1203 1097 1281 praestaret,

156 1281 220 1344 uod
241 1281 455 1366 proficiscenti
470 1283 649 1366 recepisset,
671 1303 712 1345 ne
727 1303 785 1366 per
800 1283 867 1346 eius
879 1281 1099 1345 auctoritatem

135 1301 287 1451 deceptus
301 1365 473 1449 videretur,
488 1366 611 1514 reliqui,
628 1368 661 1429 in
682 1366 791 1431 labore
813 1368 935 1452 pariae
956 1363 1097 1451 periculo

136 1473 178 1516 ne
200 1472 282 1514 unus
305 1472 413 1515 omncs
436 1461 546 1516 antece
570 1460 646 1531 eret,
668 1460 860 1516 recusarent.

200 1535 251 1599 83.
273 1535 342 1600 lam
364 1536 404 1600 de
427 1535 602 1614 sacerdotio
630 1537 776 1600 Caesaris
797 1537 965 1618 Domitius,
989 1535 1097 1620 Scipio

135 1619 346 1706 Spintherque
376 1621 529 1685 Lentulus
560 1622 749 1708 quotidianis
778 1621 1032 1686 contentionibus
1056 1619 1097 1684 ad

134 1706 340 1791 gravissimas
362 1706 533 1771 verborum
562 1706 766 1771 contumelias
795 1707 903 1792 palam
925 1705 1096 1770 descenda-

135 1799 210 1854 runt
232 1813 328 1875 quum
349 1791 503 1856 Lentulus
525 1794 636 1856 aetatis
659 1792 812 1856 honorem
827 1801 1007 1872 ostentaret,
1031 1791 1096 1855 Do-

134 1877 241 1938 mitius
252 1875 407 1940 urbanam
421 1879 555 1962 gratiam
571 1877 820 1964 dignitatemque
834 1879 974 1958 iactaret,
988 1877 1095 1960 Scipio

135 1959 288 2026 affinitate
303 1962 435 2047 Pompei
450 1962 632 2027 confideret.
655 1962 832 2027 Postulavit
847 1965 940 2026 etiam
955 1963 992 2025 L.
1004 1961 1096 2024 Afra-

133 2045 221 2108 nium
241 2047 427 2131 proditionis
450 2047 608 2112 exercitus
628 2049 761 2112 Acutius
783 2047 882 2112 Rufus
899 2047 983 2133 apud
1004 2048 1096 2110 Pom-

157 2131 250 2212 eium,
284 2133 368 2218 quod
400 2142 524 2217 gestum
556 2135 590 2198 in
621 2133 778 2218 Hispania
810 2134 939 2198 diceret.
983 2133 1011 2196 E
1057 2131 1094 2195 L.

133 2153 294 2280 llomitius
317 2220 350 2281 in
373 2218 503 2282 consilio
526 2219 605 2282 dixit
619 2218 745 2304 placere
768 2218 830 2283 sibi
851 2218 935 2283 ballo
952 2217 1094 2283 conlecto

132 2311 239 2364 ternas
261 2302 397 2368 tabellas
420 2303 488 2367 dari
517 2304 558 2368 ad
585 2303 788 2368 iudicandum
817 2305 865 2386 iis,
897 2305 952 2390 qui
974 2303 1094 2368 ordinis

132 2396 240 2451 essent
263 2390 410 2454 senatorii
432 2389 581 2475 belloque
603 2411 667 2452 una
689 2411 761 2452 cum
782 2391 860 2475 ipsis
879 2389 1095 2453 interiuissent

133 2473 371 2559 sententiasque
394 2473 434 2537 de
457 2474 589 2560 singulis
611 2475 737 2556 ferrent,
755 2476 808 2560 qui
829 2475 950 2539 Romae
972 2495 1095 2538 reman-

132 2557 248 2622 sissent
270 2560 386 2644 quique
407 2560 491 2622 intra
501 2560 668 2645 praesidia
689 2560 821 2646 Pompei
841 2561 975 2625 fuissent
989 2581 1094 2646 neque

91 2715 93 2719 ¹
133 2663 261 2727 operam
290 2646 381 2713 inre
411 2643 539 2708 militari
567 2647 813 2730 praestitissent:
836 2669 931 2710 unam
958 2646 1026 2710 fore
1048 2655 1093 2708 ta·

133 2725 258 2810 bellam,
296 2731 350 2815 qui
386 2729 566 2795 liberandos
611 2735 696 2796 omni
731 2731 872 2816 periculo
910 2741 1092 2811 censerent3

135 2811 287 2895 alteram,
300 2816 354 2900 qui
377 2817 486 2900 capitis
502 2815 707 2898 damnarent3
729 2818 865 2898 tertiam,
890 2818 944 2902 qui
959 2817 1093 2902 pecunia

131 2898 312 2962 multarent.
341 2899 504 2964 Postremo
534 2924 643 2966 omnes
677 2911 731 2966 aut
760 2901 799 2966 dc
826 2900 999 2967 honoribus
1027 2901 1092 2964 suis

132 2993 186 3047 aut
209 2982 249 3047 de
272 2986 421 3070 praemiis
449 2988 604 3070 pecuniae
634 2997 688 3050 aut
717 2987 757 3050 de
784 2987 1013 3072 persequendis
1035 2988 1092 3049 ini-

131 3069 256 3133 micitiis
293 3068 431 3155 agebant
466 3093 534 3150 ncc,
573 3072 687 3157 quibus
729 3072 904 3137 rationibus
942 3093 1092 3157 superare

131 3163 269 3303 possenlt,
300 3155 366 3238 sed,
398 3156 664 3244 quemadmodum
692 3159 738 3222 uti
767 3159 901 3222 victoria
929 3157 1092 3240 deberent,

131 3259 168 3302 co
192 3241 237 3304 ita
261 3249 324 3303 ant

86 3361 89 3374 ι
170 3263 254 3389 ἕ84.Α
267 3325 315 3388 Ra
358 3325 563 3392 frumentaria
606 3337 799 3414 praeparata
836 3329 1093 3414 confirmatisque

131 3409 282 3474 militibus
298 3419 329 3475 et
344 3413 420 3476 satis
432 3411 526 3499 longo
543 3414 643 3498 spatio
659 3417 811 3499 temporis
826 3435 845 3476 a
860 3411 1105 3499 Dyrrhachinis

128 3493 257 3578 proeliis
293 3497 482 3580 intermisso,
520 3521 582 3584 quo
619 3501 695 3563 satis
736 3508 937 3584 perspectum
973 3497 1093 3562 habere
