2532 3968
74 3115 86 3144 ⁴
162 3103 343 3170 cohortibus
359 3103 468 3167 divisis
476 3105 567 3186 ,trina
581 3125 660 3167 exce
690 3105 798 3169 issimo

378 127 514 266 DOMM.
535 195 624 261 vm
648 195 743 260 OAP.
765 193 902 260 28-3t
1057 181 1119 258 207

159 371 232 438 Non
253 372 339 435 enim
361 369 536 452 dubitabat,
560 369 637 456 quin
650 368 770 433 recenti
785 365 964 433 calamitate
987 364 1123 430 submis-

159 459 260 524 siores
283 463 391 520 essent
411 455 550 538 futrrrae,
580 454 653 518 dato
679 474 756 518 vero
786 453 888 538 spatio
916 473 955 514 ac
972 459 1123 537 tempore

158 541 272 608 eodem
293 542 465 625 instigante
493 539 660 604 Dumnaco
687 547 818 624 possent
845 538 1005 602 concitari.
1050 534 1124 615 Qua

159 631 194 692 in
229 649 266 692 re
303 648 426 691 summa
459 625 594 690 felicitas
628 623 774 688 celeritas
798 645 838 687 ne
869 623 903 686 in
931 620 1124 707 recipiendis

161 711 340 778 civitatibus
362 710 500 775 Fabium
518 710 729 796 consequitur.
792 731 844 772 am
873 706 1041 789 Carnutes,
1069 708 1124 794 qui

161 819 257 883 saepe
286 798 396 861 vexati
428 818 602 882 numquam
637 796 724 881 pacis
753 794 895 858 fecerant
920 793 1123 876 mentionem,

160 884 241 960 datis
269 881 433 947 obsidibus
461 882 594 946 veniunt
626 882 660 944 in
693 879 902 960 deditionem,
936 886 1125 964 ceteraeque

160 970 305 1034 civitates
333 969 456 1053 positae
488 968 522 1030 in
549 965 669 1030 ultimis
699 963 822 1030 Galliae
844 963 970 1046 finibus,
994 962 1124 1028 Oceano

160 1055 356 1136 coniunctae,
388 1073 469 1138 quae
497 1051 684 1116 Armoricae
707 1073 727 1115 a
747 1050 915 1136 pellantur,
938 1049 1125 1115 auctoritate

159 1138 316 1204 adductae
338 1137 513 1203 Omnutum
530 1137 670 1209 adventu
683 1074 777 1200 Fabii
791 1135 1015 1221 legionumque
1025 1135 1125 1220 impe·

159 1233 230 1288 rata
251 1227 320 1288 sine
342 1245 432 1289 mora
452 1224 581 1288 faciunt.
631 1220 818 1288 Dumnacus
844 1222 909 1286 suis
931 1220 1048 1285 finibus
1071 1241 1125 1283 ex-

159 1308 270 1396 pulsus
309 1331 418 1374 errans
451 1309 643 1394 latitansque
676 1306 761 1374 solus
802 1316 961 1372 extremas
1000 1304 1126 1372 Galliae

159 1396 306 1480 regiones
328 1405 438 1481 petere
461 1403 509 1458 est
530 1402 668 1458 coactns.

224 1481 275 1544 32.
297 1479 342 1544 At
355 1479 445 1565 Drap
470 1501 503 1544 es
518 1501 645 1564 unaque
660 1477 838 1561 Lucterius,
861 1499 959 1564 quum
981 1476 1125 1562 legiones

160 1563 393 1652 Caniniumque
415 1587 434 1628 a
457 1587 528 1630 esse
558 1572 785 1651 cognoscerent
805 1585 867 1628 nec
889 1585 924 1627 se
947 1563 1015 1628 sine
1038 1571 1126 1626 certa

159 1652 300 1800 pqrnicie
334 1659 544 1737 persequente
585 1651 727 1714 exercitu
759 1657 908 1734 putarent
940 1648 1125 1734 provinciae

206 1758 240 1800 es
261 1738 381 1802 intrare
402 1757 497 1821 posse
518 1757 579 1800 nec
600 1737 664 1799 iam
686 1734 787 1799 libere
809 1733 948 1819 vagandi
963 1733 1125 1798 latrocini·

161 1843 314 1908 urumque
335 1820 552 1886 faciendorum
566 1819 749 1886 facultatem
766 1819 930 1902 haberent,
953 1820 988 1884 in
1008 1817 1126 1884 finibus

161 1909 337 1972 consistimt
364 1905 590 1971 Cadurcorum.
637 1905 689 1970 Ibi
716 1928 813 1992 quum
844 1905 1011 1970 Lucterius
1041 1903 1126 1990 apud

161 2014 235 2057 suos
258 1993 345 2058 cives
368 1993 528 2078 quondam
549 1993 680 2078 integris
701 1991 797 2057 rebus
812 1991 946 2055 multum
960 1993 1125 2077 potuisset,

161 2101 227 2142 sem
252 2099 351 2164 arque
391 2087 501 2143 auctor
541 2099 696 2142 novorum
734 2075 939 2141 consiliorum
976 2083 1127 2163 magnam

161 2101 250 2250 apud
266 2163 422 2228 barbaros
438 2164 656 2228 auctoritatem
673 2161 818 2244 haberet,
830 2162 980 2248 oppidum
993 2161 1125 2228 Uxello-

161 2249 289 2333 dunum,
314 2248 398 2334 quod
419 2249 453 2312 in
475 2247 622 2312 clientela
635 2248 740 2312 fuerat
761 2249 838 2331 eius,
862 2249 990 2333 egregie
1010 2257 1127 2312 natura

160 2334 224 2399 loci
244 2335 407 2416 munitum,
432 2343 565 2419 occupat
587 2335 652 2399 suis
675 2343 706 2398 et
721 2333 894 2419 Drappetis
917 2335 1016 2420 copiis
1039 2335 1126 2421 oppi-

161 2420 323 2506 danosque
346 2419 407 2484 sibi
429 2421 599 2504 coniungit.

224 2505 275 2570 33.
299 2505 371 2586 Quo
394 2527 491 2591 quum
507 2505 671 2569 confestim
686 2502 785 2568 Gaius
809 2503 962 2569 Caninius
982 2506 1127 2570 venisset

161 2591 490 2678 animadverteretque
516 2612 625 2655 omnes
649 2589 756 2676 oppidi
777 2599 884 2676 partes
905 2592 1126 2677 praeruptissi-

160 2677 221 2740 mis
243 2679 330 2742 saxis
353 2698 424 2743 esse
445 2678 592 2758 munitas,
615 2697 683 2825 ἓξὲξ
702 2675 891 2741 defendente
908 2675 996 2740 nullo
1018 2687 1126 2742 tamen

161 2763 291 2828 armatis
314 2761 486 2826 ascendere
509 2771 594 2827 essct
639 2764 645 2778 '
684 2760 754 2844 cile,
769 2783 887 2846 magna
900 2771 1006 2825 autem
1027 2764 1126 2848 impe·

161 2847 301 2912 dimenta
338 2847 567 2934 oppidanorum
593 2846 730 2929 videret,
758 2869 840 2933 quae
874 2849 901 2912 si
929 2847 1127 2912 clandestina
1164 2851 1168 2861 '

160 2933 236 3018 luga
258 2933 443 2998 subtrahere
457 2941 656 3018 conarentur,
674 2932 814 3018 effugere
835 2955 900 2998 non
922 2933 1016 2998 modo
1039 2935 1126 3019 equi·

160 3027 277 3102 tatum,
314 3019 371 3084 sed
399 3041 446 3083 ne
475 3017 617 3103 legiones
673 3017 779 3082 uidem
807 3027 946 3166 possent,
969 3020 1126 3105 tripertito

827 3126 885 3169 oco
908 3115 1014 3169 castra
1034 3103 1125 3189 fecit3

162 3189 306 3277 aquibus
317 3189 478 3275 paulatim,
495 3189 646 3275 quantum
659 3190 769 3274 copiae
780 3189 990 3276 patiebantur,
1004 3188 1127 3255 vallum

161 3275 195 3338 in
218 3275 326 3361 oppidi
348 3275 513 3339 circuitum
535 3273 651 3338 ducere
672 3274 818 3340 instituit.

225 3361 276 3424 34.
294 3359 388 3440 Quod
404 3382 500 3447 quum
516 3361 807 3424 animadverterent
825 3361 975 3446 oppidani
988 3363 1126 3427 miserti·

162 3468 277 3534 meque
299 3445 429 3510 Alesiae
455 3447 609 3510 memoria
636 3443 761 3510 solliciti
784 3445 920 3512 similem
942 3469 1051 3512 casum
1072 3447 1127 3515 ob·
