2532 3968
186 239 249 306 ΧΗ
536 233 781 310 PRAEFATIO

206 463 210 468 η.
249 411 329 476 LIB.
350 410 423 475 1111.
440 431 466 474 c.
483 411 550 476 3in
565 413 726 478 codicibus
741 415 821 480 haec
836 413 998 498 leguntur:
1030 420 1079 480 Aa
1088 423 1134 480 atu

187 511 279 563 mam
287 510 408 577 partera
429 504 596 561 succedant
619 503 696 575 Uati,
722 521 848 578 qaorum
859 505 922 578 [att
942 505 1050 564 civitas
1069 517 1132 564 ame

184 590 238 666 pta
263 596 352 661 atque
371 591 496 660 floreas,
509 595 543 646 at
565 595 729 664 ertcaptas
751 592 974 665 Germanorum,
997 595 1026 649 a
1034 593 1134 666 paulo

188 689 275 748 qaam
289 679 360 732 sant
373 674 504 732 eiusdem
517 677 641 746 arnaria
656 681 685 733 et
698 679 807 735 arteris
821 677 1035 746 humaniores,
1053 692 1132 752 pro-

184 765 291 835 pterea
310 760 391 832 qaod
405 759 539 818 aaaron
558 762 709 832 attineant
724 764 901 834 matrumque
919 761 961 819 ad
981 775 1033 819 eos
1054 777 1133 819 mer-

187 853 306 904 catores
328 847 479 916 oeatr'taat,
497 849 526 903 et
539 847 603 919 apsi
621 852 752 921 propter
774 847 1029 922 propinquitatem
1063 845 1134 904 Gal*

187 932 256 989 licis
288 935 360 988 sant
389 931 524 989 marthus
565 931 742 1003 adsttesactt.
789 925 828 989 N.
863 948 951 1005 qaam
979 934 1073 1011 atque
1107 938 1136 990 at

187 1010 297 1092 eiecit;
327 1010 434 1074 omitto
458 1031 537 1094 quae
567 1009 621 1072 alii
644 1010 780 1075 editores
806 1011 1071 1094 excogitaverint,
1100 1021 1137 1074 ut

186 1095 290 1160 locum
305 1095 368 1157 nisi
383 1095 588 1158 sanissimum
610 1104 642 1157 at
662 1097 804 1180 proiecto
819 1117 882 1160 non
896 1096 958 1158 nisi
974 1095 1134 1160 lenissime

186 1181 331 1244 vitiatum
353 1179 589 1264 detorquerent·
630 1179 664 1243 si
697 1183 782 1244 enim
813 1179 1001 1266 particulam
1035 1181 1136 1254 ethic

187 1263 380 1329 intendendo
402 1265 556 1328 inservire
588 1264 730 1347 facimus,
756 1266 809 1331 vel
829 1287 934 1352 ¹quum
955 1265 1136 1330 dissuadeat

187 1349 399 1435 Nipperdeius
416 1348 449 1435 (l.
465 1349 486 1412 l.
502 1373 531 1434 p.
551 1349 617 1436 69),
639 1359 725 1415 ettam
739 1373 795 1436 pro
811 1365 839 1416 et
853 1351 1043 1436 reponimus,
1060 1359 1092 1414 et
1107 1351 1135 1413 si

187 1434 348 1500 adacterr's
367 1457 431 1497 non
450 1441 615 1499 hominibus
630 1435 687 1498 sed
706 1443 797 1500 rebus
816 1439 920 1500 animo
943 1435 1136 1521 supplemus,

187 1542 206 1582 a
229 1521 386 1584 entissime
403 1521 559 1584 sententia
570 1521 691 1584 evadit:
718 1521 818 1586 Ubios
838 1532 868 1584 et
891 1521 1049 1584 civitatem
1071 1543 1135 1583 am·

186 1541 271 1690 plum
295 1615 387 1690 atque
409 1604 572 1668 florentem
593 1605 721 1688 habere,
745 1615 776 1670 et
796 1609 909 1670 ceteris
927 1606 1022 1669 etiam
1040 1605 1136 1670 rebus

187 1691 280 1774 paulo
292 1690 492 1753 humaniores
505 1713 584 1771 esse,
601 1713 695 1776 quam
708 1693 761 1775 qui
773 1692 913 1756 eiusdem
924 1691 1050 1776 generis
1062 1691 1135 1754 sint.

251 1774 286 1839 O.
309 1776 349 1838 10
375 1797 446 1850 cum
464 1775 658 1840 Schneidero
682 1776 787 1842 edidi:
816 1783 906 1841 Mosa
935 1783 1065 1857 profluit
1096 1796 1137 1840 aa

187 1874 283 1924 monta
312 1866 438 1938 Vareno,
463 1869 516 1942 aar·
537 1875 582 1924 est
603 1869 634 1924 ta
654 1869 768 1937 finitas
795 1868 974 1940 Ltaaoaara,
996 1875 1024 1926 et
1042 1873 1136 1944 parte

189 1953 316 2023 quadarn
339 1969 378 2010 ex
399 1951 504 2011 Rheno
536 1957 667 2027 recepta,
700 1969 776 2025 qaae
799 1955 971 2028 appellatur
995 1951 1139 2024 Vacalus,¹

188 2038 316 2094 innatam
338 2037 433 2110 efficit
454 2038 649 2108 Batavorum,
678 2055 775 2110 aeque
803 2040 926 2110 'lanatas
948 2037 986 2096 ab
1012 2037 1139 2096 Oceano·

187 2122 306 2179 rar'tr'oas
334 2139 485 2196 paronam
510 2122 629 2180 LXXX
655 2125 686 2180 ia
712 2123 846 2182 Rheaara
876 2125 984 2196 influit.
1015 2116 1139 2180 Locum‘

187 2199 348 2264 turbatum
388 2224 458 2265 esse
493 2203 568 2266 inde
605 2203 767 2284 existimo,
800 2202 882 2286 quod
909 2223 990 2288 quae
1018 2200 1138 2266 Caesar

187 2287 290 2347 minus
305 2296 391 2350 recte
406 2287 446 2350 de
470 2287 647 2350 confluente
661 2287 752 2350 Mosa
774 2309 846 2350 cum
864 2286 974 2350 Rheno
991 2285 1137 2349 retulisse

188 2370 365 2453 videbatur,
386 2373 523 2456 primum
541 2374 574 2435 in
595 2372 737 2454 margine
758 2372 876 2435 codicis
896 2371 1060 2470 archetypi
1072 2392 1137 2434 mo-

187 2456 254 2518 nita
287 2466 359 2520 sunt
392 2457 556 2540 adscriptis
596 2455 702 2519 verbis
734 2457 778 2538 ,in
813 2455 977 2520 Oceanum
1006 2454 1138 2537 1nlluit‘3

189 2561 288 2625 eaque
310 2540 423 2605 deinde
445 2541 478 2604 in
501 2542 604 2624 ipsum
618 2539 788 2604 verborum
811 2549 992 2605 contextum
1014 2540 1139 2602 intrusa

189 2635 270 2689 sunt.
311 2626 355 2689 At
376 2648 417 2688 ne
443 2647 535 2710 quem
560 2626 674 2687 mirum
696 2624 822 2707 habeat,
847 2647 944 2710 quum
967 2624 1138 2688 Caesarem

190 2711 257 2773 eius
272 2712 321 2775 rei
340 2712 443 2772 minus
458 2710 592 2794 peritum
613 2709 711 2772 fuisse
726 2710 868 2794 facimus,
893 2709 1029 2774 similem
1051 2719 1139 2773 erro*

188 2817 312 2859 remex
329 2794 499 2858 eomndem
520 2794 659 2858 locorum
687 2796 866 2880 ignorantia
885 2795 1062 2880 profectum
1084 2794 1138 2860 ob·

189 2899 317 2944 servare
332 2879 407 2943 licet
435 2879 465 2944 b.
491 2878 529 2944 G.
553 2879 607 2961 VI,
634 2879 686 2963 33,
713 2879 768 2944 ubi
786 2879 933 2945 Scaldcm
960 2882 994 2945 in
1015 2879 1138 2944 Mosam

188 2965 319 3030 influere
334 2967 484 3029 narravit.

253 3051 335 3114 Satis
363 3050 503 3114 difficilia
530 3052 599 3114 visa
621 3058 693 3114 sunt
713 3052 915 3136 Nipperdeio,
945 3071 1024 3137 quae
1047 3071 1074 3114 c.
1097 3047 1140 3114 22

189 3136 350 3221 leguntur:
384 3143 518 3201 Navitas
548 3143 671 3200 circiter
702 3143 822 3201 LXXX
848 3142 1003 3202 onerariis
1024 3143 1144 3200 coactis·

190 3229 423 3300 contractisque,
449 3228 616 3301 quatrata
639 3243 705 3286 esse
727 3230 769 3286 ad
789 3227 866 3287 duas
881 3228 1139 3301 transportandas

190 3313 324 3382 teutones
353 3313 551 3384 existimabat,
583 3313 666 3384 qaod
688 3321 850 3386 praeterea
878 3313 999 3370 naviam
1031 3314 1139 3384 tonea-

190 3413 255 3452 rara
276 3397 411 3466 habebat,
436 3399 591 3470 quaestori
606 3399 771 3471 teyattsqae
791 3398 945 3466 attributa
967 3413 1031 3456 non
1045 3391 1139 3456 modo

190 3474 274 3536 enim
289 3474 348 3538 hoc
363 3477 475 3540 mirum
496 3477 608 3558 videri,
632 3478 716 3562 quod
728 3476 769 3541 ad
783 3499 878 3540 unam
892 3499 959 3540 rem
974 3476 1144 3562 designanss
