2532 3968
489 247 745 314 PRAEFATIO.
980 247 1092 316 XXIX

136 419 291 488 huncio
329 429 360 485 ct
395 419 481 486 Boiis
521 421 692 486 novissimo
731 418 801 485 loeo
838 419 1092 485 commemoratis
1155 480 1157 484 .

137 507 240 574 omnis
258 529 409 572 uumerus
424 505 650 572 detraheretur.
676 505 766 570 Unde
781 507 899 570 iactum
914 507 963 588 sit,
980 515 1015 569 ut
1029 504 1091 569 Le·

136 593 275 658 murices
304 591 438 656 bissini
465 593 635 673 nominati,
664 593 846 676 perspicere
872 613 1007 677 nequeo,
1029 611 1091 654 neo

136 677 346 764 Nipperdeius
368 678 401 741 in
422 675 620 762 probabilem
636 676 763 742 modum
784 698 854 740 rem
876 677 1013 762 aperuit3
1035 696 1094 740 cos

135 772 210 850 post
231 762 373 828 Osismou
402 764 485 827 inter
506 762 689 826 Armoricae
715 771 826 846 gentes
847 762 1005 826 nominari
1026 782 1091 825 non

135 849 286 935 potuisse,
308 861 395 912 recte
417 847 552 930 monuit,
583 857 774 933 quapropter
798 845 951 912 hocloco
973 867 1092 912 nomen

136 935 227 998 uncie
248 931 373 998 inclusi.
410 932 518 998 Verba
540 955 621 1018 quae
644 931 735 996 aliter
757 932 904 996 constitui
925 933 989 996 iam
1011 931 1093 998 hacc

135 1029 227 1086 crunt:
251 1065 382 1094 ......
388 1032 497 1084 octona
529 1024 707 1083 Pictonibus
736 1029 765 1082 et
796 1023 927 1083 Turonis
949 1030 979 1082 et
999 1023 1091 1081 Pari·

135 1113 193 1170 siis
216 1117 245 1169 et
263 1111 426 1180 Heluetiis;
448 1125 542 1169 sena
566 1109 756 1185 Andibus,
781 1110 949 1184 Ambianis,
972 1108 1091 1168 Media*

135 1197 287 1267 matricio,
311 1196 509 1267 Petrocoriis,
533 1193 665 1267 Neruiis,
688 1194 830 1264 Morinis,
854 1193 1091 1266 Nitiobripibusr
1137 1261 1139 1272 Ι

141 1281 171 1339 V
186 1283 291 1341 railia
313 1283 453 1341 Aulercis
476 1281 652 1340 Cenomanis
658 1300 671 1349 ;
694 1281 859 1340 indidem
881 1279 1091 1347 Atrebatium

136 1374 329 1442 quaterna
358 1367 567 1436 Velliocassis,
591 1365 735 1426 Lexoviis
757 1372 786 1425 et
806 1367 948 1425 Aulercis
969 1365 1092 1424 Eburo-

134 1453 270 1529 uicibas3
299 1458 406 1511 terna
434 1452 589 1512 Rauracis
617 1459 646 1512 el
673 1453 782 1522 Boiis;
815 1451 910 1510 XXX
937 1451 1092 1510 uniuersis

134 1539 322 1609 civitatibus,
359 1554 435 1612 qaae
467 1537 617 1597 Oceanum
647 1541 800 1610 attineant
825 1552 962 1610 quaeque
988 1551 1092 1594 eoram

134 1625 352 1686 consuetudine
374 1625 551 1682 Armoricae
576 1624 779 1699 appellentur,
803 1637 863 1695 quo
886 1627 958 1680 sunl
979 1623 1011 1679 in
1033 1637 1091 1678 nu-

133 1726 215 1770 mero
240 1710 450 1780 Curiosolitcs,
475 1709 627 1779 Redones,
652 1709 827 1777 Ambilarii,
853 1707 977 1778 Caletes,
1005 1705 1092 1765 (isis-

133 1797 191 1868 nu',
214 1793 422 1870 [Lemovices]
449 1793 551 1854 Unelli.
584 1788 690 1854 Probe
713 1787 928 1874 quidemscio
951 1786 1092 1849 numeris

134 1875 321 1960 computatis
349 1876 499 1939 maiorem
540 1896 693 1939 summam
723 1873 805 1937 effici
835 1894 888 1953 ea,
930 1893 1023 1958 quam
1056 1871 1092 1936 in

134 1983 213 2046 agro
240 1959 446 2024 Haeduorum
474 1959 638 2022 lustratam
668 1981 739 2023 esse
766 1959 869 2042 eapite
899 1956 1015 2022 deinde
1043 1977 1092 2019 se-

135 2055 250 2133 quente
272 2047 439 2129 videmusp
454 2045 511 2109 sed
526 2045 686 2130 discrepat
707 2054 841 2130 unaque
857 2064 980 2106 summa
995 2042 1092 2104 etiam

134 2153 232 2217 quum
253 2153 401 2196 numeros
423 2130 576 2215 catalogi,
603 2129 727 2216 qualem
749 2128 960 2214 Nipperdeius
983 2126 1091 2207 edidit,

134 2227 312 2302 computem
343 2226 426 2280 certe
457 2216 611 2302 quadrant
632 2217 698 2279 fere
725 2235 875 2297 summac,
899 2214 926 2277 si
947 2213 1091 2276 mutatio·

133 2323 194 2366 nes
215 2302 255 2365 ab
277 2302 468 2387 Nipperdeio
491 2302 679 2386 propositas,
703 2302 744 2364 ab
766 2300 911 2364 Krancro
935 2299 1003 2362 sinc
1024 2295 1093 2361 ulla
1116 2353 1121 2370 ,

133 2387 341 2452 haesitatione
363 2410 420 2472 pro
441 2389 527 2450 veris
548 2397 692 2471 receptas
714 2385 840 2472 probas,
864 2383 921 2448 sed
942 2382 998 2446 ubi
1019 2381 1090 2445 libi·

134 2474 201 2539 dini
221 2472 321 2536 verba
336 2473 554 2538 constituenda
572 2474 815 2552 committuntur,
840 2479 990 2556 quantum
1013 2468 1091 2532 satis

134 2568 244 2645 patent
264 2560 345 2639 viae,
391 2556 483 2621 uibus
506 2567 540 2622 ut
561 2559 717 2643 utrimque
741 2576 882 2642 summae
904 2561 1092 2638 congruant,

137 2645 219 2709 effici
239 2644 347 2729 possit.
401 2653 415 2706 t
428 2643 569 2728 profecto
583 2642 654 2706 fieri
668 2643 781 2728 potuit,
793 2650 828 2723 ut
842 2641 942 2705 maior
957 2637 1092 2724 singulis

137 2729 316 2798 civitatibus
345 2750 494 2795 numerus
523 2729 748 2813 imperaretur,
766 2784 770 2802 „
778 2727 881 2791 minor
909 2724 1024 2789 deinde
1050 2721 1092 2787 ad

136 2815 337 2880 constitutum
370 2815 453 2878 diem
483 2836 522 2878 ex
550 2815 590 2878 iis
612 2815 814 2894 conveniret,
834 2831 952 2896 “neque
985 2810 1018 2873 in
1052 2830 1092 2872 eo

135 2900 220 2986 quod
248 2923 311 2965 non
336 2901 398 2962 nisi
419 2899 583 2964 Bellovaci
612 2907 712 2963 snum
730 2897 984 2986 numerumnon
1007 2915 1091 2957 com·

133 2985 272 3072 pluvisse
286 2993 461 3059 narrantur,
477 2993 695 3070 argumentum
710 2986 815 3048 inesse
829 2981 1091 3062 videtisnnmnes

134 3071 273 3157 reliquas
288 3071 430 3134 civitates
445 3072 603 3158 integrum
617 3069 751 3135 militum
764 3065 1091 3145 numeraminisisse3

134 3155 299 3220 Bellovaci
324 3157 410 3220 enim
439 3155 521 3220 hanc
549 3155 590 3219 ob
619 3179 688 3220 rem
716 3177 794 3240 prae
809 3154 932 3238 galeris
947 3169 1091 3214 mcomme-

133 3242 277 3308 morandi
299 3251 402 3324 erant,
432 3242 517 3328 quod
544 3242 708 3326 quominus
731 3263 803 3305 cum
831 3237 964 3324 reliquis
986 3232 1091 3298 Gallis

133 3327 288 3410 ferment,
310 3337 536 3392 recusaverant
558 3349 655 3412 seque
677 3349 733 3391 suo
755 3320 881 3390 nomine
907 3331 939 3387 et
960 3319 1092 3384 arbitrio

133 3412 254 3478 bellum
276 3433 346 3478 cum
368 3413 518 3476 Romania
540 3422 684 3499 gesturos
707 3433 777 3476 esse
800 3409 1033 3473 dictitaverant.

144 3522 163 3556 ··
200 3497 236 3564 G.
267 3499 306 3562 77
341 3499 374 3562 in
403 3500 543 3563 oratione
573 3495 751 3582 Critognati
788 3517 859 3558 cum
895 3490 1091 3558 Schneidero
1140 3530 1141 3534 =
