2562 3970
210 203 253 268 64
331 139 335 161 ¹
426 143 438 158 ο
498 203 559 266 DE
580 203 723 268 BELLO
748 200 880 268 CIVILI

209 373 323 438 beuter
345 383 386 456 et,
409 396 489 460 quae
519 374 671 438 sentimus
699 375 770 460 ipsi,
792 373 931 460 reliquos
959 374 1076 438 sentire
1098 394 1169 458 spe·

210 459 340 546 ramus),
374 459 561 523 confirmant
596 459 723 544 quidem
759 469 843 525 certe
880 459 976 523 totius
1009 459 1168 522 'exercitus

211 546 332 609 animos
354 543 473 609 alienos
497 566 566 608 esse
589 542 761 610 aOurione
779 545 980 630 maximeque
1002 564 1081 629 opus
1097 565 1170 607 esse
1256 623 1257 626 Ἴ

209 630 244 692 in
266 639 469 716 conspectum
491 631 664 694 exercitum
685 631 795 694 venire
817 638 850 696 et
870 627 1070 714 colloquendi
1091 627 1167 698 dare
1256 657 1257 664 ¹

210 713 400 779 facultatem.
424 714 496 794 Qua
510 716 657 800 opinione
672 714 826 780 adductus
847 715 951 778 Varus
996 722 1097 778 ostero
1116 713 1166 776 die

209 821 302 864 mane
329 799 469 886 legiones
500 822 541 864 ex
562 801 673 864 castris
696 800 809 865 educit.
835 800 928 864 Facit
952 736 1038 863 idem
1060 796 1165 879 Curio,

209 892 303 971 atque
325 907 388 949 una
408 887 491 950 valle
517 907 582 950 non
608 907 724 972 magna
748 887 913 950 interiecta
940 905 1013 949 suas
1034 891 1166 969 uterque

209 972 317 1055 copias
339 972 473 1035 instruit.
696 973 717 1008 Ὗ

273 1055 324 1118 28.
346 1056 426 1120 Erat
440 1057 473 1120 in
489 1059 630 1122 exercitu
643 1056 722 1122 Vari
736 1056 853 1122 Sextus
866 1054 1037 1134 Quintilius
1050 1053 1165 1135 Varus,

210 1161 303 1203 ruem
329 1140 426 1206 firisse
456 1140 576 1207 Corfini
608 1165 644 1206 su
666 1165 704 1206 ra
730 1143 981 1206 demonstratum
1013 1145 1070 1204 est.
1103 1139 1166 1202 Hic
1256 1181 1257 1184 κ

209 1163 356 1293 dimissus
379 1249 398 1290 a
420 1225 558 1292 Caesare
579 1228 614 1291 in
634 1165 776 1292 disisam
795 1234 938 1307 venerat,
961 1225 1166 1310 legionesque

209 1331 263 1374 eas
285 1311 469 1376 traduxerat
491 1310 598 1393 Curio,
629 1335 708 1399 quas
736 1311 950 1398 superioribus
971 1307 1166 1395 temporibus

210 1395 349 1459 Corfinio
378 1406 542 1483 receperat
571 1396 707 1481 Caesar,
736 1398 816 1463 adeo
846 1405 880 1461 ut
906 1397 1016 1482 paucis
1037 1395 1166 1458 mutatis
1256 1471 1257 1474 Ἴ

209 1481 445 1546 centurionibus
466 1482 562 1547 iidem
584 1483 710 1547 ordines
739 1482 891 1569 manipuli
913 1504 954 1546 ue
976 1489 1165 1546 constarent.

207 1565 301 1631 Hanc
321 1577 432 1632 nactus
455 1567 673 1654 appellationis
689 1590 818 1634 causam
839 1566 1011 1647 Quintilius
1032 1566 1165 1630 circuim

208 1651 309 1715 aciem
338 1650 484 1718 Curionis
514 1662 608 1739 atque
637 1653 804 1718 obsecrare
832 1653 947 1718 milites
975 1652 1094 1737 coepit,
1123 1667 1166 1713 ne

206 1737 342 1822 primam
364 1740 561 1822 sacramenti,
577 1738 663 1825 quod
676 1739 761 1824 apud
774 1739 949 1804 Domitium
971 1745 1072 1822 atque
1081 1735 1167 1822 apud

207 1844 242 1887 se
265 1832 462 1909 quaestorem
490 1823 659 1906 dixissent,
681 1826 867 1890 memoriam
887 1823 1082 1909 deponerent
1102 1843 1166 1884 neu

173 1969 184 1980 ,
207 1918 318 1972 contra
340 1931 394 1973 eos
416 1931 505 1974 arma
532 1917 662 1990 terrent,
692 1912 746 1995 qui
768 1909 880 1976 eadem
906 1917 1013 1974 essent
1033 1907 1090 1970 usi*
1104 1907 1165 1971 for-

206 2001 284 2058 tuna
313 1994 485 2080 eademque
513 1995 547 2058 in
569 1993 732 2060 obsidione
759 1996 913 2082 perpessi,
942 2015 1007 2058 neu
1034 2014 1093 2077 pro
1114 1991 1165 2054 his

207 2088 393 2164 pugnarent,
421 2102 442 2144 a
470 2078 584 2166 quibus
614 2103 679 2146 cum
712 2080 901 2146 contumelia
921 2079 1083 2165 perfugae
1111 2099 1165 2162 ap-

206 2163 408 2248 pellarentur.
431 2165 504 2229 Huc
524 2187 627 2251 pauca
654 2165 696 2229 ad
724 2189 813 2252 spem
835 2165 1011 2252 largitionis
1034 2161 1164 2242 addidit,

208 2268 288 2333 quae
317 2248 357 2314 ab
387 2272 444 2314 sua
469 2250 658 2315 liberalitate
686 2253 713 2315 si
742 2273 777 2316 se
799 2260 894 2337 atque
920 2249 1042 2314 Attium
1064 2248 1165 2312 secuti

207 2343 322 2418 essent,
357 2345 544 2422 exspectare
577 2335 739 2401 deberent.
771 2337 843 2401 Hac
877 2335 988 2400 habita
1023 2334 1165 2398 oratione

205 2418 326 2484 nullam
346 2422 380 2484 in
400 2430 525 2506 partem
553 2421 593 2485 ab
616 2423 757 2486 exercitu
779 2420 925 2487 Ourionis
952 2419 988 2484 fit
1009 2419 1165 2504 significa·

119 2504 123 2510 '
206 2505 260 2588 tio,
283 2514 376 2592 atque
398 2509 443 2570 ita
466 2529 539 2570 suas
560 2514 695 2592 uterque
717 2508 824 2593 copias
846 2506 979 2571 reducit.

269 2591 320 2655 29.
342 2591 386 2656 At
406 2593 440 2654 in
462 2592 572 2654 castris
589 2590 735 2657 Curionis
754 2615 887 2677 magnus
903 2593 1044 2656 omnium
1064 2589 1165 2652 inoes-
1256 2613 1257 2616 ¹

206 2675 247 2739 sit
273 2677 376 2741 timor.
404 2675 437 2739 Is
469 2677 568 2740 variis
596 2677 759 2742 hominum
790 2676 988 2742 sermonibus
1019 2673 1165 2739 celeriter

205 2771 346 2846 augetur.
368 2759 593 2847 Unusquisque
616 2763 700 2826 enim
722 2764 884 2848 opiniones
906 2761 1048 2848 fingebat
1069 2767 1101 2822 et
1122 2757 1165 2820 ad

204 2846 247 2928 id,
271 2847 356 2933 quod
378 2845 418 2910 ab
442 2847 504 2912 alio
532 2846 682 2930 audierat,
712 2849 762 2911 sui
783 2847 903 2933 aliquid
923 2847 1045 2910 timoris
1068 2843 1164 2906 adde-

203 2930 269 2996 bat.
298 2932 370 2997 Hoc
398 2930 453 2996 ubi
473 2955 537 2997 uno
559 2941 687 2998 auctore
717 2933 758 2998 ad
779 2933 888 3018 plures
909 2936 1164 3017 permanaverat,

205 3025 237 3079 at
258 3040 299 3082 ue
321 3017 402 3081 alius
432 3017 487 3081 alii
512 3017 693 3099 tradiderat,
721 3017 829 3104 plures
860 3027 1003 3082 auctores
1027 3015 1094 3080 eius
1115 3013 1166 3076 rei

204 3041 403 3168 videbantur.
427 3100 531 3167 Civile
550 3102 686 3188 bellum;
707 3126 807 3188 genus
829 3102 1000 3184 hominum,
1017 3101 1068 3164 cui
1089 3098 1167 3166 lice·

203 3186 378 3252 ret‘libere·
395 3189 500 3252 facere
523 3196 555 3252 et
576 3189 674 3273 sequi,
690 3189 775 3275 quod
795 3187 909 3270 vellet3
932 3187 962 3252 le
986 3189 1072 3251 'ones
1096 3207 1166 3266 eae,

195 3292 287 3418 'quae
301 3272 395 3358 paulo
411 3283 486 3336 ante
500 3272 584 3357 apud
598 3272 796 3337 adversarios
819 3274 943 3338 fuerant
963 3211 1053 3358 liram
1067 3272 1167 3334 etiam

233 3359 352 3421 aesaris
370 3357 563 3424 'beneficium
584 3367 767 3422 mutaverat
782 3363 937 3424 munerum
959 3356 1166 3438 consuetude,

205 3443 533 3530 quae-offerrentur„
548 3443 717 3529 municipia
740 3445 834 3508 etiam
856 3443 989 3509 diversis
1018 3441 1167 3531 partibus
