<?xml version="1.0" encoding="UTF-8"?>
<!DOCTYPE html PUBLIC "-//W3C//DTD XHTML 1.0 Transitional//EN"
    "http://www.w3.org/TR/xhtml1/DTD/xhtml1-transitional.dtd">
<html xmlns="http://www.w3.org/1999/xhtml" xml:lang="en" lang="en">
 <head>
  <title>
</title>
<meta http-equiv="Content-Type" content="text/html;charset=utf-8" />
  <meta name='ocr-system' content='tesseract 3.04.00' />
  <meta name='ocr-capabilities' content='ocr_page ocr_carea ocr_par ocr_line ocrx_word'/>
</head>
<body>
  <div class='ocr_page' id='page_1' title='image "./ciuliicaesarisc01hirtgoog_0279.png"; bbox 0 0 2532 3968; ppageno 0'>
   <div class='ocr_carea' id='block_1_1' title="bbox 194 186 803 254">
    <p class='ocr_par' dir='ltr' id='par_1_1' title="bbox 194 186 803 254">
     <span class='ocr_line' id='line_1_1' title="bbox 194 186 803 254; baseline -0.005 0"><span class='ocrx_word' id='word_1_1' title='bbox 194 186 338 254; x_wconf 86' lang='lat' dir='ltr'>XXXVI</span> <span class='ocrx_word' id='word_1_2' title='bbox 547 186 803 252; x_wconf 79' lang='lat' dir='ltr'><strong>PRAEFATIO.</strong></span> 
     </span>
    </p>
   </div>
   <div class='ocr_carea' id='block_1_2' title="bbox 191 358 1153 1060">
    <p class='ocr_par' dir='ltr' id='par_1_2' title="bbox 191 358 1153 1060">
     <span class='ocr_line' id='line_1_2' title="bbox 193 358 1153 446; baseline -0.001 -22"><span class='ocrx_word' id='word_1_3' title='bbox 193 381 267 424; x_wconf 89' lang='lat' dir='ltr'><strong>nem</strong></span> <span class='ocrx_word' id='word_1_4' title='bbox 290 361 383 424; x_wconf 83' lang='lat' dir='ltr'>anxie</span> <span class='ocrx_word' id='word_1_5' title='bbox 408 361 442 422; x_wconf 88' lang='lat' dir='ltr'><strong>in</strong></span> <span class='ocrx_word' id='word_1_6' title='bbox 467 381 561 445; x_wconf 88' lang='lat' dir='ltr'><strong>opere</strong></span> <span class='ocrx_word' id='word_1_7' title='bbox 588 382 712 446; x_wconf 90' lang='lat' dir='ltr'><strong>quoque</strong></span> <span class='ocrx_word' id='word_1_8' title='bbox 732 361 924 442; x_wconf 80' lang='lat' dir='ltr'>retinuisset,</span> <span class='ocrx_word' id='word_1_9' title='bbox 940 358 1024 445; x_wconf 91' lang='lat' dir='ltr'><strong>quod</strong></span> <span class='ocrx_word' id='word_1_10' title='bbox 1045 379 1153 445; x_wconf 86' lang='lat' dir='ltr'><strong>neque</strong></span> 
     </span>
     <span class='ocr_line' id='line_1_3' title="bbox 193 445 1151 532; baseline -0.001 -23"><span class='ocrx_word' id='word_1_11' title='bbox 193 445 329 532; x_wconf 88' lang='lat' dir='ltr'><strong>amplius</strong></span> <span class='ocrx_word' id='word_1_12' title='bbox 364 446 583 528; x_wconf 87' lang='lat' dir='ltr'><strong>rationarium,</strong></span> <span class='ocrx_word' id='word_1_13' title='bbox 617 455 652 510; x_wconf 93' lang='lat' dir='ltr'><strong>ut</strong></span> <span class='ocrx_word' id='word_1_14' title='bbox 689 447 732 508; x_wconf 87' lang='lat' dir='ltr'><strong>ita</strong></span> <span class='ocrx_word' id='word_1_15' title='bbox 764 445 881 528; x_wconf 88' lang='lat' dir='ltr'><strong>dicam,</strong></span> <span class='ocrx_word' id='word_1_16' title='bbox 915 467 1022 509; x_wconf 88' lang='lat' dir='ltr'><strong>rerum</strong></span> <span class='ocrx_word' id='word_1_17' title='bbox 1045 453 1151 508; x_wconf 90' lang='lat' dir='ltr'><strong>aucto-</strong></span> 
     </span>
     <span class='ocr_line' id='line_1_4' title="bbox 193 529 1152 618; baseline 0 -24"><span class='ocrx_word' id='word_1_18' title='bbox 193 533 286 602; x_wconf 86' lang='lat' dir='ltr'><strong>ritate</strong></span> <span class='ocrx_word' id='word_1_19' title='bbox 319 530 445 616; x_wconf 90' lang='lat' dir='ltr'><strong>publica</strong></span> <span class='ocrx_word' id='word_1_20' title='bbox 472 532 504 594; x_wconf 91' lang='lat' dir='ltr'><strong>in</strong></span> <span class='ocrx_word' id='word_1_21' title='bbox 537 531 701 616; x_wconf 77' lang='lat' dir='ltr'><strong>provincia</strong></span> <span class='ocrx_word' id='word_1_22' title='bbox 734 531 870 618; x_wconf 88' lang='lat' dir='ltr'><strong>quadarn</strong></span> <span class='ocrx_word' id='word_1_23' title='bbox 903 529 1035 617; x_wconf 85' lang='lat' dir='ltr'><strong>singulis</strong></span> <span class='ocrx_word' id='word_1_24' title='bbox 1059 530 1152 594; x_wconf 86' lang='lat' dir='ltr'><strong>annis</strong></span> 
     </span>
     <span class='ocr_line' id='line_1_5' title="bbox 195 614 1152 702; baseline -0.002 -22"><span class='ocrx_word' id='word_1_25' title='bbox 195 647 202 696; x_wconf 82' lang='lat'>3</span> <span class='ocrx_word' id='word_1_26' title='bbox 237 626 356 680; x_wconf 88' lang='lat' dir='ltr'><strong>starum</strong></span> <span class='ocrx_word' id='word_1_27' title='bbox 403 639 472 680; x_wconf 91' lang='lat' dir='ltr'><strong>esse</strong></span> <span class='ocrx_word' id='word_1_28' title='bbox 507 626 645 702; x_wconf 90' lang='lat' dir='ltr'><strong>poterat,</strong></span> <span class='ocrx_word' id='word_1_29' title='bbox 688 639 748 682; x_wconf 90' lang='lat' dir='ltr'><strong>nec</strong></span> <span class='ocrx_word' id='word_1_30' title='bbox 791 618 954 682; x_wconf 82' lang='lat' dir='ltr'>materiem</span> <span class='ocrx_word' id='word_1_31' title='bbox 989 614 1152 682; x_wconf 77' lang='lat' dir='ltr'><strong>tractabat</strong></span> 
     </span>
     <span class='ocr_line' id='line_1_6' title="bbox 194 702 1151 790; baseline -0.003 -23"><span class='ocrx_word' id='word_1_32' title='bbox 194 711 283 767; x_wconf 84' lang='lat' dir='ltr'><strong>certe</strong></span> <span class='ocrx_word' id='word_1_33' title='bbox 319 703 455 788; x_wconf 86' lang='lat' dir='ltr'><strong>quadam</strong></span> <span class='ocrx_word' id='word_1_34' title='bbox 492 702 716 788; x_wconf 79' lang='lat' dir='ltr'><strong>aequabilitate</strong></span> <span class='ocrx_word' id='word_1_35' title='bbox 755 705 906 790; x_wconf 90' lang='lat' dir='ltr'><strong>cuiusque</strong></span> <span class='ocrx_word' id='word_1_36' title='bbox 942 704 1017 766; x_wconf 88' lang='lat' dir='ltr'><strong>anni</strong></span> <span class='ocrx_word' id='word_1_37' title='bbox 1053 723 1151 767; x_wconf 91' lang='lat' dir='ltr'><strong>cursu</strong></span> 
     </span>
     <span class='ocr_line' id='line_1_7' title="bbox 192 787 1152 873; baseline -0.002 -21"><span class='ocrx_word' id='word_1_38' title='bbox 192 797 417 853; x_wconf 77' lang='lat' dir='ltr'><strong>recurrentem.</strong></span> <span class='ocrx_word' id='word_1_39' title='bbox 446 788 610 854; x_wconf 82' lang='lat' dir='ltr'><strong>Eiusmodi</strong></span> <span class='ocrx_word' id='word_1_40' title='bbox 633 789 737 873; x_wconf 91' lang='lat' dir='ltr'><strong>operis</strong></span> <span class='ocrx_word' id='word_1_41' title='bbox 760 796 980 873; x_wconf 83' lang='lat' dir='ltr'><strong>argumentum</strong></span> <span class='ocrx_word' id='word_1_42' title='bbox 1000 810 1065 853; x_wconf 91' lang='lat' dir='ltr'><strong>non</strong></span> <span class='ocrx_word' id='word_1_43' title='bbox 1087 787 1152 852; x_wconf 88' lang='lat' dir='ltr'><strong>nisi</strong></span> 
     </span>
     <span class='ocr_line' id='line_1_8' title="bbox 191 872 1151 960; baseline -0.002 -22"><span class='ocrx_word' id='word_1_44' title='bbox 191 873 227 938; x_wconf 90' lang='lat' dir='ltr'><strong>in</strong></span> <span class='ocrx_word' id='word_1_45' title='bbox 255 894 309 938; x_wconf 89' lang='lat' dir='ltr'><strong>eos</strong></span> <span class='ocrx_word' id='word_1_46' title='bbox 339 883 427 938; x_wconf 84' lang='lat' dir='ltr'><strong>actus</strong></span> <span class='ocrx_word' id='word_1_47' title='bbox 450 872 693 940; x_wconf 88' lang='lat' dir='ltr'><strong>describendum</strong></span> <span class='ocrx_word' id='word_1_48' title='bbox 716 883 791 956; x_wconf 87' lang='lat' dir='ltr'><strong>erat,</strong></span> <span class='ocrx_word' id='word_1_49' title='bbox 843 875 876 938; x_wconf 91' lang='lat' dir='ltr'><strong>ni</strong></span> <span class='ocrx_word' id='word_1_50' title='bbox 897 875 1021 960; x_wconf 90' lang='lat' dir='ltr'><strong>inipso</strong></span> <span class='ocrx_word' id='word_1_51' title='bbox 1043 895 1151 938; x_wconf 88' lang='lat' dir='ltr'><strong>rerum</strong></span> 
     </span>
     <span class='ocr_line' id='line_1_9' title="bbox 193 896 1150 1060; baseline -0.004 -36"><span class='ocrx_word' id='word_1_52' title='bbox 193 958 330 1024; x_wconf 85' lang='lat' dir='ltr'><strong>decursu</strong></span> <span class='ocrx_word' id='word_1_53' title='bbox 352 958 672 1059; x_wconf 73' lang='lat' dir='ltr'><strong>deprehenderentur.</strong></span> <span class='ocrx_word' id='word_1_54' title='bbox 697 958 808 1060; x_wconf 86' lang='lat' dir='ltr'><strong>Neque</strong></span> <span class='ocrx_word' id='word_1_55' title='bbox 822 896 994 1024; x_wconf 54' lang='lat' dir='ltr'><strong>beessrem</strong></span> <span class='ocrx_word' id='word_1_56' title='bbox 1009 958 1150 1022; x_wconf 89' lang='lat' dir='ltr'><strong>inlibris</strong></span> 
     </span>
    </p>
   </div>
   <div class='ocr_carea' id='block_1_3' title="bbox 191 1042 1253 1130">
    <p class='ocr_par' dir='ltr' id='par_1_3' title="bbox 191 1042 1253 1130">
     <span class='ocr_line' id='line_1_10' title="bbox 191 1042 1253 1130; baseline -0.005 -21"><span class='ocrx_word' id='word_1_57' title='bbox 191 1043 236 1109; x_wconf 87' lang='lat' dir='ltr'><strong>de</strong></span> <span class='ocrx_word' id='word_1_58' title='bbox 261 1042 347 1108; x_wconf 84' lang='lat' dir='ltr'><strong>bello</strong></span> <span class='ocrx_word' id='word_1_59' title='bbox 377 1043 463 1108; x_wconf 85' lang='lat' dir='ltr'><strong>civili</strong></span> <span class='ocrx_word' id='word_1_60' title='bbox 488 1043 581 1109; x_wconf 88' lang='lat' dir='ltr'><strong>aliter</strong></span> <span class='ocrx_word' id='word_1_61' title='bbox 610 1044 770 1109; x_wconf 82' lang='lat' dir='ltr'><strong>scribendi</strong></span> <span class='ocrx_word' id='word_1_62' title='bbox 799 1046 995 1130; x_wconf 85' lang='lat' dir='ltr'><strong>provinciam</strong></span> <span class='ocrx_word' id='word_1_63' title='bbox 1016 1043 1149 1108; x_wconf 84' lang='lat' dir='ltr'><strong>admini-</strong></span> <span class='ocrx_word' id='word_1_64' title='bbox 1252 1049 1253 1082; x_wconf 76' lang='lat'>³</span> 
     </span>
    </p>
   </div>
   <div class='ocr_carea' id='block_1_4' title="bbox 193 1129 1151 1472">
    <p class='ocr_par' dir='ltr' id='par_1_4' title="bbox 193 1129 1151 1472">
     <span class='ocr_line' id='line_1_11' title="bbox 193 1129 1150 1216; baseline -0.002 -20"><span class='ocrx_word' id='word_1_65' title='bbox 193 1140 321 1210; x_wconf 84' lang='lat' dir='ltr'><strong>strasse,</strong></span> <span class='ocrx_word' id='word_1_66' title='bbox 344 1153 407 1195; x_wconf 91' lang='lat' dir='ltr'><strong>non</strong></span> <span class='ocrx_word' id='word_1_67' title='bbox 428 1130 522 1194; x_wconf 88' lang='lat' dir='ltr'><strong>modo</strong></span> <span class='ocrx_word' id='word_1_68' title='bbox 544 1131 618 1195; x_wconf 85' lang='lat' dir='ltr'><strong>indo</strong></span> <span class='ocrx_word' id='word_1_69' title='bbox 642 1130 760 1212; x_wconf 89' lang='lat' dir='ltr'><strong>elucet,</strong></span> <span class='ocrx_word' id='word_1_70' title='bbox 787 1131 870 1216; x_wconf 92' lang='lat' dir='ltr'><strong>quod</strong></span> <span class='ocrx_word' id='word_1_71' title='bbox 893 1129 1015 1194; x_wconf 92' lang='lat' dir='ltr'><strong>duobus</strong></span> <span class='ocrx_word' id='word_1_72' title='bbox 1037 1130 1150 1215; x_wconf 89' lang='lat' dir='ltr'><strong>priori·</strong></span> 
     </span>
     <span class='ocr_line' id='line_1_12' title="bbox 193 1214 1150 1302; baseline -0.004 -21"><span class='ocrx_word' id='word_1_73' title='bbox 193 1215 254 1281; x_wconf 87' lang='lat' dir='ltr'><strong>bus</strong></span> <span class='ocrx_word' id='word_1_74' title='bbox 276 1214 365 1279; x_wconf 91' lang='lat' dir='ltr'><strong>libris</strong></span> <span class='ocrx_word' id='word_1_75' title='bbox 392 1238 444 1279; x_wconf 84' lang='lat' dir='ltr'><strong>res</strong></span> <span class='ocrx_word' id='word_1_76' title='bbox 473 1239 536 1280; x_wconf 93' lang='lat' dir='ltr'><strong>uno</strong></span> <span class='ocrx_word' id='word_1_77' title='bbox 559 1217 732 1302; x_wconf 88' lang='lat' dir='ltr'><strong>eodemque</strong></span> <span class='ocrx_word' id='word_1_78' title='bbox 759 1238 841 1281; x_wconf 85' lang='lat' dir='ltr'><strong>anno</strong></span> <span class='ocrx_word' id='word_1_79' title='bbox 866 1224 972 1302; x_wconf 84' lang='lat' dir='ltr'><strong>gestas</strong></span> <span class='ocrx_word' id='word_1_80' title='bbox 995 1215 1150 1301; x_wconf 86' lang='lat' dir='ltr'><strong>exposuit,</strong></span> 
     </span>
     <span class='ocr_line' id='line_1_13' title="bbox 194 1299 1149 1387; baseline -0.002 -22"><span class='ocrx_word' id='word_1_81' title='bbox 194 1323 308 1365; x_wconf 82' lang='lat' dir='ltr'><strong>verum</strong></span> <span class='ocrx_word' id='word_1_82' title='bbox 338 1303 433 1364; x_wconf 89' lang='lat' dir='ltr'><strong>etiam</strong></span> <span class='ocrx_word' id='word_1_83' title='bbox 463 1302 547 1387; x_wconf 91' lang='lat' dir='ltr'><strong>quod</strong></span> <span class='ocrx_word' id='word_1_84' title='bbox 572 1303 701 1366; x_wconf 89' lang='lat' dir='ltr'><strong>tertium</strong></span> <span class='ocrx_word' id='word_1_85' title='bbox 730 1300 989 1366; x_wconf 85' lang='lat' dir='ltr'><strong>commentarium</strong></span> <span class='ocrx_word' id='word_1_86' title='bbox 1016 1323 1080 1366; x_wconf 91' lang='lat' dir='ltr'><strong>non</strong></span> <span class='ocrx_word' id='word_1_87' title='bbox 1108 1299 1149 1364; x_wconf 89' lang='lat' dir='ltr'><strong>ab</strong></span> 
     </span>
     <span class='ocr_line' id='line_1_14' title="bbox 193 1385 1151 1472; baseline 0 -22"><span class='ocrx_word' id='word_1_88' title='bbox 193 1388 263 1472; x_wconf 92' lang='lat' dir='ltr'><strong>ipso</strong></span> <span class='ocrx_word' id='word_1_89' title='bbox 293 1387 368 1450; x_wconf 87' lang='lat' dir='ltr'><strong>anni</strong></span> <span class='ocrx_word' id='word_1_90' title='bbox 396 1386 457 1450; x_wconf 79' lang='lat'><strong>706</strong></span> <span class='ocrx_word' id='word_1_91' title='bbox 483 1389 573 1451; x_wconf 90' lang='lat' dir='ltr'><strong>initio</strong></span> <span class='ocrx_word' id='word_1_92' title='bbox 596 1386 767 1463; x_wconf 82' lang='lat' dir='ltr'><strong>exorditur,</strong></span> <span class='ocrx_word' id='word_1_93' title='bbox 797 1387 853 1451; x_wconf 91' lang='lat' dir='ltr'><strong>sed</strong></span> <span class='ocrx_word' id='word_1_94' title='bbox 878 1387 919 1452; x_wconf 86' lang='lat' dir='ltr'><strong>ab</strong></span> <span class='ocrx_word' id='word_1_95' title='bbox 941 1385 1048 1468; x_wconf 90' lang='lat' dir='ltr'><strong>rebus,</strong></span> <span class='ocrx_word' id='word_1_96' title='bbox 1072 1407 1151 1472; x_wconf 88' lang='lat' dir='ltr'><strong>quas</strong></span> 
     </span>
    </p>
   </div>
   <div class='ocr_carea' id='block_1_5' title="bbox 191 1471 1253 1559">
    <p class='ocr_par' dir='ltr' id='par_1_5' title="bbox 191 1471 1253 1559">
     <span class='ocr_line' id='line_1_15' title="bbox 191 1471 1253 1559; baseline -0.002 -21"><span class='ocrx_word' id='word_1_97' title='bbox 191 1471 254 1538; x_wconf 88' lang='lat' dir='ltr'><strong>sub</strong></span> <span class='ocrx_word' id='word_1_98' title='bbox 283 1471 380 1536; x_wconf 91' lang='lat' dir='ltr'><strong>finem</strong></span> <span class='ocrx_word' id='word_1_99' title='bbox 408 1475 545 1558; x_wconf 88' lang='lat' dir='ltr'><strong>proximi</strong></span> <span class='ocrx_word' id='word_1_100' title='bbox 573 1474 647 1537; x_wconf 84' lang='lat' dir='ltr'><strong>anni</strong></span> <span class='ocrx_word' id='word_1_101' title='bbox 668 1475 702 1536; x_wconf 89' lang='lat' dir='ltr'><strong>in</strong></span> <span class='ocrx_word' id='word_1_102' title='bbox 734 1471 814 1536; x_wconf 90' lang='lat' dir='ltr'><strong>urbe</strong></span> <span class='ocrx_word' id='word_1_103' title='bbox 835 1473 1040 1559; x_wconf 76' lang='lat' dir='ltr'><strong>perpetravit,</strong></span> <span class='ocrx_word' id='word_1_104' title='bbox 1063 1481 1150 1536; x_wconf 88' lang='lat' dir='ltr'><strong>ante·</strong></span> <span class='ocrx_word' id='word_1_105' title='bbox 1252 1479 1253 1486; x_wconf 76' lang='grc'>’</span> 
     </span>
    </p>
   </div>
   <div class='ocr_carea' id='block_1_6' title="bbox 113 1550 1151 3530">
    <p class='ocr_par' dir='ltr' id='par_1_6' title="bbox 113 1550 1151 1988">
     <span class='ocr_line' id='line_1_16' title="bbox 193 1550 1151 1644; baseline -0.001 -23"><span class='ocrx_word' id='word_1_106' title='bbox 193 1579 290 1644; x_wconf 86' lang='lat' dir='ltr'><strong>quam</strong></span> <span class='ocrx_word' id='word_1_107' title='bbox 311 1580 420 1622; x_wconf 87' lang='lat' dir='ltr'><strong>mense</strong></span> <span class='ocrx_word' id='word_1_108' title='bbox 442 1557 604 1623; x_wconf 83' lang='lat' dir='ltr'><strong>decembri</strong></span> <span class='ocrx_word' id='word_1_109' title='bbox 624 1557 830 1624; x_wconf 81' lang='lat' dir='ltr'><strong>Brundisium</strong></span> <span class='ocrx_word' id='word_1_110' title='bbox 851 1550 1009 1644; x_wconf 78' lang='lat' dir='ltr'><strong>prefectus</strong></span> <span class='ocrx_word' id='word_1_111' title='bbox 1032 1566 1089 1623; x_wconf 89' lang='lat' dir='ltr'><strong>est.</strong></span> <span class='ocrx_word' id='word_1_112' title='bbox 1112 1555 1151 1620; x_wconf 90' lang='lat' dir='ltr'><strong>In</strong></span> 
     </span>
     <span class='ocr_line' id='line_1_17' title="bbox 194 1642 1149 1792; baseline -0.002 -82"><span class='ocrx_word' id='word_1_113' title='bbox 194 1642 307 1710; x_wconf 85' lang='lat' dir='ltr'><strong>eodem</strong></span> <span class='ocrx_word' id='word_1_114' title='bbox 337 1645 562 1710; x_wconf 86' lang='lat' dir='ltr'><strong>commentario</strong></span> <span class='ocrx_word' id='word_1_115' title='bbox 590 1667 616 1708; x_wconf 89' lang='lat' dir='ltr'><strong>c.</strong></span> <span class='ocrx_word' id='word_1_116' title='bbox 639 1645 731 1730; x_wconf 87' lang='lat' dir='ltr'><strong>3sqq.</strong></span> <span class='ocrx_word' id='word_1_117' title='bbox 761 1644 899 1708; x_wconf 84' lang='lat' dir='ltr'><strong>refertur</strong></span> <span class='ocrx_word' id='word_1_118' title='bbox 927 1643 968 1708; x_wconf 88' lang='lat' dir='ltr'><strong>de</strong></span> <span class='ocrx_word' id='word_1_119' title='bbox 988 1643 1149 1792; x_wconf 81' lang='lat' dir='ltr'><strong>Pompeio,</strong></span> 
     </span>
     <span class='ocr_line' id='line_1_18' title="bbox 190 1727 1150 1816; baseline -0.001 -24"><span class='ocrx_word' id='word_1_120' title='bbox 190 1727 351 1816; x_wconf 88' lang='lat' dir='ltr'><strong>quomodo</strong></span> <span class='ocrx_word' id='word_1_121' title='bbox 380 1751 484 1793; x_wconf 90' lang='lat' dir='ltr'><strong>annuo</strong></span> <span class='ocrx_word' id='word_1_122' title='bbox 512 1729 565 1794; x_wconf 93' lang='lat' dir='ltr'><strong>illo</strong></span> <span class='ocrx_word' id='word_1_123' title='bbox 595 1731 713 1815; x_wconf 83' lang='lat' dir='ltr'><strong>spatio,</strong></span> <span class='ocrx_word' id='word_1_124' title='bbox 744 1730 829 1816; x_wconf 87' lang='lat' dir='ltr'><strong>quod</strong></span> <span class='ocrx_word' id='word_1_125' title='bbox 857 1751 993 1794; x_wconf 84' lang='lat' dir='ltr'><strong>vacuum</strong></span> <span class='ocrx_word' id='word_1_126' title='bbox 1023 1751 1043 1792; x_wconf 88' lang='lat' dir='ltr'><strong>a</strong></span> <span class='ocrx_word' id='word_1_127' title='bbox 1087 1727 1150 1792; x_wconf 86' lang='lat' dir='ltr'><strong>ello</strong></span> 
     </span>
     <span class='ocr_line' id='line_1_19' title="bbox 191 1813 1150 1901; baseline -0.002 -21"><span class='ocrx_word' id='word_1_128' title='bbox 191 1813 356 1897; x_wconf 76' lang='lat' dir='ltr'><strong>babuerit,</strong></span> <span class='ocrx_word' id='word_1_129' title='bbox 393 1814 434 1878; x_wconf 88' lang='lat' dir='ltr'><strong>ad</strong></span> <span class='ocrx_word' id='word_1_130' title='bbox 463 1815 693 1901; x_wconf 85' lang='lat' dir='ltr'><strong>comparandas</strong></span> <span class='ocrx_word' id='word_1_131' title='bbox 726 1817 834 1901; x_wconf 88' lang='lat' dir='ltr'><strong>copias</strong></span> <span class='ocrx_word' id='word_1_132' title='bbox 863 1817 905 1880; x_wconf 90' lang='lat' dir='ltr'><strong>sit</strong></span> <span class='ocrx_word' id='word_1_133' title='bbox 931 1837 1024 1900; x_wconf 84' lang='lat' dir='ltr'><strong>usus,</strong></span> <span class='ocrx_word' id='word_1_134' title='bbox 1054 1815 1150 1900; x_wconf 89' lang='lat' dir='ltr'><strong>idque</strong></span> 
     </span>
     <span class='ocr_line' id='line_1_20' title="bbox 113 1901 1149 1988; baseline -0.001 -24"><span class='ocrx_word' id='word_1_135' title='bbox 113 1952 128 1971; x_wconf 75' lang='grc'><em>,</em></span> <span class='ocrx_word' id='word_1_136' title='bbox 216 1901 335 1964; x_wconf 75' lang='lat' dir='ltr'><strong>refecto</strong></span> <span class='ocrx_word' id='word_1_137' title='bbox 363 1903 395 1963; x_wconf 91' lang='lat' dir='ltr'><strong>in</strong></span> <span class='ocrx_word' id='word_1_138' title='bbox 423 1901 638 1986; x_wconf 87' lang='lat' dir='ltr'><strong>superioribus</strong></span> <span class='ocrx_word' id='word_1_139' title='bbox 668 1903 901 1968; x_wconf 83' lang='lat' dir='ltr'><strong>commentariis</strong></span> <span class='ocrx_word' id='word_1_140' title='bbox 928 1901 1149 1988; x_wconf 86' lang='lat' dir='ltr'><strong>exponendum</strong></span> 
     </span>
    </p>

    <p class='ocr_par' dir='ltr' id='par_1_7' title="bbox 190 1923 1150 3530">
     <span class='ocr_line' id='line_1_21' title="bbox 191 1923 1149 2073; baseline -0.002 -21"><span class='ocrx_word' id='word_1_141' title='bbox 191 1923 321 2067; x_wconf 71' lang='lat' dir='ltr'><strong>bisses,</strong></span> <span class='ocrx_word' id='word_1_142' title='bbox 351 1987 378 2048; x_wconf 91' lang='lat' dir='ltr'><strong>si</strong></span> <span class='ocrx_word' id='word_1_143' title='bbox 409 1985 527 2050; x_wconf 81' lang='lat' dir='ltr'><strong>Caesar</strong></span> <span class='ocrx_word' id='word_1_144' title='bbox 556 1986 698 2073; x_wconf 83' lang='lat' dir='ltr'><strong>singulos</strong></span> <span class='ocrx_word' id='word_1_145' title='bbox 729 1986 827 2051; x_wconf 90' lang='lat' dir='ltr'><strong>libros</strong></span> <span class='ocrx_word' id='word_1_146' title='bbox 850 1988 967 2052; x_wconf 88' lang='lat' dir='ltr'><strong>strictis</strong></span> <span class='ocrx_word' id='word_1_147' title='bbox 989 1986 1149 2051; x_wconf 88' lang='lat' dir='ltr'><strong>annalium</strong></span> 
     </span>
     <span class='ocr_line' id='line_1_22' title="bbox 192 2071 1150 2160; baseline -0.001 -24"><span class='ocrx_word' id='word_1_148' title='bbox 192 2071 311 2136; x_wconf 78' lang='lat' dir='ltr'><strong>finibus</strong></span> <span class='ocrx_word' id='word_1_149' title='bbox 330 2071 499 2138; x_wconf 74' lang='lat' dir='ltr'><strong>,absolvere</strong></span> <span class='ocrx_word' id='word_1_150' title='bbox 513 2071 674 2137; x_wconf 89' lang='lat' dir='ltr'><strong>voluisset.</strong></span> <span class='ocrx_word' id='word_1_151' title='bbox 700 2073 813 2160; x_wconf 86' lang='lat' dir='ltr'><strong>Neque</strong></span> <span class='ocrx_word' id='word_1_152' title='bbox 828 2082 971 2138; x_wconf 86' lang='lat' dir='ltr'><strong>auctores</strong></span> <span class='ocrx_word' id='word_1_153' title='bbox 994 2093 1150 2138; x_wconf 88' lang='lat' dir='ltr'><strong>commen-</strong></span> 
     </span>
     <span class='ocr_line' id='line_1_23' title="bbox 193 2156 1150 2224; baseline 0.001 -3"><span class='ocrx_word' id='word_1_154' title='bbox 193 2159 347 2222; x_wconf 87' lang='lat' dir='ltr'><strong>tariorum</strong></span> <span class='ocrx_word' id='word_1_155' title='bbox 381 2157 421 2222; x_wconf 89' lang='lat' dir='ltr'><strong>de</strong></span> <span class='ocrx_word' id='word_1_156' title='bbox 458 2156 542 2222; x_wconf 87' lang='lat' dir='ltr'><strong>bello</strong></span> <span class='ocrx_word' id='word_1_157' title='bbox 571 2158 790 2224; x_wconf 86' lang='lat' dir='ltr'><strong>Alexandrino</strong></span> <span class='ocrx_word' id='word_1_158' title='bbox 824 2169 855 2224; x_wconf 90' lang='lat' dir='ltr'><strong>et</strong></span> <span class='ocrx_word' id='word_1_159' title='bbox 883 2159 991 2223; x_wconf 83' lang='lat' dir='ltr'><strong>Africo</strong></span> <span class='ocrx_word' id='word_1_160' title='bbox 1021 2158 1062 2222; x_wconf 88' lang='lat' dir='ltr'><strong>ad</strong></span> <span class='ocrx_word' id='word_1_161' title='bbox 1093 2180 1150 2221; x_wconf 85' lang='lat' dir='ltr'><strong>an-</strong></span> 
     </span>
     <span class='ocr_line' id='line_1_24' title="bbox 193 2243 1150 2326; baseline 0.001 -20"><span class='ocrx_word' id='word_1_162' title='bbox 193 2264 307 2306; x_wconf 89' lang='lat' dir='ltr'><strong>norum</strong></span> <span class='ocrx_word' id='word_1_163' title='bbox 335 2245 436 2326; x_wconf 85' lang='lat' dir='ltr'><strong>spatia</strong></span> <span class='ocrx_word' id='word_1_164' title='bbox 462 2245 674 2310; x_wconf 87' lang='lat' dir='ltr'><strong>narrationem</strong></span> <span class='ocrx_word' id='word_1_165' title='bbox 711 2246 750 2309; x_wconf 88' lang='lat' dir='ltr'><strong>de</strong></span> <span class='ocrx_word' id='word_1_166' title='bbox 781 2243 926 2308; x_wconf 78' lang='lat' dir='ltr'><strong>Caesaris</strong></span> <span class='ocrx_word' id='word_1_167' title='bbox 958 2243 1055 2308; x_wconf 88' lang='lat' dir='ltr'><strong>rebus</strong></span> <span class='ocrx_word' id='word_1_168' title='bbox 1088 2243 1150 2308; x_wconf 82' lang='lat' dir='ltr'><strong>dis·</strong></span> 
     </span>
     <span class='ocr_line' id='line_1_25' title="bbox 193 2329 1149 2416; baseline 0 -24"><span class='ocrx_word' id='word_1_169' title='bbox 193 2329 347 2414; x_wconf 83' lang='lat' dir='ltr'><strong>posuisse,</strong></span> <span class='ocrx_word' id='word_1_170' title='bbox 371 2351 434 2393; x_wconf 92' lang='lat' dir='ltr'><strong>non</strong></span> <span class='ocrx_word' id='word_1_171' title='bbox 449 2339 497 2394; x_wconf 89' lang='lat' dir='ltr'><strong>est</strong></span> <span class='ocrx_word' id='word_1_172' title='bbox 512 2330 596 2416; x_wconf 92' lang='lat' dir='ltr'><strong>quod</strong></span> <span class='ocrx_word' id='word_1_173' title='bbox 610 2353 764 2395; x_wconf 83' lang='lat' dir='ltr'><strong>moneam.</strong></span> <span class='ocrx_word' id='word_1_174' title='bbox 785 2330 936 2394; x_wconf 88' lang='lat' dir='ltr'><strong>Nituntnr</strong></span> <span class='ocrx_word' id='word_1_175' title='bbox 956 2331 1052 2413; x_wconf 83' lang='lat' dir='ltr'><strong>igitur</strong></span> <span class='ocrx_word' id='word_1_176' title='bbox 1074 2330 1149 2392; x_wconf 85' lang='lat' dir='ltr'><strong>satis</strong></span> 
     </span>
     <span class='ocr_line' id='line_1_26' title="bbox 194 2414 1150 2502; baseline -0.002 -24"><span class='ocrx_word' id='word_1_177' title='bbox 194 2414 318 2478; x_wconf 87' lang='lat' dir='ltr'><strong>infirmo</strong></span> <span class='ocrx_word' id='word_1_178' title='bbox 353 2425 555 2500; x_wconf 86' lang='lat' dir='ltr'><strong>argumento,</strong></span> <span class='ocrx_word' id='word_1_179' title='bbox 591 2418 644 2502; x_wconf 90' lang='lat' dir='ltr'><strong>qui</strong></span> <span class='ocrx_word' id='word_1_180' title='bbox 674 2439 714 2480; x_wconf 87' lang='lat' dir='ltr'><strong>ex</strong></span> <span class='ocrx_word' id='word_1_181' title='bbox 743 2415 887 2480; x_wconf 81' lang='lat' dir='ltr'><strong>Caesaris</strong></span> <span class='ocrx_word' id='word_1_182' title='bbox 923 2415 1150 2480; x_wconf 85' lang='lat' dir='ltr'><strong>consuetudine</strong></span> 
     </span>
     <span class='ocr_line' id='line_1_27' title="bbox 190 2498 1149 2587; baseline -0.002 -23"><span class='ocrx_word' id='word_1_183' title='bbox 190 2498 364 2583; x_wconf 84' lang='lat' dir='ltr'><strong>abruptum</strong></span> <span class='ocrx_word' id='word_1_184' title='bbox 393 2503 497 2587; x_wconf 87' lang='lat' dir='ltr'><strong>operis</strong></span> <span class='ocrx_word' id='word_1_185' title='bbox 520 2501 666 2566; x_wconf 86' lang='lat' dir='ltr'><strong>debello</strong></span> <span class='ocrx_word' id='word_1_186' title='bbox 692 2501 778 2565; x_wconf 92' lang='lat' dir='ltr'><strong>civili</strong></span> <span class='ocrx_word' id='word_1_187' title='bbox 801 2501 962 2565; x_wconf 88' lang='lat' dir='ltr'><strong>exordium</strong></span> <span class='ocrx_word' id='word_1_188' title='bbox 984 2510 1020 2563; x_wconf 89' lang='lat' dir='ltr'><strong>ut</strong></span> <span class='ocrx_word' id='word_1_189' title='bbox 1041 2499 1149 2584; x_wconf 87' lang='lat' dir='ltr'><strong>genui-</strong></span> 
     </span>
     <span class='ocr_line' id='line_1_28' title="bbox 193 2585 1148 2670; baseline -0.001 -22"><span class='ocrx_word' id='word_1_190' title='bbox 193 2607 271 2648; x_wconf 91' lang='lat' dir='ltr'><strong>num</strong></span> <span class='ocrx_word' id='word_1_191' title='bbox 300 2585 471 2653; x_wconf 87' lang='lat' dir='ltr'><strong>defendere</strong></span> <span class='ocrx_word' id='word_1_192' title='bbox 501 2609 594 2670; x_wconf 88' lang='lat' dir='ltr'><strong>posse</strong></span> <span class='ocrx_word' id='word_1_193' title='bbox 622 2586 683 2650; x_wconf 89' lang='lat' dir='ltr'><strong>sibi</strong></span> <span class='ocrx_word' id='word_1_194' title='bbox 710 2587 875 2649; x_wconf 87' lang='lat' dir='ltr'><strong>visisunt.</strong></span> <span class='ocrx_word' id='word_1_195' title='bbox 916 2585 1148 2670; x_wconf 69' lang='lat' dir='ltr'><strong>siquominus</strong></span> 
     </span>
     <span class='ocr_line' id='line_1_29' title="bbox 194 2671 1149 2757; baseline -0.001 -22"><span class='ocrx_word' id='word_1_196' title='bbox 194 2692 267 2735; x_wconf 86' lang='lat' dir='ltr'><strong>cum</strong></span> <span class='ocrx_word' id='word_1_197' title='bbox 288 2672 328 2734; x_wconf 92' lang='lat' dir='ltr'><strong>iis</strong></span> <span class='ocrx_word' id='word_1_198' title='bbox 350 2673 509 2753; x_wconf 82' lang='lat' dir='ltr'><strong>sociamus,</strong></span> <span class='ocrx_word' id='word_1_199' title='bbox 533 2671 664 2757; x_wconf 88' lang='lat' dir='ltr'><strong>impedit</strong></span> <span class='ocrx_word' id='word_1_200' title='bbox 685 2675 779 2736; x_wconf 82' lang='lat' dir='ltr'><strong>etiam</strong></span> <span class='ocrx_word' id='word_1_201' title='bbox 801 2673 872 2756; x_wconf 87' lang='lat' dir='ltr'><strong>ipsa</strong></span> <span class='ocrx_word' id='word_1_202' title='bbox 890 2671 1061 2735; x_wconf 88' lang='lat' dir='ltr'><strong>verborum</strong></span> <span class='ocrx_word' id='word_1_203' title='bbox 1077 2691 1149 2734; x_wconf 79' lang='lat' dir='ltr'><strong>con-</strong></span> 
     </span>
     <span class='ocr_line' id='line_1_30' title="bbox 196 2755 1148 2843; baseline -0.002 -23"><span class='ocrx_word' id='word_1_204' title='bbox 196 2755 289 2836; x_wconf 88' lang='lat' dir='ltr'><strong>ditio,</strong></span> <span class='ocrx_word' id='word_1_205' title='bbox 320 2781 381 2843; x_wconf 83' lang='lat' dir='ltr'><strong>qua</strong></span> <span class='ocrx_word' id='word_1_206' title='bbox 411 2766 590 2843; x_wconf 86' lang='lat' dir='ltr'><strong>comparata</strong></span> <span class='ocrx_word' id='word_1_207' title='bbox 619 2766 692 2820; x_wconf 88' lang='lat' dir='ltr'><strong>sunt</strong></span> <span class='ocrx_word' id='word_1_208' title='bbox 716 2760 748 2821; x_wconf 92' lang='lat' dir='ltr'><strong>in</strong></span> <span class='ocrx_word' id='word_1_209' title='bbox 771 2756 862 2820; x_wconf 87' lang='lat' dir='ltr'><strong>libris</strong></span> <span class='ocrx_word' id='word_1_210' title='bbox 885 2779 980 2820; x_wconf 87' lang='lat' dir='ltr'><strong>manu</strong></span> <span class='ocrx_word' id='word_1_211' title='bbox 1002 2756 1148 2819; x_wconf 80' lang='lat' dir='ltr'><strong>exaratis.</strong></span> 
     </span>
     <span class='ocr_line' id='line_1_31' title="bbox 194 2841 1148 2929; baseline 0.001 -22"><span class='ocrx_word' id='word_1_212' title='bbox 194 2841 324 2907; x_wconf 87' lang='lat' dir='ltr'><strong>Initium</strong></span> <span class='ocrx_word' id='word_1_213' title='bbox 346 2846 429 2906; x_wconf 86' lang='lat' dir='ltr'><strong>enim</strong></span> <span class='ocrx_word' id='word_1_214' title='bbox 447 2844 480 2905; x_wconf 91' lang='lat' dir='ltr'><strong>in</strong></span> <span class='ocrx_word' id='word_1_215' title='bbox 496 2842 658 2907; x_wconf 89' lang='lat' dir='ltr'><strong>codicibus</strong></span> <span class='ocrx_word' id='word_1_216' title='bbox 672 2844 717 2907; x_wconf 89' lang='lat' dir='ltr'><strong>ita</strong></span> <span class='ocrx_word' id='word_1_217' title='bbox 734 2843 800 2908; x_wconf 84' lang='lat' dir='ltr'><strong>fere</strong></span> <span class='ocrx_word' id='word_1_218' title='bbox 815 2845 964 2929; x_wconf 83' lang='lat' dir='ltr'><strong>scriptum</strong></span> <span class='ocrx_word' id='word_1_219' title='bbox 980 2852 1043 2909; x_wconf 88' lang='lat' dir='ltr'><strong>ost:</strong></span> <span class='ocrx_word' id='word_1_220' title='bbox 1059 2848 1148 2908; x_wconf 75' lang='lat' dir='ltr'><strong>Litte-</strong></span> 
     </span>
     <span class='ocr_line' id='line_1_32' title="bbox 196 2935 1146 3007; baseline -0.001 -14"><span class='ocrx_word' id='word_1_221' title='bbox 196 2936 244 2993; x_wconf 80' lang='lat' dir='ltr'><strong>ris</strong></span> <span class='ocrx_word' id='word_1_222' title='bbox 266 2952 284 2992; x_wconf 86' lang='lat' dir='ltr'><strong>o</strong></span> <span class='ocrx_word' id='word_1_223' title='bbox 307 2936 424 2993; x_wconf 77' lang='lat' dir='ltr'><strong>Fabio</strong></span> <span class='ocrx_word' id='word_1_224' title='bbox 449 2935 478 2994; x_wconf 84' lang='lat' dir='ltr'><strong>C.</strong></span> <span class='ocrx_word' id='word_1_225' title='bbox 505 2936 646 2993; x_wconf 78' lang='lat' dir='ltr'><strong>Caesaris</strong></span> <span class='ocrx_word' id='word_1_226' title='bbox 669 2936 846 2994; x_wconf 78' lang='lat' dir='ltr'><strong>consortibus</strong></span> <span class='ocrx_word' id='word_1_227' title='bbox 868 2936 996 2994; x_wconf 76' lang='lat' dir='ltr'><strong>redditis</strong></span> <span class='ocrx_word' id='word_1_228' title='bbox 1022 2951 1047 2992; x_wconf 83' lang='lat' dir='ltr'><strong>e.</strong></span> <span class='ocrx_word' id='word_1_229' title='bbox 1069 2950 1096 3007; x_wconf 88' lang='lat' dir='ltr'><strong>q.</strong></span> <span class='ocrx_word' id='word_1_230' title='bbox 1120 2950 1146 2992; x_wconf 84' lang='lat' dir='ltr'><strong>s.</strong></span> 
     </span>
     <span class='ocr_line' id='line_1_33' title="bbox 195 3013 1148 3084; baseline -0.003 -6"><span class='ocrx_word' id='word_1_231' title='bbox 195 3013 264 3078; x_wconf 83' lang='lat' dir='ltr'><strong>Iam</strong></span> <span class='ocrx_word' id='word_1_232' title='bbox 279 3025 313 3078; x_wconf 90' lang='lat' dir='ltr'><strong>ut</strong></span> <span class='ocrx_word' id='word_1_233' title='bbox 334 3013 575 3078; x_wconf 90' lang='lat' dir='ltr'><strong>insolentionem</strong></span> <span class='ocrx_word' id='word_1_234' title='bbox 596 3015 766 3084; x_wconf 85' lang='lat' dir='ltr'><strong>verborum</strong></span> <span class='ocrx_word' id='word_1_235' title='bbox 788 3016 1025 3080; x_wconf 85' lang='lat' dir='ltr'><strong>collocationem</strong></span> <span class='ocrx_word' id='word_1_236' title='bbox 1047 3015 1148 3076; x_wconf 90' lang='lat' dir='ltr'><strong>mitta-</strong></span> 
     </span>
     <span class='ocr_line' id='line_1_34' title="bbox 196 3098 1149 3185; baseline -0.002 -21"><span class='ocrx_word' id='word_1_237' title='bbox 196 3121 276 3181; x_wconf 88' lang='lat' dir='ltr'><strong>mus,</strong></span> <span class='ocrx_word' id='word_1_238' title='bbox 299 3123 341 3165; x_wconf 84' lang='lat' dir='ltr'><strong>ex</strong></span> <span class='ocrx_word' id='word_1_239' title='bbox 362 3100 507 3185; x_wconf 84' lang='lat' dir='ltr'><strong>Appiano</strong></span> <span class='ocrx_word' id='word_1_240' title='bbox 528 3100 699 3183; x_wconf 78' lang='lat' dir='ltr'><strong>b.01v..11‚</strong></span> <span class='ocrx_word' id='word_1_241' title='bbox 723 3101 764 3164; x_wconf 81' lang='lat'><strong>32</strong></span> <span class='ocrx_word' id='word_1_242' title='bbox 785 3110 818 3165; x_wconf 88' lang='lat' dir='ltr'><strong>et</strong></span> <span class='ocrx_word' id='word_1_243' title='bbox 833 3100 944 3166; x_wconf 82' lang='lat' dir='ltr'><strong>Cassio</strong></span> <span class='ocrx_word' id='word_1_244' title='bbox 958 3098 1149 3166; x_wconf 87' lang='lat' dir='ltr'><strong>DioneXLI</strong></span> 
     </span>
     <span class='ocr_line' id='line_1_35' title="bbox 195 3183 1147 3273; baseline 0.001 -24"><span class='ocrx_word' id='word_1_245' title='bbox 195 3185 264 3249; x_wconf 90' lang='lat' dir='ltr'><strong>init.</strong></span> <span class='ocrx_word' id='word_1_246' title='bbox 281 3188 356 3250; x_wconf 87' lang='lat' dir='ltr'><strong>satis</strong></span> <span class='ocrx_word' id='word_1_247' title='bbox 373 3196 503 3268; x_wconf 86' lang='lat' dir='ltr'><strong>constat,</strong></span> <span class='ocrx_word' id='word_1_248' title='bbox 519 3209 582 3252; x_wconf 91' lang='lat' dir='ltr'><strong>non</strong></span> <span class='ocrx_word' id='word_1_249' title='bbox 597 3186 766 3250; x_wconf 82' lang='lat' dir='ltr'><strong>Fabium</strong></span> <span class='ocrx_word' id='word_1_250' title='bbox 783 3186 1011 3273; x_wconf 79' lang='lat' dir='ltr'><strong>quendamsed</strong></span> <span class='ocrx_word' id='word_1_251' title='bbox 1027 3185 1062 3251; x_wconf 83' lang='lat' dir='ltr'><strong>O.</strong></span> <span class='ocrx_word' id='word_1_252' title='bbox 1080 3183 1147 3250; x_wconf 78' lang='lat' dir='ltr'><strong>Ou-</strong></span> 
     </span>
     <span class='ocr_line' id='line_1_36' title="bbox 196 3272 1147 3359; baseline 0.002 -25"><span class='ocrx_word' id='word_1_253' title='bbox 196 3272 368 3354; x_wconf 88' lang='lat' dir='ltr'><strong>rionem,</strong></span> <span class='ocrx_word' id='word_1_254' title='bbox 390 3272 549 3337; x_wconf 90' lang='lat' dir='ltr'><strong>tribunum</strong></span> <span class='ocrx_word' id='word_1_255' title='bbox 572 3273 685 3359; x_wconf 90' lang='lat' dir='ltr'><strong>plebis,</strong></span> <span class='ocrx_word' id='word_1_256' title='bbox 707 3273 804 3338; x_wconf 79' lang='lat' dir='ltr'><strong>fuisse</strong></span> <span class='ocrx_word' id='word_1_257' title='bbox 827 3275 880 3359; x_wconf 92' lang='lat' dir='ltr'><strong>qui</strong></span> <span class='ocrx_word' id='word_1_258' title='bbox 899 3273 1045 3338; x_wconf 83' lang='lat' dir='ltr'><strong>Caesaris</strong></span> <span class='ocrx_word' id='word_1_259' title='bbox 1067 3272 1147 3336; x_wconf 88' lang='lat' dir='ltr'><strong>litte·</strong></span> 
     </span>
     <span class='ocr_line' id='line_1_37' title="bbox 196 3355 1149 3445; baseline 0 -25"><span class='ocrx_word' id='word_1_260' title='bbox 196 3377 250 3420; x_wconf 86' lang='lat' dir='ltr'><strong>ras</strong></span> <span class='ocrx_word' id='word_1_261' title='bbox 282 3357 413 3422; x_wconf 87' lang='lat' dir='ltr'><strong>Romam</strong></span> <span class='ocrx_word' id='word_1_262' title='bbox 439 3359 569 3444; x_wconf 87' lang='lat' dir='ltr'><strong>pertulit</strong></span> <span class='ocrx_word' id='word_1_263' title='bbox 597 3358 841 3444; x_wconf 87' lang='lat' dir='ltr'><strong>consulibusque</strong></span> <span class='ocrx_word' id='word_1_264' title='bbox 869 3356 1015 3440; x_wconf 85' lang='lat' dir='ltr'><strong>reddidit.</strong></span> <span class='ocrx_word' id='word_1_265' title='bbox 1048 3355 1149 3445; x_wconf 66' lang='lat' dir='ltr'><strong>Igitur</strong></span> 
     </span>
     <span class='ocr_line' id='line_1_38' title="bbox 196 3441 1149 3530; baseline 0.002 -24"><span class='ocrx_word' id='word_1_266' title='bbox 196 3441 316 3506; x_wconf 78' lang='lat' dir='ltr'><strong>Fabii</strong></span> <span class='ocrx_word' id='word_1_267' title='bbox 337 3468 451 3510; x_wconf 88' lang='lat' dir='ltr'><strong>nomen</strong></span> <span class='ocrx_word' id='word_1_268' title='bbox 466 3444 610 3510; x_wconf 85' lang='lat' dir='ltr'><strong>hocloco</strong></span> <span class='ocrx_word' id='word_1_269' title='bbox 631 3445 705 3508; x_wconf 84' lang='lat' dir='ltr'><strong>ferri</strong></span> <span class='ocrx_word' id='word_1_270' title='bbox 729 3446 869 3530; x_wconf 85' lang='lat' dir='ltr'><strong>nequire,</strong></span> <span class='ocrx_word' id='word_1_271' title='bbox 890 3445 1024 3511; x_wconf 85' lang='lat' dir='ltr'><strong>editores</strong></span> <span class='ocrx_word' id='word_1_272' title='bbox 1038 3445 1114 3509; x_wconf 89' lang='lat' dir='ltr'><strong>inde</strong></span> <span class='ocrx_word' id='word_1_273' title='bbox 1129 3467 1149 3508; x_wconf 87' lang='lat' dir='ltr'><strong>a</strong></span> 
     </span>
    </p>
   </div>
   <div class='ocr_carea' id='block_1_7' title="bbox 0 0 1271 3968">
    <p class='ocr_par' dir='ltr' id='par_1_8' title="bbox 0 0 1271 3968">
     <span class='ocr_line' id='line_1_39' title="bbox 0 0 1271 3968; baseline 0 0"><span class='ocrx_word' id='word_1_274' title='bbox 0 0 1271 3968; x_wconf 95' lang='lat' dir='ltr'><strong> </strong></span> 
     </span>
    </p>
   </div>
  </div>
 </body>
</html>
