2562 3970
496 184 751 252 PRAEFATIO.
922 187 1106 252 LXXXVII

214 351 251 416 C.
273 351 294 416 3
309 351 382 418 iibri
396 354 522 440 hebent,
540 379 620 443 quae
635 357 672 422 N.
689 357 800 421 edidit:
824 363 986 436 Postpuum
1000 364 1114 423 Auru·-

152 450 259 501 metum
280 449 412 506 accessit
433 439 591 529 (Caesar),
615 449 666 508 ubi
690 449 880 522 praesidium
907 455 974 507 erut
995 451 1103 508 aduer-

152 531 315 601 sariorum,
339 533 391 590 cui
406 541 554 607 praeerat
577 535 604 590 C.
630 535 799 604 Considius
824 539 852 593 et
872 549 892 590 u
915 533 1036 608 Clupeis
1057 550 1103 593 se·

153 614 283 672 cundum
305 632 388 675 orum
409 621 584 678 maritimum
610 636 675 678 eum
701 620 833 692 equitatu
862 619 1103 678 Adrumetum

155 697 206 755 Cu.
230 698 313 770 Piso,
337 715 402 760 cum
425 702 602 762 Maurorum
624 706 747 763 circiter
769 705 865 762 tribus
886 703 1020 774 milibus,
1048 721 1103 778 up·

153 785 266 858 paruit,
282 787 326 844 ibi
334 789 496 862 paulisper
513 789 626 847 Cursor
642 796 839 848 conmoratus
862 804 886 847 e.
911 805 938 862 q.
961 805 986 846 s.
1010 781 1103 861 Quod

155 870 248 926 antee
269 864 458 950 vulgabatur
480 874 634 933 Adrumeti
658 869 796 952 ineptum
820 890 906 949 esse,
929 876 1015 931 recte
1038 889 1102 932 mo·

154 949 223 1009 nuit
236 947 461 1034 Nipperdeius;
485 953 541 1016 sed
553 953 615 1016 diei
651 975 720 1016 osse
736 960 926 1017 Adrumetum
948 962 1102 1034 apparuit,

155 1033 296 1096 nondum
319 1057 355 1098 eo
377 1035 530 1120 probarit,
554 976 648 1123 quod
658 1039 879 1122 interpretetus
896 1046 943 1102 est
964 1037 1034 1118 ‚hoe
1056 1048 1103 1102 est

155 1117 209 1199 ita,
218 1128 252 1182 ut
262 1119 470 1184 Adrumetum
481 1132 622 1206 peteret.
638 1121 792 1208 Equidem
800 1124 863 1185 nisi
877 1120 1005 1187 edoctus
1014 1123 1101 1187 firero

155 1223 309 1282 uppurcre
337 1213 464 1284 aliquem
486 1214 581 1272 iocum
609 1229 678 1270 esse
700 1207 831 1270 latinum
856 1229 894 1271 ac
923 1207 1103 1292 significare

154 1297 274 1371 ‚petere
296 1288 419 1372 locum‘,
450 1302 503 1354 eut
524 1294 784 1377 praepositionem
807 1298 849 1356 ud
869 1300 941 1354 ante
956 1299 1102 1357 Adrume-

155 1387 215 1435 tum
237 1374 402 1457 excidisse,
425 1386 486 1458 eut,
511 1377 594 1462 quod
622 1376 719 1440 multo
741 1376 942 1440 verisimilius
965 1376 1099 1459 videtur,

155 1457 264 1541 oppidi
285 1481 398 1525 nomen
421 1483 462 1524 ex
491 1463 631 1545 magistri
659 1463 914 1546 interpretatione
944 1463 976 1524 in
998 1461 1100 1525 verbe

156 1542 221 1606 irre
245 1544 323 1606 sisse
346 1546 491 1610 censebo.
524 1547 634 1632 Itaque
656 1547 745 1609 uncis
770 1546 893 1610 inclusi.

221 1565 366 1693 genuina
394 1653 458 1695 non
487 1655 566 1714 esse,
590 1633 724 1716 quaein
752 1630 815 1694 fine
841 1653 868 1694 c.
893 1629 910 1694 7
940 1629 1101 1715 leguntur:

156 1716 263 1776 Luteut
283 1723 358 1778 enim
380 1724 411 1779 iu
434 1724 644 1781 insidiiscum
673 1723 758 1794 equis
787 1725 864 1780 iuter
895 1723 1046 1780 concuties
1074 1729 1103 1780 ct

157 1803 256 1862 subito
279 1809 418 1876 existunt,
442 1824 503 1866 nou
529 1814 562 1866 ut
575 1810 606 1865 iu
623 1822 727 1882 cumpo
744 1809 905 1866 comminus
921 1809 1100 1892 depupncut,

157 1891 243 1945 reete
265 1884 372 1948 docuit
392 1886 619 1971 Nipperdeius‚
650 1895 682 1949 et
714 1885 864 1949 luminosa
891 1907 975 1967 esse,
998 1887 1102 1950 minus

156 1966 325 2050 probarim,
342 1994 436 2056 quum
451 1973 496 2034 ita
511 1971 673 2036 emendari
684 1973 822 2055 possint:
846 1977 952 2036 Latent
967 2009 1007 2017 -
1024 1978 1101 2035 iuter
1133 1967 1140 1983 “

157 2062 318 2130 cormettes,
342 2071 379 2118 ut
399 2063 495 2120 subito
512 2065 698 2133 existunt,
722 2077 782 2120 riou
807 2070 838 2120 ut
853 2065 882 2120 iu
900 2077 1004 2136 cumpo
1021 2078 1100 2120 com·

156 2143 256 2202 miuus
278 2147 454 2220 depupuent.

221 2222 256 2286 Ο.
280 2224 298 2287 8
321 2224 528 2310 Nipperdeius
559 2249 598 2290 ex
621 2225 741 2290 Clerkii
770 2227 925 2290 sententie
950 2224 1102 2290 lacunosa

156 2327 227 2371 esse
253 2308 353 2373 verbo
381 2313 515 2376 censuit:
546 2321 663 2376 interim
689 2335 755 2376 cum
786 2317 821 2374 X
844 2317 972 2376 nuribus
1001 2319 1101 2389 loupis

156 2398 199 2455 ud
219 2401 351 2473 reliquus
372 2419 463 2461 uuues
486 2406 646 2462 ouerurius
675 2403 915 2474 conquirendas,
947 2417 1023 2475 puae
1051 2403 1101 2462 cte-

157 2493 320 2563 errussent,
345 2495 372 2544 et
385 2489 472 2546 simui
485 2505 566 2547 mure
581 2489 719 2547 turudum
734 2488 770 2544 ub
786 2487 1015 2546 hostibus'iutret
1025 2503 1101 2561 pro·

155 2571 273 2638 fiction
286 2565 442 2630 excidisse
453 2567 537 2632 enim
547 2589 661 2632 nomen
677 2567 743 2630 eius
755 2565 898 2648 hominis,
904 2567 959 2652 ,qui
971 2566 1011 2629 ad
1023 2565 1102 2629 haec

157 2669 235 2712 exse
257 2651 361 2712 nenda
386 2653 501 2715 missus
524 2662 621 2736 essot3
650 2674 723 2714 nam
752 2654 915 2736 quominus
945 2656 1106 2714 Rabirium

157 2731 200 2794 ad
220 2673 256 2797 id
274 2737 403 2799 missurn
426 2759 495 2801 esse
518 2738 687 2819 existimes,
712 2737 765 2822 qui
786 2737 893 2802 verbis
915 2735 1105 2800 antecedes--

157 2817 241 2881 tibus
270 2832 530 2886 commemoretur
563 2830 795 2899 exoneratisque
822 2829 938 2902 purtim
974 2827 1102 2885 nucibus

157 2910 258 2982 turpis
280 2911 436 2970 Rabirium
458 2913 629 2984 Postumum
656 2915 687 2970 in
723 2911 856 2970 Siciliam
878 2912 1119 2970 uerecundum

156 3003 346 3056 commeatum
354 2991 705 3073 arcessendummittit‚id
714 2990 847 3072 obstare,
858 2990 941 3078 quod
949 3010 1102 3054 commea-
1124 3067 1125 3070 Ἴ

157 3085 208 3138 tus
215 3078 332 3140 arcessi
344 3085 375 3139 et
382 3099 481 3142 neves
490 3077 632 3160 conquiri
640 3099 787 3160 mareque
796 3077 944 3140 custodiri
958 3097 1019 3138 uno
1027 3084 1103 3138 tem·

156 3182 234 3244 pore
243 3182 306 3224 non
317 3164 501 3246 potuissent,
509 3183 612 3245 neque
620 3161 706 3224 illam
717 3184 782 3225 rem
790 3169 1043 3224 -commeatum
1055 3179 1106 3220 er·

157 3266 282 3309 cessere
303 3284 346 3294 -
368 3269 437 3310 eam
459 3268 579 3309 moram
592 3247 711 3327 tulisse,
735 3268 827 3330 quam
842 3246 900 3308 hes
916 3243 1102 3308 attulissent.

157 3329 304 3394 Attamen
320 3332 379 3395 hac
389 3333 421 3394 in
437 3353 472 3394 re
491 3330 690 3395 diiudicanda
706 3328 796 3394 aliter
814 3352 937 3395 censeo.
960 3329 1004 3394 Ut
1015 3328 1103 3392 omit·

158 3423 231 3497 tam,
248 3425 365 3481 interim
380 3427 445 3480 tum
461 3417 655 3501 potissimum
671 3437 728 3488 sue
749 3417 781 3479 vi
797 3414 969 3478 adhibitum
992 3413 1102 3495 videri,
