2562 3966
388 207 523 272 COMM.
545 209 593 272 VI
615 207 708 273 OAP.
734 209 867 272 10--13.
1044 209 1106 272 1‘25

144 380 187 443 ad
203 389 347 445 senatum
365 381 524 465 protectus
539 381 723 466 imperfecta
738 402 774 444 re
785 379 932 444 redierat.
955 378 1105 444 Adventu

145 463 294 530 Caesaris
317 465 401 529 facta
424 468 666 530 commutatione
695 489 811 546 rerum,
835 465 998 529 obsidibus
1020 465 1105 528 Hae·
1172 514 1179 534 „

144 551 216 614 duis
237 550 378 631 redditis,
401 551 562 615 veteribus
581 551 735 614 clientelis
750 551 912 632 restitutis,
934 552 1025 614 novis
1048 573 1105 634 per

144 635 315 699 Caesarem
352 639 554 720 comparatis,
591 636 676 721 quod
697 636 745 717 hi,
783 637 837 722 qui
864 659 898 701 se
926 636 967 700 ad
996 658 1106 700 eorum

144 722 314 786 amicitiam
343 731 611 806 aggregaverant,
640 721 771 786 meliore
799 721 978 787 conditione
1010 729 1104 806 atque

144 808 295 892 aequiore
324 807 456 892 imperio
492 829 526 870 se
562 807 608 870 uti
643 806 808 887 videbant,
846 807 976 893 reliquis
1008 806 1104 872 rebus
1129 867 1131 871 .

144 915 254 966 eorum
276 893 377 975 gratia
399 891 613 1039 dignitatetpue
646 892 837 977 amplificata
858 891 998 1039 Setppani
1019 894 1103 977 prin·

143 979 282 1061 cipetum
317 977 509 1040 dimiserant.
574 1000 596 1040 n
630 999 740 1041 eorum
776 977 881 1042 locum
940 980 1001 1041 emi
1035 1000 1104 1040 suc·

142 1070 321 1126 cesserant:
338 1085 415 1147 quos
432 1062 516 1146 quod
531 1061 710 1148 adaequare
722 1062 805 1147 apud
817 1061 987 1128 Caesarem
1001 1065 1105 1145 gratia

140 1147 404 1232 intellegebatur,
435 1149 479 1228 ii,
536 1149 569 1210 ui
604 1159 734 1232 propter
769 1158 895 1212 veteres
924 1149 1103 1212 inimicitias

139 1233 230 1297 nullo
244 1233 337 1296 modo
360 1255 431 1295 cum
447 1171 589 1296 Haeduis
605 1234 753 1316 coniungi
767 1241 922 1318 poterant,
945 1256 979 1296 se
994 1233 1103 1298 Remis

140 1321 177 1401 in
198 1318 375 1382 clientelam
405 1318 563 1381 dicabant.
607 1317 676 1381 Hos
699 1317 745 1381 illi
775 1317 943 1402 diligenter
972 1319 1103 1384 tueban-

139 1416 208 1468 turz
231 1405 276 1466 ita
298 1414 329 1466 et
350 1426 466 1466 novam
489 1413 520 1466 et
540 1414 672 1487 repente
695 1403 861 1468 collectam
884 1405 1104 1471 auctoritatem

140 1488 301 1553 tenebant.
344 1489 393 1551 Eo
415 1499 482 1552 tum
508 1497 589 1551 statu
610 1511 662 1551 res
686 1498 762 1569 erat,
785 1498 820 1551 ut
835 1489 928 1573 longe
943 1491 1103 1574 principes

139 1573 332 1638 haberentur
353 1573 488 1646 Haedui,
512 1574 687 1638 secundum
709 1573 814 1637 locum
833 1573 996 1659 dignitatis
1011 1575 1104 1639 Remi

140 1659 326 1723 obtinerent.
666 1673 670 1684 '

205 1749 255 1810 13.
277 1744 315 1808 In
338 1745 423 1808 omni
445 1743 550 1808 Gallia
572 1767 680 1808 eorum
708 1741 881 1824 hominum,
912 1745 966 1828 qui
994 1743 1037 1808 ali
1060 1765 1102 1808 uo

139 1842 212 1894 sunt
233 1853 364 1895 numero
392 1841 485 1915 atque
515 1830 644 1911 honore,
667 1852 786 1915 genera
808 1839 882 1892 sunt
903 1829 975 1894 duo.
1019 1767 1103 1896 hilam

138 1916 249 2002 plebes
263 1938 365 2000 paene
381 1937 544 1978 servorum
562 1913 696 1979 habetur
718 1913 796 1995 loco,
834 1937 894 1978 irae
912 1912 991 1978 nihil
1007 1915 1103 1979 audet

137 2023 196 2086 per
223 2023 273 2082 se,
303 2000 390 2064 nullo
424 2000 591 2064 adhibetur
620 1999 762 2063 oonsilio.
811 1939 975 2086 llerique,
1005 2023 1102 2086 quum

139 2097 193 2150 aut
208 2109 283 2150 aere
299 2086 401 2150 alieno
417 2097 470 2148 aut
484 2086 702 2170 magnitudine
717 2083 905 2149 tributorum
921 2095 974 2149 aut
984 2086 1102 2152 iniuria

136 2173 348 2257 potentiorum
377 2182 576 2256 premuntur,
611 2193 681 2234 sese
707 2172 741 2233 in
776 2173 960 2234 servitutem
992 2171 1101 2236 dicant

137 2257 307 2320 nobilibus.
340 2255 378 2319 In
400 2256 456 2320 hos
479 2255 590 2319 eadem
613 2257 718 2320 omnia
741 2266 814 2319 sunt
834 2257 917 2338 iura,
941 2277 1022 2343 quae
1044 2256 1099 2320 do·

137 2344 231 2420 minis
253 2344 287 2405 in
309 2364 427 2405 servos·
465 2340 530 2405 Sed
551 2341 591 2404 de
613 2341 662 2404 his
686 2341 808 2404 duobus
854 2341 1000 2404 oneribus
1023 2341 1100 2406 alte·

137 2423 208 2490 rum
230 2439 278 2490 est
300 2427 455 2507 druidum,
479 2425 614 2489 alterum
635 2428 785 2510 equitum.
829 2367 881 2490 illi
901 2427 997 2490 rebus
1020 2426 1099 2490 divi-

136 2514 187 2576 nis
208 2513 373 2593 intersunt,
397 2511 550 2576 sacrificia
564 2511 693 2595 publica
713 2535 750 2576 ao
771 2513 897 2597 privata
917 2520 1099 2596 procurant,

136 2597 307 2683 religiones
330 2599 596 2681 interpretantur:
620 2596 662 2659 ad
684 2618 737 2660 eoa
760 2620 893 2681 magnus
916 2596 1100 2660 adolescen-

136 2685 215 2746 tium
235 2705 385 2746 numerus
408 2681 593 2766 disciplinae
609 2703 704 2745 causa
727 2685 896 2763 concurrit,
919 2703 1099 2767 magnoque

136 2766 170 2830 hi
198 2780 270 2830 sunt
307 2767 391 2852 apud
425 2789 479 2830 eos
502 2767 630 2832 honore.
680 2767 762 2830 Nam
789 2767 856 2834 fere
884 2767 923 2830 de
953 2766 1099 2832 omnibus

137 2854 359 2936 controyersiis
393 2851 529 2936 publicis
556 2853 753 2938 privatisque
777 2853 984 2933 constituunt,
1007 2863 1047 2934 et,
1071 2854 1100 2916 si

137 2937 221 3023 quod
244 2953 292 3000 est
326 2937 498 3000 admissum
526 2937 660 3019 lacinus,
688 2939 715 3000 si
745 2938 859 3002 caedes
887 2939 979 3020 facta,
1009 2939 1036 3000 si
1058 2937 1099 3000 de

136 3020 319 3104 hereditate,
343 3021 383 3086 de
404 3021 521 3086 finibus
550 3024 767 3087 controversia
789 3033 850 3105 est,
872 3023 969 3085 iidem
991 3022 1098 3086 decer-

135 3117 223 3188 nunt,
246 3109 391 3192 praemia
405 3129 588 3194 poenasque
604 3110 813 3190 constituunt3
836 3109 864 3171 si
885 3109 940 3193 qui
960 3119 1015 3170 aut
1036 3109 1099 3190 pri·

134 3203 227 3256 vatus
250 3202 305 3256 aut
325 3192 461 3278 populus
492 3214 601 3256 eorum
627 3193 753 3257 decreto
775 3215 840 3258 non
863 3195 957 3274 stetit,
981 3190 1098 3254 sacrifi·

137 3278 193 3340 ciis
212 3277 414 3342 interdicunt.
444 3277 535 3342 Haeo
549 3300 653 3363 poena
667 3277 752 3363 apud
767 3299 821 3343 eos
837 3287 886 3341 est
899 3278 1098 3362 gravissima.

137 3359 259 3440 Quibus
281 3364 326 3426 ita
353 3375 401 3426 est
427 3362 639 3445 interdictum,
662 3363 697 3428 hi
717 3385 848 3426 numero
869 3363 1037 3446 impiorum
1060 3383 1099 3425 ao

137 3446 363 3511 sceleratorum
391 3446 554 3530 habentur,
584 3447 633 3512 his
656 3471 765 3511 omnes
788 3447 953 3529 decedunt,
977 3447 1098 3511 aditum
