2562 3970
496 251 741 318 ramrurro
942 227 1092 316 cmv

145 421 229 512 quod
252 447 347 510 quum
368 424 551 488 insolentior
573 433 657 488 esset
679 423 834 488 ablativus
851 431 966 505 positu,
984 425 1092 488 contra
1149 496 1152 502 ,

145 509 221 573 satis
240 511 350 573 ‘tritum
372 511 571 595 participium
592 509 671 573 illud
690 517 836 590 positum,
861 511 1035 573 sexcenties
1058 509 1091 573 in

146 594 355 660 describenda
377 595 483 680 oppidi
504 604 616 658 natura
632 593 832 675 adhibitum,
866 596 1004 679 suspicio
1027 609 1091 658 mo·

145 687 252 762 vetur,
276 678 439 744 librarium
462 680 617 764 quandam
634 689 739 759 positu
762 689 829 761 ipso
852 681 884 742 in
895 689 1029 761 positum
1044 687 1091 760 ip·

147 787 212 828 sum
233 775 378 828 mutasse.
414 765 520 850 Atque
542 767 586 828 ita
601 764 799 829 statuendum
823 787 893 830 esse
909 767 1002 842 etiarn
1018 763 1092 830 inde

147 847 304 914 luculente
327 859 473 935 apparet,
503 850 585 935 quod
617 851 772 935 genuinae
803 851 976 934 scripturae
998 851 1092 915 vesti-

147 935 233 1019 gium
254 935 355 1000 forma
376 945 516 999 munitum
538 937 660 1000 restitit.
694 935 840 1021 Receptis
871 937 955 998 enim
984 934 1092 1001 verbis

146 1028 283 1100 positum*
294 1029 391 1100 iprum
407 1020 519 1084 deinde
534 1029 645 1085 munito
661 1020 756 1084 scribi
770 1043 901 1086 necesse
913 1029 990 1102 erat,
1008 1020 1092 1107 quod

145 1103 356 1190 Nipperdeius
379 1106 492 1186 edidit3
515 1105 660 1192 equidem
681 1107 715 1170 iu
737 1105 798 1169 illis
819 1105 928 1170 verbis
951 1126 1044 1192 quam
1059 1107 1092 1169 in

145 1187 206 1254 hoc
227 1213 247 1254 a
268 1190 356 1254 libris
378 1191 540 1256 discedere
562 1191 667 1255 malui.

209 1317 335 1382 Initium
358 1341 384 1382 c.
409 1319 447 1383 77
470 1317 507 1382 N.
532 1321 578 1383 sic
601 1322 775 1383 constituit:
809 1325 875 1384 Tuli
897 1327 1026 1386 victorio
1049 1333 1093 1384 to-

95 1441 98 1447 ,
147 1410 224 1468 tiens
252 1413 349 1468 victor
377 1411 490 1468 Caesar
522 1413 697 1470 incredibili
728 1418 772 1470 est
803 1412 916 1469 laetitia
946 1413 1092 1484 adfectus,

148 1497 230 1568 quod
265 1498 423 1554 maximum
456 1497 559 1554 betium
599 1503 681 1555 tantu
721 1499 870 1556 eeleritate
904 1497 1093 1570 confeceret,

149 1597 295 1654 quoque
321 1583 414 1640 crediti
444 1583 580 1655 periculi
609 1584 842 1642 recordatio
877 1586 937 1640 est
975 1585 1093 1653 laetior,

150 1667 232 1738 quod
252 1669 380 1726 victoria
401 1667 506 1739 sociiis
535 1683 574 1726 ee
601 1669 788 1742 difficillimis
817 1670 907 1727 retus
929 1670 1092 1728 occiderat.

147 1744 238 1808 Haec
260 1746 434 1832 displicent,
458 1747 542 1831 quod
563 1746 663 1812 verba
685 1771 820 1835 ,quoque
847 1747 941 1833 subiti
962 1747 1095 1833 periculi
1142 1819 1143 1826 χ

146 1831 323 1898 recordatio
361 1841 409 1896 est
446 1831 566 1897 laetior‘
601 1842 751 1919 tanquam
786 1833 873 1898 locus
911 1834 1094 1915 communis,

149 1937 243 2001 quem
269 1917 412 1992 dicimus,
437 1919 647 2000 enuntiantur,
671 1918 755 2004 quod
777 1941 840 1984 non
854 1919 916 1982 nisi
937 1928 1002 1981 tum
1025 1919 1096 1982 ficri

147 1998 274 2084 liceret,
305 2025 400 2088 quum
435 2005 598 2089 sequentia
630 2026 754 2090 quoque
792 2001 981 2090 generaliter
1013 2003 1097 2068 dicta

148 2096 255 2151 essent
287 2110 390 2174 neque
422 2099 623 2174 praesentem
657 2089 750 2152 modo
794 2111 899 2152 rerum
946 2088 1096 2154 conditio·

147 2193 222 2235 nem
243 2183 430 2258 spectarent.
466 2171 547 2238 Dico
576 2183 663 2240 recte
690 2197 727 2238 ea
748 2174 874 2256 habore,
898 2197 993 2260 quum
1016 2175 1096 2242 hacc

149 2259 268 2358 scripta
290 2271 411 2324 essent:
435 2281 569 2346 ,quoquc
592 2260 686 2323 subiti
700 2261 831 2344 periculi
850 2259 1026 2325 recordatio
1049 2268 1097 2324 est

147 2342 275 2426 laetmr,
309 2367 403 2492 qltpum
433 2347 566 2409 victoria
594 2345 695 2409 facilis
718 2367 758 2408 ex
781 2344 973 2408 difficillimis
1000 2345 1096 2409 rebus

147 2429 285 2492 accidit‘
356 2430 502 2516 isplicent
529 2429 630 2494 verba
658 2432 752 2494 etiam
773 2432 862 2511 inde,
897 2431 981 2517 quod
1002 2433 1096 2494 nimis

149 2536 169 2577 a
190 2513 340 2578 librorum
370 2517 519 2580 memoria
545 2515 712 2594 recedunt;
735 2516 767 2579 hi
795 2517 1038 2595 enarrarique
1066 2525 1098 2580 et

148 2607 362 2666 recordatione
387 2610 494 2666 laetior
524 2601 651 2665 babent.
689 2601 788 2665 Adest
814 2613 918 2664 autem
949 2601 1098 2665 facillima

149 2685 326 2750 emendatio
363 2687 565 2772 exstirpanda
601 2687 701 2750 altera
734 2687 890 2772 particula
926 2693 1021 2766 quod,
1056 2685 1096 2749 ab

148 2771 299 2856 magistro
322 2772 444 2838 addita:
476 2779 613 2851 quodque
634 2780 751 2836 subiti
766 2779 944 2852 periculi
965 2793 1097 2836 reeor-

150 2863 306 2922 datione
326 2865 472 2923 laetior
493 2865 666 2922 victorio
686 2864 828 2937 sociiis
852 2880 890 2922 ex
906 2863 1095 2938 difficillimis

149 2947 240 3006 rebus
262 2952 427 3008 acciderat.

154 3129 156 3136 Α
215 3071 251 3136 0.
282 3073 322 3136 78
352 3072 453 3153 edidi,
481 3071 567 3220 iimd
592 3073 625 3133 in
655 3071 813 3218 plenspue
847 3080 939 3156 atque
972 3068 1096 3154 optimis

149 3156 238 3222 libris
261 3158 372 3238 (Paris.
396 3179 457 3221 sec.
511 3157 575 3219 ind.
597 3179 645 3241 pr.
669 3156 735 3220 Pet.
785 3156 849 3241 ov.)
866 3157 1016 3240 scriptum
1033 3165 1096 3216 est:

150 3251 316 3323 multosque
349 3252 515 3308 retinuerat
546 3263 660 3315 ennox
697 3241 735 3304 N.
764 3250 795 3303 et
822 3240 917 3326 vulgo
953 3251 1097 3304 tenuerat.

151 3363 194 3376 -
219 3328 328 3394 Verba
349 3351 429 3415 quae
461 3327 665 3392 antecedunt:
684 3335 845 3406 porculum
867 3347 966 3390 orreum
988 3345 1098 3405 ospor-

152 3426 285 3492 tuuerut,
309 3415 368 3480 hoc
390 3415 499 3478 ordine
526 3412 694 3494 collocavi,
724 3431 819 3498 quum
842 3413 938 3474 itaet
964 3412 997 3474 in
1019 3409 1099 3474 libro

151 3498 246 3562 Vind.
270 3511 302 3566 et
322 3503 354 3564 in
375 3499 504 3585 reliquis
527 3509 561 3563 ut
581 3499 706 3562 videtur
729 3496 888 3561 codicibus
915 3500 1017 3581 posita
1039 3498 1100 3558 sint

861 3598 894 3644 f*
