2534 3970
342 157 478 225 comt
500 155 546 220 IV
568 154 662 220 ΟΑΡ.
684 153 820 221 26-30.
1020 151 1061 217 83

113 351 219 396 earum
241 351 373 394 cursum
390 339 498 393 tenere
519 337 636 414 posset,
659 326 716 390 sed
738 324 820 390 aliae
839 323 959 406 eodem,
982 324 1066 389 unde

113 424 198 481 erant
219 413 388 502 profectae,
410 413 610 495 referrentur,
634 411 715 476 aliae
740 410 782 475 ad
802 411 981 474 inferiorem
996 431 1065 494 par-

112 507 172 564 tem
193 499 326 582 insulae,
350 521 430 586 quae
448 500 662 585 estpropius
674 495 749 561 solis
773 515 929 578 occasum,
950 517 1066 580 magno

111 586 159 648 sui
180 606 253 648 cum
279 583 420 669 periculo
442 584 669 666 deiicereutur3
696 603 781 668 quae
809 590 916 644 tamen
942 580 1067 644 ancoris

112 670 199 740 iactis
229 690 325 757 quum
340 667 499 734 :fluetibus
528 667 787 755 complerentur,-
805 666 984 730 necessario
1014 665 1067 730 ad·

113 777 204 818 versa
239 765 332 820 nocte
367 756 400 818 in
431 753 529 834 altum
561 761 730 840 provectae
764 751 976 816 continentem
1015 772 1066 838 pe·

110 841 234 904 fierunt.
285 894 287 898 ,
585 839 587 844 ’
767 850 769 854 ’

172 924 225 990 29.
253 925 377 990 Eadem
403 934 496 990 nocte
519 925 648 1007 accidit,
678 933 712 988 ut
741 933 824 988 esset
855 923 931 988 luna
964 923 1067 1009 plena,

114 1011 165 1094 qui
186 1009 256 1074 dies
278 1011 452 1076 maritimos
480 1021 585 1076 aestus
607 1011 762 1076 maximos
789 1011 823 1073 in
851 1009 980 1074 Oceano
1003 1008 1067 1072 effi-

113 1115 181 1159 cere
204 1096 384 1178 ,consuevit
412 1098 589 1182 nostrisque
617 1095 650 1160 id
678 1105 745 1160 erat
771 1095 843 1160 inco
888 1097 975 1158 itum.
1019 1094 1068 1157 Ita

113 1201 171 1244 uno
194 1189 338 1266 ternpore
360 1189 392 1246 et
419 1180 531 1267 longas
557 1203 666 1264 naves,
690 1179 803 1266 quibus
862 1201 952 1244 aesar
981 1201 1068 1243 exer-

115 1267 210 1329 eitum
232 1266 508 1352 transportandum
537 1275 704 1331 curaverat
730 1285 871 1352 quasque
891 1266 925 1328 in
947 1265 1068 1328 aridum

112 1349 329 1434 subduxerat,
354 1359 458 1416 aestus
486 1349 711 1438 compleverat,
741 1359 774 1416 et
795 1352 965 1434 onerarias,
1009 1373 1069 1414 uae

110 1434 151 1498 ad
184 1458 319 1504 ancoras
351 1445 441 1501 erant
474 1436 647 1523 deligatae,
679 1445 850 1522 tempestas
889 1435 1005 1500 afflicta
1028 1444 1068 1516 at,

112 1541 216 1606 neque
250 1519 317 1586 ulla
337 1523 459 1604 nostris
493 1521 625 1586 facultas
662 1531 716 1586 aut
750 1521 989 1585 administrandi
1016 1531 1070 1584 aut

112 1605 289 1670 auxiliandi
300 1605 442 1672 dabatur.
487 1605 712 1694 Compluribus
727 1605 862 1670 navibus
877 1605 983 1670 fractis
997 1605 1068 1669 reli-

110 1713 192 1776 quae
215 1713 312 1776 quum
334 1701 440 1756 essent
461 1691 597 1774 funibus,
620 1693 743 1756 ancona
755 1691 948 1778 reliquisque
970 1713 1069 1754 arma-

110 1777 226 1840 mentis
249 1777 371 1844 amissis
401 1777 443 1841 ad
468 1777 681 1863 navigandum
708 1777 851 1859 inutiles,
880 1797 1004 1862 magna,
1037 1775 1070 1840 id

133 1860 199 1926 uod
220 1883 351 1930 necesse
374 1861 446 1925 erat
464 1863 617 1945 accidere,
646 1863 755 1927 totius
775 1862 926 1928 exercitus
948 1869 1069 1948 pertur-

112 1883 201 2010 batio
223 1947 307 2011 facta
328 1957 384 2011 est.
428 1947 538 2035 Neque
561 1950 645 2012 enim
665 1969 763 2014 neves
779 1957 869 2012 erent
890 1946 980 2028 aliae,
1004 1949 1070 2034 qui·

111 2030 170 2094 bus
193 2033 350 2116 reportari
374 2042 520 2118 possent,
550 2042 582 2098 et
609 2034 713 2098 omnia
745 2033 891 2114 deerant,
921 2047 1001 2118 quae
1030 2032 1070 2097 ad

111 2115 300 2189 reficiendas
327 2139 425 2186 naves
448 2127 539 2182 erant
559 2119 639 2198 usui,
663 2127 703 2202 et,
727 2117 811 2204 quod
832 2116 975 2182 omnibus
999 2139 1069 2182 oon·

111 2200 217 2265 stabat
237 2201 369 2268 menn-i
390 2203 424 2266 in
446 2201 551 2268 Gallia
579 2214 731 2289 oportere,
747 2203 944 2284 ¹,frumentum
966 2203 1014 2266 bis
1036 2205 1069 2266 in

113 2285 192 2350 locis
216 2287 249 2348 in
270 2285 406 2352 hiemem
425 2288 587 2376 provisum
609 2310 673 2352 non
696 2299 772 2351 orat.

177 2371 230 2436 30.
254 2370 378 2450 Quibus
399 2373 495 2437 rebus
526 2375 658 2460 coguitis
686 2373 847 2459 principes
875 2372 1079 2455 Britanniae,

112 2458 166 2543 qui
187 2465 260 2542 post
280 2457 441 2543 proelium,
457 2457 499 2521 ad
526 2457 698 2522 Caesarem
731 2467 959 2540 convenerant,
989 2459 1071 2522 inter

113 2562 149 2606 se
174 2539 337 2624 collocuti,
367 2565 464 2630 quum
493 2544 613 2628 equites
636 2552 667 2608 et
695 2565 794 2608 naves
824 2552 856 2607 et
880 2543 1070 2608 trumentum

112 2625 264 2691 Romanis
279 2627 408 2695 deesse.
420 2627 639 2714 intellegerent
665 2637 697 2693 et
725 2629 916 2714 paucitatem
937 2629 1071 2694 militum

114 2733 155 2775 cx
170 2722 345 2788 castrorum
361 2715 530 2799 exiguitate
546 2723 783 2799 cognoscerent,
807 2735 886 2798 quae
902 2713 962 2779 hoc
981 2718 1071 2778 erant

112 2798 209 2861 etiam
240 2799 435 2882 angustiora,
463 2798 546 2884 quod
581 2800 650 2864 sine
682 2798 914 2885 impedimentis
951 2796 1071 2864 Caesar

113 2880 261 2967 legiones
275 2891 558 2969 ,uansportaverau
588 2885 739 2970 optimum
761 2883 846 2947 tactu
875 2905 945 2948 esse
974 2884 1070 2948 duxe-

114 2975 188 3032 runt
208 2966 382 3033 rebellione
408 2967 491 3034 sacta
512 2968 666 3038 tumente
689 2977 926 3056 commeatuque
947 2978 1070 3034 nostros

115 3051 283 3137 prohibere
306 3061 338 3116 et
358 3075 425 3117 rem
446 3055 481 3117 in
495 3053 630 3117 hiemem
643 3053 828 3140 producere,
851 3053 935 3140 quod
956 3054 1004 3118 bis
1021 3055 1084 3117 su·‘

115 3139 233 3284 peratis
255 3146 309 3200 aut
330 3137 432 3202 reditu
446 3137 623 3202 interclusis
638 3141 796 3204 neminem
810 3148 921 3225 postea
934 3138 1010 3202 belli
1025 3141 1071 3201 in-

130 3221 238 3304 erendi
259 3244 355 3287 causa
372 3223 404 3286 in
419 3222 615 3288 Britanniam
636 3225 839 3288 transiturum
860 3221 1071 3288 confidebant.

118 3305 227 3392 Itaque
248 3329 358 3371 rursus
381 3309 594 3377 coniuratione
618 3311 701 3374 facta
718 3307 873 3456 paulatim
896 3329 937 3371 ex
960 3309 1073 3370 castris

119 3391 279 3474 discedere
302 3414 340 3458 ac
362 3413 435 3458 suos
458 3392 539 3459 clam
555 3393 596 3458 ex
618 3395 702 3480 agris
741 3392 874 3458 educere
890 3403 1073 3478 coeperunt.

818 3478 983 3541 ΘῬἸ
