2562 3970
203 238 310 304 XCVI
552 238 808 305 PRAEFATIO.

203 419 277 476 tium
294 410 438 497 (,welcbe
453 410 640 495 cigentiiche
661 411 787 475 Frende
805 411 856 474 tur
876 409 1154 496 Kriegnthrende,‘

204 517 249 560 sc.
273 497 410 560 secundo
432 495 552 582 proelio
574 496 656 560 facto
679 498 787 582 copies
807 497 841 560 in
857 505 960 559 castre
973 495 1152 584 reducere).

204 581 269 661 Qui
293 581 392 645 dativi
419 603 494 645 usus
524 581 598 646 licet
625 604 644 644 s
673 579 881 646 Ciceronieno
911 603 1056 647 sermone
1084 583 1153 647 fere

203 667 295 748 absit,
319 676 394 752 aput
414 679 523 753 poetas
545 678 651 731 tamen
680 677 711 730 et
740 666 825 767 apud
845 668 1035 731 recentiores
1058 668 1152 754 pede·

203 753 278 816 stris
308 754 460 819 sermonis
487 753 654 838 scriptores
682 775 818 816 mcxune
851 752 936 838 apud
963 752 1089 817 Livium
1120 765 1152 818 et

204 837 350 902 Tecitrrm
372 860 425 902 sse
448 838 555 902 issime
585 840 744 901 invenitur
773 837 858 923 (vide
888 837 1019 921 Reisigii
1046 837 1152 904 Schol.

204 921 295 986 Grm.
307 921 361 986 lat
377 931 405 1001 ς.
421 861 515 1010 dib„
529 945 633 1008 neque
647 925 709 1008 ipsi
724 921 854 987 Caesari
863 945 934 986 eum
949 945 1040 986 usum
1046 923 1152 1071 plene

208 1007 347 1071 alienum
376 1009 473 1072 fuisse
502 1019 687 1095 argumento
718 1016 766 1072 est
795 1008 882 1072 locus
909 1007 940 1070 b.
964 1029 991 1070 c.
1013 1007 1070 1090 Π,
1093 1009 1152 1073 651

204 1104 239 1156 ut
259 1100 353 1158 libere
369 1101 518 1173 pabulari
535 1108 642 1174 posset
662 1115 718 1157 nee
739 1103 837 1158 minus
852 1097 965 1157 aditum
987 1101 1152 1160 nauibus

203 1184 336 1245 beteret.
370 1179 497 1242 Retinui
524 1181 619 1265 igitur
646 1186 835 1243 bellantibus.
857 1215 900 1225 —
920 1175 958 1240 In
985 1181 1151 1263 sententie,

203 1285 287 1348 quae
312 1266 487 1348 praemisse
514 1275 575 1328 est:
609 1270 671 1342 Quo
701 1271 833 1328 seeundo
868 1271 1002 1342 equestri
1030 1272 1150 1341 proelio

201 1356 288 1428 sueto
310 1355 414 1428 Scipio
437 1357 563 1414 iaetus
586 1357 623 1413 in
647 1362 780 1414 eostre
795 1361 881 1413 noete
895 1356 1002 1427 copies
1018 1358 1151 1432 reduxit,

203 1431 310 1496 hunci
333 1456 403 1503 sum
416 1434 584 1500 verborum
596 1435 735 1499 ordinem
751 1435 884 1515 servavi,
898 1435 994 1518 quiin
1006 1433 1151 1501 omnibus

203 1457 365 1583 ecdicius
380 1521 483 1583 inesse
497 1520 622 1584 videtur
637 1529 762 1604 praeter
772 1519 872 1592 Paris.
889 1541 961 1600 sec,
979 1541 1019 1581 ex
1035 1542 1096 1604 quo
1110 1521 1150 1585 N.

203 1603 307 1668 dedit:
329 1643 373 1653 -
394 1611 499 1685 Scipio
527 1614 564 1668 in
595 1619 731 1669 eastra
760 1613 887 1669 iaetus
922 1617 1009 1668 noete.
1043 1615 1151 1685 copies

203 1696 329 1753 reduxit
370 1690 413 1752 At
441 1712 537 1776 quum
565 1689 665 1754 verbs
687 1691 732 1752 sic
754 1689 965 1769 collocantur
988 1691 1082 1753 etiam
1116 1693 1150 1755 id

203 1773 366 1859 displicet,
390 1775 474 1861 quod
494 1776 560 1840 fore
582 1775 773 1860 persuadere
794 1775 885 1838 nobis
901 1773 1061 1856 iubemur,
1096 1799 1150 1842 no·

204 1867 288 1922 ciem
313 1860 454 1945 Scipioni
476 1860 614 1926 laetitiae
636 1883 761 1924 causam
790 1860 896 1924 fuisse.
913 1897 954 1906 -
971 1859 1151 1945 Sequuntur

204 1943 320 2008 deinde
352 1945 444 2009 haee:
480 1952 592 2010 Ceesur
629 1953 746 2010 interim
781 1954 913 2025 quotidie
951 1952 1084 2022 ieqiones
1118 1957 1149 2014 in

204 2050 341 2109 eampum
369 2038 517 2096 deducere
553 2041 642 2109 utque
677 2052 755 2111 opus
787 2038 892 2110 fucere
924 2039 1089 2111 uultumque
1122 2046 1152 2098 et

201 2119 320 2193 [ossen
336 2137 397 2196 per
419 2123 544 2181 medium
559 2139 692 2196 campum
714 2124 823 2180 ducere
845 2123 1150 2197 adversariorumque

203 2207 439 2265 excursionibus
467 2210 542 2266 iter
576 2209 700 2282 effluere
726 2223 786 2266 non
815 2209 984 2266 intermittit.
1017 2201 1057 2265 Ni
1079 2226 1150 2288 per-

204 2282 296 2347 deius
319 2307 388 2348 cum
412 2286 460 2350 his
482 2285 545 2350 illis
559 2288 765 2351 vetustiorum
781 2285 933 2351 editorum
950 2295 1006 2350 iter
1021 2225 1148 2370 deievit,

202 2370 310 2433 nescio
333 2393 395 2457 qua
416 2373 610 2456 potissimum
632 2393 725 2434 eausa
749 2382 935 2453 commotus,
959 2394 1053 2458 quum
1076 2397 1150 2437 eum

203 2475 305 2540 aeque
327 2478 365 2519 ec
385 2455 551 2520 Davisium
574 2456 739 2521 sollicitum
760 2457 872 2536 fuisse,
902 2479 942 2520 ne
967 2458 1150 2539 ‚archaismi

202 2539 237 2602 in
257 2540 358 2605 nitido
381 2543 534 2627 scriptore
557 2542 813 2626 admitterentur‘,
836 2544 891 2604 vix
912 2541 1085 2607 verisimile
1102 2547 1148 2606 vi-

203 2622 325 2689 deatur.
359 2626 402 2689 At
423 2626 611 2690 vocabulum
633 2635 691 2692 iter
711 2649 775 2690 non
797 2627 888 2691 modo
903 2637 1033 2712 propter
1049 2627 1148 2693 libros

202 2711 377 2787 ferendum,
401 2713 626 2776 verumetiam
655 2711 696 2776 sd
718 2714 905 2776 sententiam
935 2714 1148 2797 gratissimum

203 2818 275 2861 esse
302 2796 435 2862 videtur.
467 2797 548 2860 Nem
577 2820 672 2882 quum
700 2804 822 2875 officere
850 2797 944 2860 elicui
975 2799 1021 2861 rei
1054 2821 1148 2884 quam

201 2880 345 2968 plurimis
366 2882 538 2946 rationibus
560 2881 661 2964 liceat,
684 2881 854 2947 eddiioillo
867 2888 1045 2946 accusativo
1068 2884 1147 2968 opti-

202 2989 254 3032 me
283 2966 373 3031 verbi
401 2969 486 3032 notio
515 2967 701 3032 arctioribus
727 2968 841 3033 finibus
871 2968 1146 3048 circumscribitur,

201 3052 298 3153 idque
319 3051 414 3138 plene
436 3053 546 3119 eodem
567 3053 645 3133 iure,
668 3076 729 3139 quo
751 3053 897 3115 vincendi
918 3055 1075 3117 notionem
1097 3076 1144 3118 re·

202 3147 358 3222 strmgere
379 3136 454 3202 licet
468 3139 580 3202 additis
596 3140 781 3202 accusativis
796 3147 995 3220 sponsionem,
1013 3161 1145 3224 causum,

202 3223 284 3286 eliis.
323 3221 493 3287 Gaesarem
514 3234 618 3288 autem
644 3247 679 3288 re
705 3245 782 3288 vero
809 3222 1062 3288 adversariorum
1091 3245 1146 3288 ex·

201 3306 398 3372 cursionibus
420 3309 481 3372 iter
502 3317 642 3389 offecisse
664 3308 750 3394 (,den
773 3308 854 3393 Weg
868 3307 1044 3395 verlegen‘)
1068 3311 1145 3373 setis

201 3399 289 3475 petet
310 3413 405 3478 quum
427 3396 608 3459 munitionis
630 3416 687 3478 per
708 3393 846 3458 medium
868 3415 1012 3478 campum
1033 3392 1146 3458 ductae

202 3474 359 3540 rationem
377 3473 547 3560 hebemus3
568 3478 642 3542 inde
663 3479 779 3542 fectum
801 3488 928 3542 esseut
949 3478 1054 3563 Scipio
1070 3499 1146 3560 quo-
