2490 3974
215 268 278 333 230
521 269 648 332 ssuual
669 271 855 336 AFRlOAE

214 440 296 503 facto
319 438 358 502 ab
380 440 534 503 universis
549 439 727 504 cohortibus
743 443 832 524 signa
845 443 877 504 in
893 441 1015 506 hostem
1032 463 1192 526 coepere

215 525 333 606 inferri,
356 546 451 610 quum
473 526 669 589 centuriones
683 534 810 610 pectore
825 526 958 590 adverso
980 527 1190 591 resisterent

214 611 309 695 vique
331 611 526 674 continerent
546 609 669 691 milites,
684 631 725 673 ne
744 611 865 673 iniussu
879 611 1083 696 imperatoris
1103 632 1187 675 con·

215 702 384 774 currerent,
406 715 467 758 nec
489 696 653 780 quicquam
674 694 871 779 proficerent.

186 779 190 786 '
277 779 327 843 83.
351 778 444 858 Quod
477 788 644 864 postquam
684 777 803 842 Caesar
836 779 991 844 intellexit
1026 781 1186 843 incitatis

213 865 344 929 militum
367 865 477 928 animis
499 864 603 928 resisti
624 863 710 929 nullo
731 863 824 928 modo
842 887 944 950 posse,
968 865 1059 950 signo
1086 864 1182 928 Feli·

214 952 316 1014 citatis
338 949 411 1014 dato
433 970 513 1035 equo
535 949 671 1012 admisso
692 951 726 1012 in
744 948 866 1012 hostem
881 961 989 1014 contra
1002 951 1183 1034 principes
1221 1017 1222 1024 χ

212 1037 258 1098 ire
291 1032 461 1099 contendit.
497 1033 527 1096 A
559 1033 670 1097 dextro
701 1035 826 1097 interim
857 1056 955 1100 cornu
989 1033 1181 1098 funditores

214 1119 428 1203 sagittariique
456 1119 580 1183 concita
608 1118 672 1182 tela
702 1119 735 1181 in
764 1118 948 1204 elephantos
982 1119 1180 1204 frequentes

212 1206 364 1268 iniiciunt.
388 1202 458 1282 Quo
479 1203 561 1266 facto
588 1201 709 1268 hestiae
738 1203 873 1269 stridore
898 1205 1066 1269 fundmum
1091 1203 1178 1288 lapi-

213 1289 348 1374 dumque
369 1290 553 1373 perterritae
582 1309 652 1353 sese
674 1298 858 1354 convertere
887 1299 918 1354 et
939 1312 1013 1354 suos
1034 1298 1116 1373 post
1141 1310 1177 1351 se

214 1373 391 1458 frequentes
421 1375 613 1458 stipatosque
637 1383 800 1521 proterere
828 1384 860 1440 et
885 1377 918 1439 in
945 1383 1054 1461 portes
1089 1373 1176 1437 valli

213 1459 387 1522 semifactas
409 1481 500 1522 ruere
523 1467 636 1522 conten
658 1467 722 1522 unt.
745 1457 825 1524 Item
838 1461 940 1524 Mauri
962 1460 1100 1544 equiteS,
1119 1461 1175 1545 qni

211 1545 245 1608 in
273 1542 382 1608 eodem
408 1567 507 1609 cornu
535 1543 706 1628 elephantis
734 1553 824 1606 erant
850 1544 1015 1630 praesidio,
1047 1543 1174 1608 deserti

211 1629 368 1714 principes
390 1629 522 1714 fugiunt.
543 1628 592 1692 Ita
619 1629 763 1692 celeriter
787 1628 896 1695 bestiis
925 1629 1103 1694 circumitis
1128 1628 1173 1692 le·

211 1715 321 1799 giones
342 1713 425 1778 vallo
448 1714 582 1778 hostium
612 1725 684 1777 sunt
710 1714 837 1800 potitae,
860 1725 892 1779 et
920 1715 1028 1800 paucis
1051 1715 1173 1777 acriter

210 1799 457 1884 repugnantibus
472 1800 706 1884 interfectisque
720 1800 835 1884 reliqui
849 1801 994 1866 concitati
1003 1800 1037 1862 in
1050 1809 1171 1878 castra,

210 1883 295 1948 unde
316 1883 417 1969 pridie
440 1894 528 1950 erant
550 1885 677 1970 egressi,
700 1887 890 1970 confugiunt.

276 1969 326 2032 84.
349 1969 419 2032 Non
441 1969 565 2033 videtur
580 1991 651 2034 esse
665 1970 979 2054 praetermittendum
994 1969 1032 2032 de
1047 1970 1168 2033 virtute

210 2053 318 2118 militis
350 2055 493 2118 veterani
515 2063 539 2114 V
561 2054 702 2138 legionis.
740 2056 821 2120 Nam
853 2077 948 2142 quum
975 2055 1009 2118 in
1035 2055 1168 2118 sinistro

211 2161 309 2205 cornu
330 2138 480 2224 elephans
502 2137 632 2203 vulnere
648 2142 728 2204 ictus
751 2149 783 2204 et
804 2140 913 2205 dolore
935 2140 1114 2204 concitatus
1135 2140 1167 2201 in

210 2223 308 2287 lixam
329 2225 480 2288 inermem
501 2225 651 2309 impetum
671 2225 800 2290 fecisset
821 2247 954 2310 eumque
969 2223 1027 2288 sub
1050 2223 1166 2308 pedem

212 2307 371 2373 subditum
393 2308 466 2373 dein
487 2331 571 2393 genu
592 2311 719 2374 innixus
741 2311 881 2396 pondere
903 2331 959 2374 suo
974 2308 1164 2394 proboscide

211 2403 317 2458 crecta
338 2392 537 2480 vibrantique
560 2395 694 2459 stridore
716 2397 853 2460 maximo
875 2401 1035 2480 premeret
1069 2403 1164 2478 atque
1221 2469 1222 2486 ,

211 2486 368 2560 enecaret,
392 2478 483 2542 miles
505 2479 641 2543 hicnon
662 2483 762 2565 potuit
783 2482 858 2566 pati,
904 2481 958 2542 uin
973 2501 1008 2542 se
1023 2487 1163 2542 armatus

210 2564 331 2627 bestiae
353 2565 488 2628 offerret.
512 2564 614 2643 Quem
635 2574 799 2653 postquam
823 2565 892 2649 elep
916 2587 972 2628 ans
995 2563 1036 2626 ad
1051 2585 1085 2628 se
1100 2562 1162 2626 telo

211 2648 324 2712 infesto
346 2651 456 2713 venire
478 2649 707 2730 animadvertit,
730 2650 850 2715 relicto*
863 2649 1017 2713 cadavere
1032 2647 1162 2711 militem

211 2732 400 2818 proboscide
433 2733 606 2798 circumdat
638 2745 731 2821 atque
753 2737 785 2799 in
808 2733 943 2799 sublime
971 2731 1092 2796 extollit
1114 2755 1161 2796 ar·

210 2827 337 2882 matum.
372 2817 435 2897 Qui
463 2819 496 2882 in
525 2820 676 2886 eiusmodi
696 2819 838 2904 periculo
860 2842 956 2906 quum
984 2826 1163 2882 constanter

214 2903 369 2986 agendum
392 2903 453 2967 sibi
473 2904 603 2986 videret,
626 2905 731 2990 gladio
752 2904 981 2990 proboscidem,
1011 2924 1073 2988 qua
1095 2911 1161 2965 erat

211 2988 430 3070 circumdatus,
465 2989 598 3054 caedere
629 3001 781 3138 quantum
813 2989 935 3053 viribus
955 2997 1079 3074 poterat
1098 3009 1160 3051 non

213 3072 340 3136 destitit.
364 3073 435 3153 Quo
458 3073 565 3138 dolore
588 3075 628 3138 ad
650 3085 741 3139 uetus
764 3074 912 3160 elephans
927 3073 1025 3138 milite
1039 3072 1158 3136 abiecta

210 3160 347 3222 maximo
369 3181 441 3222 cum
463 3159 596 3224 stridore
612 3182 768 3246 cursuque
783 3181 953 3224 conversus
969 3158 1009 3221 ad
1023 3157 1158 3242 reliquas
1221 3215 1222 3220 ,

210 3241 327 3306 bestias
350 3265 384 3307 se
405 3245 531 3329 recepit.

224 3355 226 3362 ⁴
275 3328 326 3391 85.
349 3328 480 3392 Interim
501 3329 628 3415 Thapso
645 3333 700 3415 qui
714 3341 804 3394 erant
817 3331 976 3416 praesidio
991 3351 1032 3393 ex
1047 3329 1157 3414 oppido
1221 3335 1222 3406 t

211 3415 406 3498 eruptionem
432 3424 524 3500 porta
554 3416 710 3480 maritima
740 3415 858 3482 faciunt
879 3425 919 3498 et,
952 3416 1019 3478 sive
1041 3423 1075 3477 ut
1095 3416 1157 3478 suis

215 3497 355 3566 subsidio
390 3510 599 3584 occluserant,
634 3501 700 3564 sive
732 3510 767 3564 ut
798 3500 912 3587 oppido
941 3499 1067 3564 deserto
1087 3499 1157 3584 fuga
1221 3567 1222 3608 ,
