2532 3968
492 215 749 281 rmnrnrro.
958 213 1100 310 ¹curru

140 405 252 470 posse,
280 409 376 472 quum
405 386 521 450 milites
549 409 612 452 non
642 396 748 450 essent
774 387 908 472 dispersi
938 386 996 452 sed
1023 407 1096 452 eon-

141 471 254 550 iuncu,
276 482 362 536 reete
383 474 504 536 monuit
524 472 744 558 Nipperdeius.
786 472 829 536 At
851 475 946 536 etiam
968 480 1100 537 coniecit

142 555 287 640 displicet
315 579 379 622 non
401 557 493 622 modo
523 558 608 642 quod
628 556 756 642 paulum
780 567 853 622 ante
876 560 1098 642 scriptumest

142 649 297 719 contectis,
321 665 432 706 verum
455 645 549 707 etiam
571 643 656 729 quod
677 643 792 728 dispici
811 643 931 728 nequit,
954 665 1010 706 eur
1032 652 1098 707 tam

141 728 249 789 tritum
278 728 464 791 vocabulum
494 730 527 791 in
554 738 686 805 contrait
710 749 894 813 perversum
917 729 966 792 sit.
993 727 1097 813 *Equi-

142 809 216 888 dem
231 810 451 877 CONTEGIT
467 823 570 876 ortum
593 836 661 878 esse
684 815 828 878 existimo
852 813 915 876 levi
936 812 1099 878 oculorum
1161 875 1166 885 Χ

142 895 233 981 lapsu
259 920 300 960 ex
323 897 542 963 CONPEGIT
563 898 658 984 idque
687 921 724 962 eo
747 901 849 984 aptius
876 898 991 978 iudico,
1007 898 1099 983 quod

145 980 238 1044 simul
260 983 300 1048 de
321 986 510 1048 necessitate
533 995 648 1064 monet,
672 985 723 1048 cui
747 984 866 1049 Caesar
886 985 920 1046 in
942 983 1097 1069 eligendis

143 1067 296 1132 eiusmodi
318 1069 531 1132 hibernaculis
555 1073 719 1148 concessit.
886 1085 888 1092 ’
925 1077 927 1082 ’
1036 1082 1038 1086 ’

208 1151 243 1216 Ο.
267 1153 286 1216 8
309 1154 341 1217 id
364 1155 449 1240 quod
470 1166 595 1240 praeter
614 1177 731 1240 paucos
747 1157 901 1241 quosdam
922 1155 1096 1220 deteriores

143 1237 268 1302 codices
283 1240 399 1324 reliqui
414 1263 521 1304 omnes
537 1240 671 1303 hebent:
693 1247 800 1319 Itaque
815 1249 960 1306 consiti
967 1263 984 1306 o
999 1249 1098 1306 'advo-

140 1338 210 1400 cato
233 1327 362 1406 retinui3
387 1325 475 1388 side
499 1327 697 1390 concione
720 1326 923 1411 cogitandum
945 1336 1042 1407 esset,
1065 1326 1100 1391 id

142 1410 246 1494 potius
260 1411 450 1474 vocabulum
466 1434 559 1496 quarn
575 1419 734 1476 concilium
750 1411 962 1476 adhibendum
977 1412 1097 1476 finisset.

208 1494 244 1558 O.
268 1495 287 1557 9
309 1495 381 1559 libri
409 1497 653 1581 praestantiores
690 1498 722 1562 in
759 1497 819 1560 hac
850 1498 916 1561 fere
944 1499 1100 1582 scriptura

144 1583 366 1644 consentiunt:
387 1589 470 1646 Haec
493 1589 625 1659 (castra)
655 1589 782 1662 traperot
795 1589 884 1646 'catto
906 1589 974 1647 XII
986 1590 1099 1663 pedum

143 1673 264 1740 muniri,
292 1673 449 1732 loriculam
467 1690 529 1748 pro
553 1675 622 1732 troc
651 1676 808 1732 ratione
834 1675 900 1731 etos
930 1675 1099 1732 altitudinis

144 1757 346 1827 inaedificart.
389 1752 598 1838 Nipperdeius
619 1775 751 1838 negans,
777 1753 908 1816 loricam
930 1752 1098 1816 ullam'ra-

143 1835 262 1900 tionem
284 1836 434 1902 habuisse
456 1838 497 1901 ad
519 1838 716 1902 altitudinem
735 1839 811 1902 valli
826 1859 951 1901 crucem
966 1838 1098 1901 vocibus

144 1927 202 1984 trac
216 1930 335 1986 ratione
353 1923 508 2008 praefixit,
526 1925 702 2008 suspicatus
718 1923 921 1988 scribendum
936 1947 1006 1988 esse
1025 1946 1099 2004 per

145 2017 444 2083 apparationem
465 2017 530 2072 atus
553 2017 722 2073 altitudini
744 2017 946 2085 reaedificari.
978 2008 1013 2072 Si
1034 2007 1099 2072 tale

144 2090 221 2176 quid
249 2093 371 2157 Hirtius
401 2095 596 2178 scripsisset,
626 2094 700 2158 libri
727 2095 859 2158 fortasse
884 2115 947 2174 pro
974 2103 1100 2171 aggeris

144 2185 264 2242 rattoae
293 2191 324 2242 et
353 2178 467 2242 similia
489 2179 685 2260 exhiberent,
711 2180 811 2244 verba
834 2189 938 2243 autem
956 2201 1018 2260 pro
1041 2186 1099 2244 hae

144 2271 263 2327 ratione
284 2265 340 2326 vix
361 2265 434 2329 inde
458 2266 659 2328 exstitissent.
694 2265 841 2329 Concedo
871 2287 936 2328 non
963 2267 1006 2327 ita
1027 2264 1100 2330 luri·

145 2369 203 2412 cae
230 2348 424 2413 altitudinem
453 2373 494 2413 ex
524 2349 688 2414 altitudine
717 2350 794 2414 valli
822 2351 1027 2434 pependisse,
1054 2359 1098 2428 ut,

145 2455 209 2518 quo
231 2433 292 2497 hoc
314 2445 397 2500 esset
420 2435 522 2514 altius,
546 2458 583 2499 eo
606 2435 704 2499 lorica
722 2458 846 2521 quoque
869 2435 960 2498 altior
981 2435 1099 2498 inaedi-

146 2519 303 2601 ficaretur,
327 2530 359 2583 at
380 2521 513 2586 fortasse
535 2525 693 2584 contraria
714 2523 797 2584 inter
817 2522 980 2606 utriusque
997 2521 1099 2584 altitu-

146 2603 253 2666 dinem
275 2607 412 2670 conditio
434 2608 618 2670 intercessit.
650 2606 735 2668 Valli
757 2608 839 2670 enirn
863 2607 995 2668 interius
1018 2604 1100 2668 latus

146 2711 243 2772 quum
271 2689 357 2754 haud
383 2691 477 2754 dubie
506 2715 570 2755 non
599 2714 752 2777 praeceps
782 2701 881 2771 esset,
909 2691 965 2753 sed
987 2690 1100 2754 leniter

147 2773 271 2839 deelive
293 2776 345 2839 vel
367 2777 534 2861 gradibus,
566 2777 679 2862 quibus
701 2777 830 2841 ascendi
852 2787 883 2840 et
905 2777 1007 2838 insisti
1028 2789 1099 2860 p'os-

147 2869 197 2922 set
223 2860 402 2924 distinetum
431 2865 475 2924 ita
502 2873 537 2926 ut
568 2872 816 2948 propugnatores
850 2861 935 2925 vallo
964 2863 1032 2944 ipso
1059 2883 1100 2924 ex

146 2954 237 3030 perte
258 2957 507 3033 protegerentur,
529 2970 590 3013 nee
608 2951 669 3012 nisi
685 2950 833 3033 superior
851 2948 991 3032 eorporis
1013 2967 1099 3030 pars,

148 3053 211 3114 qua
237 3032 321 3096 vallo
358 3035 543 3112 eminerent,
579 3033 738 3118 praesidio
773 3042 880 3118 egeret
913 3032 1031 3096 loricae
1069 3040 1101 3094 et

148 3116 276 3200 quidem
297 3119 341 3180 ita
363 3129 570 3202 comparatae,
584 3128 627 3182 ‘ut
649 3120 814 3204 pinnarum
837 3115 1012 3182 intervallis
1027 3118 1100 3178 mit-

147 3200 311 3265 tendorum
335 3203 470 3267 telorum
491 3214 677 3289 potestatem
705 3205 887 3289 praeberet,
910 3202 984 3265 inde
1006 3203 1101 3264 etiam

147 3286 276 3370 probari
297 3289 431 3370 videtur,
455 3311 515 3375 quo
531 3291 632 3376 minor
646 3289 777 3353 altitudo
799 3289 876 3352 valli
892 3296 984 3367 esset,
1007 3288 1052 3349 ita
1066 3297 1101 3350 ut

147 3373 182 3435 in
203 3374 272 3458 ipso
287 3396 408 3438 summo
428 3398 544 3460 aggere
567 3376 713 3438 insistere
733 3397 864 3440 necesse
888 3381 981 3449 esset,
1004 3380 1039 3434 nt
1059 3393 1101 3435 ex

147 3455 217 3522 loco
240 3461 315 3523 satis
338 3460 420 3525 edito
442 3462 577 3548 pugnari
598 3469 714 3545 posset,
736 3483 774 3526 eo
796 3461 945 3523 maiorem
970 3458 1101 3522 loricam
