2562 3970
208 201 339 272 LXXXv
556 207 820 278 PRAEFATIO.

207 377 378 460 omiitiiur,
400 401 474 444 rece
497 390 531 444 te
565 389 746 444 correctura
771 387 939 457 fiduciaria
966 382 1075 468 inepte
1108 382 1168 447 sibi

207 473 414 549 opponuntur
440 465 462 528 fi
485 465 604 528 uoiorie
631 465 772 612 puellae,
813 466 1033 533 crudelissime
1060 465 1167 553 Gany·

206 549 312 614 'medis
342 549 531 632 dominati03
562 550 631 635 disp
646 553 708 615 icet
737 551 853 631 etiam,
882 552 968 637 quod
1000 560 1165 618 dominatio

210 633 377 698 fiduciaria
399 635 520 717 dicitur,
545 657 641 720 quum
663 636 862 700 fiduciarium
883 658 947 700 non
961 638 1023 701 nisi
1039 661 1164 717 reanum

210 741 282 784 esse
303 722 403 805 possit
423 721 492 784 iure
514 729 677 804 acceptum
700 729 731 784 et
753 719 844 786 alteri
859 720 900 786 cd
921 731 1045 807 tempus
1067 724 1164 788 tradi-

202 813 286 868 ·ium.
322 805 406 868 Dum
434 827 493 868 rex
521 805 604 891 apud
635 805 805 872 Caesarem
838 809 1006 888 retinetur,
1035 808 1164 874 fiducie<

203 891 291 953 ¹rium
313 912 446 975 regnum
467 892 549 976 gerit
569 891 719 972 Arsinoe,
750 891 929 956 dominatur
951 890 1162 978 Ganymedes,

209 973 321 1076 Itaque
343 978 435 1040 unice
457 975 622 1062 probanda
651 975 798 1040 videntur
825 976 940 1058 verbe,
965 999 1046 1062 quae
1069 1001 1164 1066 cupre

252 1083 310 1124 sui.

199 1081 250 1190 Po
274 1144 310 1210 0.
340 1146 381 1210 28
408 1149 441 1210 in
471 1146 689 1231 Oudendorpii
711 1155 743 1211 ei
763 1145 952 1232 Nipperdeii
964 1146 1072 1230 libris,
1103 1172 1162 1216 neo

206 1232 327 1294 nonin
349 1231 443 1295 Vind.
465 1255 514 1317 pr.
538 1233 689 1318 scriptum
712 1242 776 1296 est:
807 1239 905 1296 tribus
932 1237 1038 1297 autem
1055 1256 1097 1298 en
1118 1243 1161 1308 io-

209 1323 323 1380 teribus
335 1325 430 1381 uariis
443 1340 624 1396 penerum
634 1325 849 1382 munitionibus
865 1325 1029 1396 tenebatur.
1045 1318 1161 1406 Emeu-

206 1401 281 1465 davi
315 1411 412 1466 uariis
445 1411 640 1468 munitionum
671 1410 845 1480 pedoribus.
891 1403 1041 1488 Suspicor
1060 1408 1161 1470 *onim

195 1484 380 1570 iibrorium,
394 1511 489 1575 quum
500 1511 610 1552 vocem
622 1496 817 1554 munitionum
830 1498 986 1569 exereret,
1004 1491 1103 1554 oculis
1119 1493 1160 1557 ad

205 1583 380 1636 extremam
421 1575 580 1660 sequentis
617 1573 765 1638 vocabuli
797 1583 920 1659 partem
953 1579 1161 1656 [nemer-libus
1229 1645 1230 1650 ,

203 1657 372 1722 oberrasse
388 1669 419 1723 et
433 1660 516 1724 huno
532 1681 669 1724 errorem
682 1661 726 1722 ita
737 1659 852 1724 deinde
863 1660 1048 1740 correxisse,
1065 1673 1099 1725 ut
1111 1686 1160 1726 su-

1002 1753 1014 1788 g
1015 1754 1061 1780 eeeee

202 1851 263 1978 pra
280 1851 409 1894 versum
428 1831 560 1894 omissas
577 1809 699 1894 liiieras
708 1811 840 1915 poneret
854 1797 1158 1914 (munitiotiibus).

221 1923 254 1978 ia
273 1913 391 1978 iactum
414 1927 471 1996 est,
495 1925 529 1978 ut
545 1907 600 2002 qui
612 1916 692 1980 haee
707 1916 911 1997 exscriberet,
928 1916 1002 1981 inde
1016 1936 1160 1994 uenerunt

192 2007 417 2066 munitionibus
440 2001 612 2086 effingeret.

268 2085 335 2150 Sub
350 2088 445 2150 finem
468 2109 494 2150 c.
519 2087 560 2150 33
574 2087 612 2150 N.
630 2086 743 2150 edidit:
760 2091 854 2150 Simul
868 2094 909 2151 ad
923 2093 1044 2167 imperi-i
1057 2094 1161 2149 nostri
1261 2095 1262 2106 ¹

201 2177 377 2250 dipnitatem
399 2181 609 2252 utilitatemque
634 2179 786 2252 publicam
808 2179 964 2252 pertinere
999 2178 1158 2236 existima-

190 2262 267 2333 ·dot,
291 2266 320 2321 si
336 2271 549 2338 permanerent
571 2266 601 2321 in
620 2265 682 2334 fide
703 2279 808 2334 repar,
832 2264 1001 2337 praesidiis
1029 2278 1081 2322 eos
1103 2277 1158 2320 no·

190 2351 278 2406 ¹stris
300 2366 366 2408 esse
388 2356 485 2418 tutos;
508 2353 537 2408 si
558 2350 810 2420 cusentinorum,
831 2362 925 2421 posse
948 2350 1041 2407 isdem
1060 2362 1158 2422 prae·

199 2434 293 2493 sidiis
323 2439 475 2507 coerceri,
500 2467 540 2477 -
564 2451 638 2512 ego:
670 2435 842 2508 praesidiis
872 2451 924 2494 eos
952 2436 1068 2492 nostris
1089 2447 1159 2492 esse

203 2524 297 2595 tutos;
320 2521 405 2592 dor,
429 2524 458 2578 si
479 2529 578 2578 essent
600 2537 624 2576 e.
649 2535 675 2590 o.
700 2536 724 2575 s.
748 2512 890 2578 Retineri
913 2515 997 2576 enim
1023 2533 1158 2576 necesse

198 2609 251 2663 «est
272 2607 337 2676 iios,
363 2623 459 2684 quum
481 2601 525 2662 ita
547 2599 673 2662 demum
695 2599 787 2661 varia
802 2598 955 2664 librorum
970 2597 1085 2662 menda
1100 2620 1157 2661 ex·

200 2683 319 2769 plicare
342 2684 443 2748 liceat.
477 2685 514 2748 In
536 2684 637 2747 Paris.
662 2705 724 2748 sec.
748 2686 899 2769 scriptum
929 2695 977 2748 est
998 2696 1100 2747 essent
1121 2696 1155 2747 ut

199 2776 267 2844 izos,
285 2775 318 2834 in
341 2770 436 2833 Vinde
458 2793 505 2855 pr.
525 2783 604 2834 esset
629 2781 661 2832 ut
682 2777 747 2850 nos,
776 2770 808 2832 in
824 2768 913 2836 Leid.
937 2791 1004 2832 esse
1026 2781 1059 2832 ut
1079 2775 1138 2834 iios

200 2857 233 2919 in
257 2855 340 2921 Scal.
364 2878 428 2918 esse
451 2868 529 2919 tutos
551 2862 668 2919 utitor.
693 2854 810 2919 Similis
831 2853 1058 2926 vocabulorum
1074 2865 1155 2918 tutos

196 2951 233 3004 ei
254 2949 311 3005 iios
332 2941 510 3005 terminatio
538 2941 571 3004 in
594 2963 689 3004 causa
711 2949 795 3021 erat,
829 2962 885 3004 cur
906 2941 995 3025 prius
1025 2939 1155 3003 detrun-

185 3035 333 3090 ·careiur.
766 3087 767 3090 ,
1061 3033 1064 3042 ’
1130 3097 1134 3104 ,

185 3161 187 3168 .
265 3111 300 3176 O.
325 3111 427 3176 362ea
448 3111 524 3194 fere,
549 3133 630 3198 quae
646 3121 719 3176 ante
734 3109 961 3195 Nipperdcium
977 3109 1154 3195 vulgaban-

194 3206 263 3279 iur,
282 3197 407 3283 repetii:
433 3203 546 3274 Quibus
575 3220 614 3262 ex
641 3204 752 3261 castris
776 3218 863 3274 quum
891 3204 975 3261 loeus
1002 3207 1154 3274 anqustus

194 3297 288 3362 atque
310 3291 469 3367 impeditus
491 3295 570 3347 esset
590 3289 811 3358 transeundus,
841 3287 1019 3346 Pharnaces
1049 3288 1084 3344 in·
1102 3289 1152 3346 in·

182 3375 290 3452 'cidiis
313 3374 444 3433 eiciemus
461 3375 581 3450 pedites
604 3389 762 3446 omnesque
777 3389 878 3448 paene
900 3373 1052 3446 disposuit
1065 3375 1153 3445 equi-

183 3462 252 3526 ·tes,
281 3475 419 3530 maenam
447 3468 552 3519 ‚autem
576 3459 791 3520 multitudinem
825 3460 948 3534 pecoris
981 3459 1062 3518 intra
1092 3474 1153 3536 ¹eas
