2534 3970
160 209 203 274 30
416 209 477 272 DE
499 209 641 274 BELLO
665 208 855 275 GALLIGO

161 383 336 444 remittatur
352 391 382 443 et
397 381 535 445 dediticii
556 381 787 463 subtrahantur,
810 403 874 445 non
895 380 998 444 minus
1013 379 1112 442 liben-

160 477 209 528 ter
224 488 293 529 sese
309 475 524 530 recusaturum
562 465 648 551 opuli
669 465 803 529 Romani
818 465 995 543 amicitiam,
1019 487 1111 550 quam

161 552 336 650 appetierit.
367 549 461 629 Quod
482 490 713 615 rnullitudinern
736 551 967 615 Germanorum
989 551 1022 612 in
1036 547 1112 614 Gal-

161 633 235 698 lram
257 636 416 716 traducat,
439 637 472 700 id
494 659 528 700 se
551 639 599 700 sui
621 635 797 716 muniendi,
826 659 888 699 non
912 634 1034 699 Galliae
1056 635 1111 699 im·

160 721 351 806 pugnandac
373 743 467 784 causa
487 721 609 785 facere:
641 722 707 784 eius
730 723 777 784 rei
799 721 1009 785 testimonium
1032 741 1111 801 esse,

160 807 327 890 quodnisi
356 817 483 892 rogatus
510 829 573 871 non
595 807 718 870 uenerit
740 819 771 869 et
800 806 883 891 quod
909 804 1027 869 bellum
1049 827 1112 868 non

161 891 308 973 intulerit,
332 892 388 954 scd
403 892 588 956 defenderit.
619 891 660 955 Se
681 892 769 976 prius
788 892 820 954 in
836 890 973 956 Galliam
986 891 1113 954 venisse

161 997 254 1061 quarn
276 976 425 1062 populum
447 978 631 1041 Romanum.
670 977 699 1040 N
774 997 847 1040 uarn
869 986 941 1040 ante
963 975 1113 1040 hostem·

160 1083 218 1209 Rus
242 1063 415 1126 exercitum
435 1063 542 1147 popul-i
556 1063 689 1126 Romani
700 999 828 1126 lGndlliae
850 1062 1030 1147 provinciae
1045 1061 1113 1124 fini-

183 1169 219 1209 us
242 1169 413 1232 egressum.
443 1147 529 1226 Quid
552 1147 611 1210 sibi
632 1147 738 1228 vellet,
762 1150 872 1211 curin
895 1169 966 1209 suos
989 1167 1112 1231 posses-

161 1235 264 1296 siones
279 1231 424 1296 veniret?
451 1232 650 1296 Provinciam
666 1254 754 1296 suam
776 1231 859 1295 hanc
880 1253 950 1296 esse
966 1229 1112 1311 Galliam,

160 1319 241 1380 sicto
263 1317 347 1380 illam
370 1328 519 1382 nostram.
559 1317 603 1381 Ut
624 1319 686 1403 ipsi
709 1317 839 1382 concedi
860 1339 923 1382 non
945 1325 1112 1402 oporteret,

160 1405 232 1466 siin
248 1413 369 1467 nostros
389 1402 469 1466 fines
492 1404 641 1488 impetum
656 1404 782 1484 faceret,
806 1404 852 1467 sic
873 1404 948 1466 item
969 1424 1027 1466 nos
1042 1423 1113 1466 esse

159 1491 293 1574 iniquos,
316 1487 400 1574 quod
420 1490 453 1551 in
477 1511 533 1552 suo
556 1491 624 1552 iure
647 1509 681 1551 se
703 1487 985 1572 interpellaremus.
1020 1485 1113 1565 Quod

158 1572 270 1636 fratres
285 1573 434 1638 Haeduos
454 1573 628 1658 appellatos
644 1573 771 1654 diceret,
794 1595 857 1637 non
872 1594 906 1636 se
920 1581 986 1636 tam
999 1571 1113 1636 barba-

159 1680 228 1722 rum
250 1681 352 1744 neque
374 1670 438 1722 tarn
460 1660 637 1744 imperitum
657 1681 726 1722 esse
749 1681 863 1740 rerum,
886 1668 921 1722 ut
942 1680 1005 1721 non
1020 1659 1114 1722 sciret

158 1765 261 1830 neque
290 1743 373 1807 bello
397 1743 602 1828 Allobrogum
624 1747 768 1829 proximo
791 1743 941 1808 Haeduos
963 1743 1113 1807 Romanis

159 1829 311 1893 auxilium
340 1829 449 1894 tulisse
479 1851 581 1915 neque
610 1830 695 1914 ipsos
718 1831 751 1892 in
772 1829 822 1892 his
851 1828 1112 1910 contentionibus,

159 1936 238 2000 quas
253 1914 379 1978 Haedui
402 1937 508 1978 secum
531 1926 562 1980 et
583 1936 655 1978 cum
670 1914 825 2002 Sequanis
847 1913 1039 1996 habuissent,
1059 1936 1112 1978 au·

159 1998 235 2062 xilio
257 1998 366 2085 populi
387 1998 520 2064 Romani
542 2022 615 2064 usos
637 2022 717 2070 esse.
752 1999 880 2064 Debere
903 2021 937 2062 se
959 2020 1011 2062 sus
1035 2000 1113 2064 icari

160 2083 305 2148 simulata
320 2083 491 2150 Gaesarem
505 2087 652 2167 amicitia,
674 2085 758 2171 quod
773 2085 946 2150 exercitum
959 2087 992 2148 in
1008 2021 1113 2149 Gallia

160 2169 284 2248 habeat,
307 2170 356 2233 sui
378 2171 574 2255 opprimendi
596 2192 692 2235 cause
713 2169 841 2234 habere.
889 2167 952 2250 Qui
972 2171 1034 2233 nisi
1060 2169 1112 2234 de·

159 2254 252 2318 cedat
279 2265 372 2340 atque
402 2258 575 2320 exereitum
605 2255 741 2320 deducat
769 2277 809 2320 ex
837 2255 887 2318 his
919 2254 1111 2341 regionibus,

160 2362 229 2404 sese
244 2339 333 2402 illurn
348 2363 410 2404 non
425 2363 482 2426 pro
497 2343 607 2422 amico,
631 2342 688 2405 sed
702 2341 791 2406 hoste
806 2340 995 2404 habiturum.
1019 2340 1112 2420 Quod

160 2426 187 2487 si
216 2447 288 2488 eum
317 2425 524 2507 interfecerit,
554 2427 660 2490 multis
683 2449 752 2491 sese
781 2424 940 2489 nobilibus
962 2427 1111 2512 principi·

159 2507 283 2596 busque
304 2510 412 2596 populi
434 2511 566 2575 Romani
589 2522 712 2596 gramm
734 2533 804 2576 esse
826 2511 994 2575 facturum:
1023 2512 1056 2575 id
1078 2533 1111 2575 se

161 2595 199 2657 ab
222 2597 298 2680 ipsis
320 2617 377 2683 per
399 2618 507 2661 eorum
529 2599 656 2661 nuntios
671 2607 864 2683 compertum
886 2595 1012 2676 habere,
1037 2617 1110 2682 quo·

159 2701 229 2742 rum
262 2681 398 2746 omnium
432 2684 565 2766 gratiam
593 2692 686 2768 atque
716 2682 883 2746 armcitiam
912 2683 979 2746 eius
1010 2689 1110 2746 morte

159 2765 313 2831 redimere
344 2779 460 2852 posset.
505 2766 598 2846 Quod
630 2768 658 2830 si
689 2767 887 2832 discessisset
915 2776 947 2830 et
977 2764 1110 2830 liberam

160 2852 390 2934 possessionem
406 2851 530 2916 Galliae
553 2851 613 2916 sibi
627 2851 815 2933 tradidisset,
837 2873 951 2936 magno
967 2873 1001 2914 se
1022 2849 1112 2914 illum

159 2937 298 3020 praemio
327 2948 598 3002 remuneraturum
627 2949 659 3002 et
687 2959 903 3023 quaecumque
931 2935 1016 3001 bella
1045 2938 1112 3022 geri

159 3020 255 3084 vellet
276 3026 343 3086 sine
366 3021 429 3088 ullo
452 3024 518 3086 eius
546 3021 654 3088 labore
676 3033 707 3086 et
728 3022 868 3108 periculo
891 3023 1110 3087 confectum.

223 3107 274 3170 45.
296 3107 396 3170 Multa
421 3109 461 3171 ab
485 3107 623 3190 Caesare
651 3109 684 3172 iu
714 3131 784 3172 eam
810 3109 999 3173 sententiam
1028 3107 1113 3172 dicta

161 3201 241 3275 sunt,
265 3214 360 3280 quare
382 3195 508 3278 negotio
539 3193 692 3258 desistere
723 3215 787 3258 non
816 3202 932 3278 posset,
957 3201 987 3256 et
1008 3214 1112 3279 neque

161 3298 250 3340 suam
271 3300 374 3363 neque
395 3277 503 3364 populi
523 3277 657 3342 Romani
678 3277 938 3343 consuetudinem
960 3278 1041 3363 pati,
1067 3279 1112 3342 uti

160 3363 276 3446 optime
298 3375 454 3428 merentes
477 3363 577 3427 socios
600 3362 768 3445 desereret,
793 3384 896 3450 neque
919 3385 952 3427 se
974 3362 1112 3428 iudicare

160 3446 298 3512 Galliam
319 3449 423 3526 potius
443 3471 516 3512 ,esse
538 3449 689 3514 Ariovisti
716 3465 810 3523 uuam
836 3447 944 3534 populi
966 3448 1111 3518 Romani.
