2534 3970
582 337 627 376 »ιη’
690 327 696 372 ξ’

448 301 807 544 (mitro-s,

499 477 765 560 uutvaaerrr
796 504 808 574 t

528 589 530 600 .
610 573 627 608 ς,
790 589 791 592 ¹

451 541 797 718 &norisius

441 907 477 975 e.
500 885 608 975 nnn
629 908 839 1002 esnensis

196 1044 298 1195 nn
350 1045 638 1192 nunno
692 1045 1085 1163 ernisto

350 1237 717 1305 COMMENTARIUS
743 1237 932 1302 PRIMUS.

578 1388 717 1396 »οη-

434 1491 845 1542 ARGUMENTUM.

162 1579 250 1630 Gallia
265 1579 397 1644 descripta
413 1583 532 1628 narratur
549 1577 645 1626 bellurn
662 1577 825 1627 Helvetioum
843 1594 864 1626 a
884 1579 974 1626 ΜΘ.
1005 1577 1120 1628 Helvetii

195 1649 223 1696 in
250 1647 362 1698 Galliam
386 1647 519 1711 migraturi
545 1647 654 1710 primum
679 1653 726 1710 per
752 1647 925 1710 provinciam,
953 1647 1047 1696 deinde
1074 1663 1120 1712 par

198 1716 334 1780 Sequanos
352 1716 401 1765 iter
418 1719 530 1776 tentant,
555 1714 601 1764 sed
626 1729 703 1778 quum
722 1713 822 1764 duobus
845 1715 951 1778 proeliis
974 1729 990 1762 a
1008 1715 1120 1764 Caesare

140 1785 143 1788 ’
195 1785 327 1850 profligati
345 1787 444 1844 essent,
468 1782 512 1848 qui
534 1788 654 1832 extante
678 1782 751 1832 clade
775 1788 939 1848 supererant,
962 1784 990 1830 in
1011 1783 1121 1846 patriam

197 1851 353 1918 relegantur.
388 1852 444 1900 Iam
461 1867 538 1916 quum
556 1851 588 1900 de
605 1850 745 1910 Ariovisto,
765 1850 951 1900 Germanorum
973 1863 1048 1916 rege,
1076 1851 1120 1915 qui

199 1925 254 1970 tum
272 1920 450 1984 Sequanorum
467 1935 557 1984 agrum
574 1919 710 1979 insidebat,
730 1918 799 1968 Galli
817 1919 887 1983 apud
905 1919 1042 1969 Caesarem
1059 1933 1120 1968 eon-

197 1994 365 2053 quererentur
378 2005 399 2038 e.
412 1989 520 2049 30-32‚
540 1987 748 2051 colloquiumque
766 2004 782 2036 a
799 2003 861 2052 rege
879 1989 1034 2053 denegatum
1052 1993 1121 2038 esset

198 2073 220 2106 c.
240 2059 281 2107 33.
300 2059 347 2118 34,
375 2056 471 2108 Caesar
494 2056 686 2122 componendae
714 2056 752 2104 rei
778 2055 879 2121 legatos
905 2057 939 2106 ad
961 2056 1120 2106 Ariovistum

198 2127 282 2186 mittit,
301 2126 347 2176 sed
365 2125 460 2176 frustra
478 2141 498 2174 a
518 2126 558 2173 35.
578 2127 619 2172 36.
655 2125 747 2188 ltaque
766 2123 862 2174 Caesar
887 2125 975 2189 copias
994 2123 1120 2174 adversus

199 2210 287 2260 regem
300 2193 385 2242 educit
397 2209 418 2242 o.
431 2195 477 2254 373
497 2209 574 2257 quum
585 2193 752 2257 trepidarent,
772 2193 888 2242 oratione
900 2193 1007 2242 militnm
1020 2193 1119 2242 animos

197 2261 332 2312 confimat
357 2277 379 2310 o.
406 2263 525 2310 39-41.
565 2261 729 2326 colloquium
756 2260 875 2310 Caesaris
902 2277 961 2310 oum
986 2260 1118 2311 Ariovisto

200 2331 385 2381 Germanorum
401 2331 500 2394 impetu
517 2330 642 2379 dirimitur
660 2346 681 2380 c.
700 2331 815 2390 42-46;
840 2345 918 2393 quum
936 2329 1020 2397 denuo
1040 2329 1120 2380 eollo·

198 2399 287 2463 quium
298 2415 344 2448 rex
356 2399 471 2464 petisset,
490 2398 559 2450 Galli
577 2398 610 2448 ad
628 2414 687 2448 eum
704 2396 832 2462 legantur,
850 2403 877 2446 at
888 2399 968 2448 vineti
979 2399 1121 2448 retinentur

198 2483 220 2518 c.
239 2469 280 2528 47,
300 2495 331 2504 —
349 2469 425 2532 proin
443 2467 519 2516 armis
537 2481 578 2516 res
596 2467 689 2532 agitur.
727 2466 847 2516 Germani
870 2467 1023 2532 gravissima
1047 2465 1121 2515 clade

200 2540 338 2601 acceptae
358 2535 443 2585 Gallia
460 2535 610 2600 profugiunt
628 2551 648 2584 c.
668 2535 778 2584 48-54.

234 2775 261 2836 l.
285 2772 391 2838 Gallia
407 2782 454 2837 est
470 2774 571 2838 omnis
587 2773 690 2837 divisa
712 2773 746 2837 in
761 2783 867 2858 partes
882 2783 963 2854 tres3
988 2795 1121 2858 quarum

163 2881 261 2924 unam
282 2857 425 2923 incolunt
446 2859 576 2944 Belgae,
601 2857 696 2922 aliam
718 2859 885 2944 Aquitani,
913 2859 1038 2921 tertiam
1068 2858 1122 2942 qui

162 2947 305 3031 ipsorum
326 2944 435 3030 lingua
458 2943 577 3026 Celtae,
600 2954 709 3009 nostra
731 2943 816 3008 Galli
840 2943 1048 3030 appellantur.
1078 2941 1122 3005 Hi

165 3051 275 3094 omnes
298 3029 422 3116 lingua,
452 3031 620 3110 institutis,
651 3029 776 3114 legibus
799 3031 882 3093 inter
904 3051 939 3093 se
963 3028 1121 3096 differunt·
1183 3029 1191 3036 ’

165 3113 285 3180 Gallos
300 3114 340 3179 ab
363 3115 531 3202 Aquitanis
552 3115 717 3179 Garumna
739 3114 866 3196 flumen,
890 3137 909 3178 a
930 3113 1040 3198 Belgis
1055 3113 1122 3178 Ma·

164 3209 258 3264 trona
280 3209 311 3264 et
333 3199 481 3290 Sequana
504 3201 624 3264 dividit.
659 3201 783 3264 Horum
799 3201 938 3264 omniurn
960 3199 1122 3264 fortissimi

165 3294 240 3350 sunt
253 3284 383 3372 Belgae,
398 3295 567 3372 propterea
582 3285 667 3370 quod
682 3309 701 3350 a
716 3285 802 3349 cultu
819 3295 913 3370 atque
928 3284 1122 3348 humanitate

164 3372 350 3456 provinciae
365 3371 549 3458 longissime
565 3371 688 3453 absunt,
704 3373 899 3456 minimeque
914 3371 954 3434 ad
971 3390 1024 3434 eos
1039 3391 1122 3431 mer-

165 3466 289 3522 catores
313 3479 408 3542 saepe
432 3466 609 3522 eommeant
632 3467 725 3541 atque
740 3461 803 3536 ea,
835 3477 919 3602 qupq
943 3455 983 3518 ad
1006 3453 1121 3517 effemi-
