2562 3966
404 182 539 322 COMlll.
562 185 741 332 Yssffi.
765 184 900 250 76-78.
1071 185 1131 250 183

169 353 399 440 neglexerunt,
429 377 490 421 nec
508 325 643 432 stillata
667 379 706 422 ac
726 358 913 454 temeritatq
939 380 961 421 v
1027 379 1049 422 a
1070 366 1126 422 aut

169 441 266 506 animi
290 439 507 506 imbecillitate
535 465 660 512 omnem
688 441 828 508 Galliam
845 465 931 528 -pros
947 465 1003 506 ern
1042 465 1061 506 e
1095 452 1127 508 et

168 535 342 612 perpetuae
364 528 509 592 servituti
524 527 691 608 subiicere.
792 551 868 636 qpo
903 531 915 546 “
963 528 1049 592 diem
1063 549 1128 592 non

168 620 339 694 venerrmt,
373 611 552 678 decorum
580 613 649 696 fide„
674 597 939 762 conpladtrqqqssqq
950 612 1129 678 dubitatis?

170 695 255 777 Quid
277 697 377 781 crgo?
413 697 572 763 Romanos
601 698 719 784 inillis
742 698 885 764 ulteriori
909 721 946 762 us
983 688 1129 764 munitio·

168 782 262 848 nibus
291 784 428 848 animine
455 793 552 848 causa*
580 780 719 870 quotidie
747 783 904 850 exerceri,
911 783 1058 870 putatis?
1096 782 1130 848 Si

167 867 292 934 illorum
320 869 438 932 nuntiis
466 870 660 936 confirmari'
674 891 738 935 non
766 871 899 956 potestis
932 871 1018 934 omni
1041 868 1130 933 {aditu

1140 769 1271 952 „ol

167 961 344 1040 praesepto,
370 939 420 1018 his
443 956 566 1023 utimini
587 955 720 1020 testibus
735 957 990 1056 appropinquare
1018 976 1128 1020 eorum
1221 979 1224 984 ·

168 1039 357 1122 adventum
390 1041 481 1106 cuius
503 1041 550 1105 rei
572 1039 684 1106 timore
707 1051 849 1106 exterrrtr
879 1041 964 1105 diem
990 1050 1129 1105 noctem·

190 1125 286 1190 usin
308 1147 403 1210 opere
424 1136 602 1199 versantur.
627 1125 713 1207 Quid
735 1148 810 1213 ergo
833 1128 897 1192 mei
919 1125 1043 1192 consilii
1059 1125 1129 1190 est?

167 1149 298 1292 lacere,
321 1210 407 1296 quod
426 1212 527 1276 nostri
549 1214 684 1277 maiores
717 1233 920 1312 nequaquam
947 1212 1017 1298 pari
1043 1209 1129 1277 bello

169 1295 368 1362 Cimbrorum
395 1295 636 1399 Teutonumque
667 1297 830 1380 fecerunt,
864 1320 919 1384 qm
951 1299 988 1360 in·
1013 1319 1053 1383 op
1077 1296 1131 1360 ida

168 1381 323 1467 compulsi
343 1403 382 1446 ac
403 1382 498 1446 simili
520 1384 628 1469 inopia
650 1382 774 1448 subacti
796 1405 907 1448 eorum
930 1319 1126 1468 corporibus,
1179 1403 1184 1422 ·

168 1469 223 1554 qui
244 1474 346 1532 aetate
367 1466 409 1534 ad
430 1465 550 1534 bellum
570 1467 699 1534 inutiles
721 1467 921 1551 videbantur,
960 1469 1060 1531 vitam
1081 1457 1198 1562 tolfiffl*
1217 1469 1229 1550 ,ζ

166 1552 474 1638 leraveruntneque
497 1576 532 1618 se
553 1553 697 1620 hostibus
725 1554 935 1619 tradiderunt.
959 1551 1058 1618 Cuius
1080 1553 1137 1617 rei'
1199 1545 1269 1589 ”¹⁶¹''⁴

167 1639 196 1704 si
217 1636 400 1723 exemplum
420 1661 485 1704 non
507 1638 707 1722 haberemus,
729 1648 837 1704 tamen
859 1638 1015 1702 libertatis
1031 1659 1131 1702 causa

167 1725 289 1788 mstitui
321 1731 353 1788 et
407 1726 518 1788 asteris
547 1726 640 1811 prodi
668 1724 918 1812 pulcherrimum
944 1723 1130 1800 iudicarem.

165 1809 248 1874 Nam
271 1808 347 1908 quid
374 1808 420 1872 ‘li
449 1809 550 1874 simile
565 1809 658 1904 besto
687 1810 767 1876 fuit?
795 1799 1128 1896 DepopulataGallia

168 1892 435 1979 Cimbri-magna
456 1891 537 1960 uest
578 1877 616 1960 'la
648 1875 826 1964 bdlamitate
861 1895 977 1960 finibus
1001 1892 1129 1980 quidem

165 1981 282 2044 nostris
305 1919 473 2066 aliquando
496 1980 701 2048 excesserunt
724 1992 818 2069 atque
841 1981 920 2046 alias
950 1991 1052 2044 terras
1074 2001 1129 2066 pe·

166 2067 301 2147 tierunt3
323 2066 403 2149 iura,
426 2065 524 2152 legeS,
548 2091 568 2131 a
589 2089 653 2151 ros,
676 2067 857 2132 libertatem
879 2065 972 2130 nobis
992 2063 1129 2151 relique-

165 2159 249 2216 runt.
270 2149 352 2237 Rom
397 2152 497 2217 'vero
513 2091 590 2239 quid
604 2176 644 2238 pe
703 2164 715 2218 t
735 2153 823 2218 aliud
844 2163 898 2216 aut
914 2151 991 2239 quid
1004 2149 1127 2232 volunt,

165 2237 229 2302 nisi
249 2229 371 2300 insidia
435 2236 536 2321 ducti,
560 2163 748 2388 quos'lffaeia
769 2237 894 2319 nobiles
917 2246 1127 2322 potentesque

165 2319 252 2388 bello
282 2331 531 2406 cognoverunt,=
556 2323 668 2390 hoium
712 2349 735 2388 n
768 2325 854 2410 agris
885 2321 1129 2407 civitatibusque

167 2407 334 2474 considere
356 2417 453 2494 atque
475 2407 525 2472 his
548 2419 710 2474 aeternam
726 2409 898 2494 'iniungere
921 2405 1129 2472 servitutem?
1180 2484 1186 2491 ν

166 2492 279 2579 Neque
311 2495 396 2558 enim
427 2492 493 2558 ulla
522 2492 586 2558 alia
619 2493 799 2560 conditione
835 2493 923 2578 bella
952 2503 1129 2578 gesserunt.

168 2577 263 2658 Quod
285 2579 313 2642 si
334 2600 380 2660 ea,
405 2600 486 2664 quae
509 2580 542 2642 in
564 2579 745 2668 longinquis
767 2578 950 2646 nationibus
965 2587 1128 2664 geruntur,

166 2664 330 2749 ignoratis,
406 2665 503 2765 piciq
524 2664 690 2732 finitimam
712 2665 865 2746 Galliam,
890 2641 1036 2750 quaesit
1056 2685 1128 2749 pro-

166 2750 257 2830 vinc'¹
323 2685 406 2850 pff
426 2745 465 2812 td
482 2761 555 2814 rure
580 2761 612 2816 et
637 2751 762 2836 legibus
786 2749 1126 2817 commutatis'sccuri-

165 2832 227 2898 bus
250 2847 287 2898 su
301 2813 359 2928 iq
395 2835 568 2920 'perpetua
589 2839 743 2922 premitur
765 2839 927 2902 servitute.
1034 2889 1039 2896 .

163 2923 204 2978 lx
233 2919 284 2984 78.
307 2918 480 2984 Sententiis
503 2921 594 2986 dictis
617 2925 828 3004 constituunt,
851 2931 886 2986 ut
907 2922 945 3002 ii,
969 2921 1023 3004 qui
1044 2918 1130 2982 vule-

165 3004 274 3070 tudinc
297 3014 351 3069 aut
365 3013 468 3070 aetate
480 3005 609 3088 inutiles
625 3018 699 3072 sunt
712 3007 808 3090 bello,
832 3007 947 3093 oppido
964 3004 1130 3086 excedant,

165 3100 262 3177 atque
284 3091 389 3156 omnia
410 3091 498 3175 prius
521 3095 744 3178 experiantur,
767 3115 862 3180 quam
890 3091 931 3154 ad
954 3089 1131 3174 Critognati

165 3177 356 3240 sententiam
382 3175 594 3242 descendant:
624 3177 679 3243 illo
702 3188 808 3242 tamen
834 3178 940 3263 potius
978 3175 1131 3240 utendum

164 3259 307 3340 oonsilio,
331 3263 359 3326 si
379 3284 434 3328 res
457 3273 551 3347 cogat
572 3273 667 3350 atque
689 3264 808 3328 similia
828 3270 1005 3342 morentur,
1036 3282 1131 3345 quam

165 3356 220 3410 aut
250 3345 419 3412 deditionis
457 3359 512 3412 aut
550 3351 638 3434 pacis
677 3347 875 3415 subeundam
908 3345 1130 3412 conditionem.

166 3429 350 3514 Mandubii,
389 3435 442 3520 qui
473 3454 527 3498 eos
555 3434 670 3520 oppido
693 3443 895 3520 receperant,
928 3453 1001 3496 cum
1022 3429 1132 3496 liberis
