2562 3966
378 190 712 304 conmunione.
736 237 870 300 eumue.
1040 239 1100 301 175

148 411 208 474 cim
223 408 310 472 milia
324 431 464 491 numero,
489 407 632 471 celeriter
646 410 815 471 convenire
827 409 927 488 iubet3
950 409 1101 492 peditatu,

138 487 143 494 ”
167 518 246 560 uem.
263 503 356 558 antea
377 493 538 574 habuerat,
563 516 596 556 se
611 492 678 556 fore
698 503 877 557 contentum
892 494 974 572 dicit,
998 515 1101 578 neque

148 519 303 659 dortunam
324 587 515 643 tentatmum
537 588 590 642 aut
618 581 651 640 in
678 580 745 642 acie
771 578 1007 660 dimicaturum‚'
1034 579 1099 661 sed,

148 667 296 752 quoniam
318 663 461 728 abundet
485 664 633 748 equitatu,
663 663 812 747 perfacile
842 685 912 726 esse
931 667 1016 728 factu
1037 664 1101 727 iru-

149 748 389 814 mentationibus
411 747 727 834 pabulationibusque
742 747 899 812 Romanos
920 748 1100 834 prohibere,

149 857 186 898 ae
209 856 249 898 uo
281 833 374 898 modo
406 835 509 897 animo
539 855 595 897 sua
622 835 684 918 ipsi
718 833 873 896 frumenta
901 841 1102 922 corrumpant

149 858 353 1004 aedificiaque
375 919 553 999 incendant,
577 940 639 1004 qua
652 919 699 982 rei
713 916 874 981 familiaris
889 920 1009 982 iactura
1031 941 1101 1004 per·

189 1013 274 1068 tuum
297 1005 462 1089 imperium
484 1001 723 1088 libertatemque
744 1023 777 1066 se
793 1005 940 1090 consequi
963 1003 1100 1068 videant.

181 1091 189 1106 ⁴
229 1090 404 1152 constitutis
425 1088 521 1153 rebus
533 1087 673 1151 Haeduis
686 1087 939 1174 Segusiauisque,
963 1090 1101 1174 quisunt

149 1174 269 1238 finitimi
298 1173 496 1258 provinciae,
527 1173 637 1236 decem
665 1173 752 1235 milia
779 1172 920 1258 peditum
947 1175 1101 1259 imperat3

149 1259 209 1323 huo
232 1258 319 1322 addit
341 1260 461 1344 equites
485 1260 689 1343 octingentos.
727 1257 786 1320 His
808 1259 951 1344 praeficit
972 1259 1101 1323 fratrem

148 1345 175 1406 Ε
198 1344 370 1427 oredorigis
403 1342 583 1428 bellumque
611 1343 720 1406 inferri
748 1342 974 1428 Allobrogibus
1003 1343 1100 1408 iubet.

189 1438 257 1493 tera
278 1451 318 1492 ex
340 1437 428 1514 parte
452 1427 589 1492 Gabalos
614 1429 837 1513 proximosque
886 1451 962 1512 agos
984 1428 1101 1493 Arver-

148 1536 259 1578 norum
288 1515 321 1576 in
351 1513 498 1592 Helvios,
531 1515 606 1576 item
635 1512 774 1578 Rutenos
805 1511 851 1576 Ca
873 1535 1027 1600 ursosque
1061 1513 1102 1579 ad

148 1599 226 1662 fines
252 1598 422 1662 Volcarum
450 1597 707 1662 Arecomicorum
733 1597 969 1685 depopulandos
997 1599 1106 1662 mittit·

148 1682 251 1748 Nihilo
284 1684 387 1746 minus
428 1682 629 1746 clandestinis
671 1683 789 1745 nuntiis
828 1681 1100 1770 legationibusque

148 1768 336 1853 Allobrogas
352 1767 507 1849 sollicitat,
522 1789 654 1854 quorum
666 1776 786 1830 mentes
801 1767 940 1832 nondum
955 1766 995 1830 ab
1011 1790 1101 1854 supe·

147 1854 229 1917 tiore
257 1853 340 1918 bello
368 1852 524 1917 resedisse
557 1851 714 1937 sperabat.
758 1853 879 1927 Horum
905 1853 1101 1938 principibus

108 2001 112 2010 ,
148 1939 306 2023 pecunias,
330 1939 448 2003 civitati
481 1947 585 2001 autem
613 1939 779 2022 imperium
801 1938 896 2001 totius
917 1939 1101 2023 provinciae

8 2015 26 2128 Γ
147 2023 319 2108 pollicetur.

208 2108 261 2172 65.
283 2107 335 2170 Ad
357 2107 416 2172 hos
436 2129 544 2172 omnes
567 2127 659 2170 casus
684 2109 812 2193 provisa
834 2117 924 2171 erant
945 2108 1102 2194 praesidia

147 2193 322 2258 cohortium
344 2192 476 2256 duarum
498 2203 530 2256 et
549 2193 671 2276 viginti,
695 2215 777 2278 quae
793 2214 834 2256 ex
847 2193 917 2277 ipsa
938 2195 1101 2278 provincia

147 2278 187 2342 ab
208 2279 307 2344 Lucio
330 2276 467 2341 Caesare
498 2275 602 2362 legato
632 2277 673 2340 ad
699 2299 808 2342 omnes
836 2289 943 2362 partes
966 2299 1101 2363 oppone·

148 2364 272 2427 bantur.
324 2361 433 2426 Helvii
468 2383 525 2426 sua
559 2384 572 2424 s
597 2361 668 2426 onte
703 2384 774 2425 cum
807 2363 946 2425 finitimis
981 2362 1101 2448 proelio

148 2448 309 2532 congressi
329 2447 489 2533 pelluntur
511 2455 542 2510 et
564 2383 644 2510 dato·
665 2446 790 2512 Valerio
801 2446 1017 2532 Donnotauro,
1042 2447 1101 2512 Oa·

148 2533 220 2596 huri
254 2532 332 2614 filio,
362 2533 504 2618 principe
541 2533 690 2614 civitatis,
725 2531 1000 2618 compluribusque
1031 2533 1100 2598 aliis

147 2617 318 2682 interfectis
339 2619 423 2680 intra
445 2616 560 2702 oppida
574 2639 612 2680 ac
625 2638 733 2682 muros
748 2617 984 2702 compelluntur.
1015 2619 1101 2682 Allo·

148 2704 261 2789 broges
298 2702 417 2766 crebris
452 2701 492 2766 ad
524 2701 710 2765 Rhodanum
743 2701 902 2786 dispositis
935 2703 1101 2788 praesidiis

147 2809 262 2872 magna
289 2810 361 2852 cum
391 2807 467 2850 cura
496 2797 527 2850 et
561 2786 724 2870 diligentia
755 2808 828 2849 suos
856 2787 936 2852 fines
965 2796 1099 2852 tuentur.

148 2869 276 2956 caesar,
299 2871 383 2960 quod
407 2872 514 2936 hostes
537 2872 675 2958 equitatu
697 2873 873 2957 superiores
895 2895 966 2938 esse
980 2873 1101 2938 intelle·

147 2957 241 3042 gebat
263 2966 295 3022 et
322 2955 500 3022 interclusis
530 2956 673 3021 omnibus
702 2956 867 3020 itineribus
896 2958 984 3022 nulla
1003 2981 1039 3023 re
1062 2979 1101 3023 ex

147 3043 310 3126 provincia
325 3051 419 3128 atque
433 3041 526 3105 Italia
541 3041 699 3105 sublevari
709 3050 841 3126 poterat,
856 3051 945 3107 trans
956 3041 1101 3108 Rhenum

146 3130 179 3190 in
201 3125 404 3192 Germaniam
425 3128 519 3189 mittit
541 3124 651 3190 adeas
667 3127 817 3208 civitates,
861 3151 918 3192 uas
935 3129 1101 3214 superiori·

147 3211 206 3275 bus
234 3215 325 3276 annis
353 3219 537 3297 pacaverat,
569 3213 752 3299 equitesque
779 3211 818 3276 ab
841 3149 894 3278 luis
917 3215 1048 3278 arcessit
1070 3220 1102 3278 et

148 3296 226 3362 levis
248 3305 425 3362 armaturae
446 3295 579 3382 pedites,
603 3296 660 3381 qni.
678 3297 761 3360 inter
782 3319 835 3362 eos
857 3299 1007 3384 proeliari
1027 3319 1100 3364 con·

148 3393 284 3448 suerent.
327 3381 447 3444 Eorum
468 3381 615 3462 adventu,
639 3381 723 3467 quod
744 3381 847 3446 minus
864 3384 989 3448 idoneis
1010 3405 1028 3448 e
1050 3385 1101 3448 uis

147 3467 329 3552 utebantur,
359 3487 378 3530 a
404 3465 537 3530 tribunis
565 3465 700 3530 militum
729 3465 921 3556 reliquisque
944 3406 1100 3554 equidhus
