2534 3970
166 200 209 266 80
422 199 484 264 DE
505 199 648 265 BELLO
671 199 863 287 stimmo

165 370 361 450 tenebantur,
384 371 563 456 quominus
578 373 611 433 in
626 371 762 435 eundem
782 381 909 456 portum
923 374 1032 436 venire
1046 395 1118 457 pos·

166 466 252 520 seut:
281 456 339 518 has
362 454 519 541 equitibus
542 455 709 520 distribuit
753 455 922 542 Reliquum
945 459 1117 522 exercitum

165 542 283 620 Quinto
306 541 428 604 Titurio
451 538 569 604 Sabino
593 549 624 604 et
645 541 743 604 Lucio
765 539 980 605 Aurunculeio
1004 541 1116 606 Cottae

164 624 276 712 legatis
298 627 331 689 in
352 625 516 710 Menapios
539 634 633 711 atque
654 627 687 690 in
710 648 764 689 eos
786 649 885 711 pagos
907 626 1113 710 Morinorum,

164 711 204 774 ab
228 711 341 798 quibus
364 710 498 773 adeum
521 709 617 795 legati
643 733 707 775 non
733 721 901 793 venerant,
936 711 1114 776 ducendum

164 795 269 878 dedit3
301 794 448 859 Publium
470 793 645 879 Sulpicium
666 795 782 860 Rufum
810 795 950 882 legatum
977 819 1047 860 cum
1078 819 1115 862 eo

162 880 336 966 praesidio,
367 879 452 967 quod
474 881 550 944 satis
578 903 649 945 esse
678 880 902 964 arbitrabatur,
924 891 1049 966 portum
1070 892 1115 946 te·

162 989 239 1030 nere
260 966 361 1030 iussit.

232 1051 284 1114 23.
326 1051 385 1113 His
419 1051 594 1116 constitutis
612 1050 727 1116 rebus
751 1060 864 1114 nactus
893 1051 1039 1116 idoneam
1074 1053 1116 1118 ad

161 1135 375 1221 navigandum
403 1144 623 1220 tempestatem
659 1137 753 1200 tertia
784 1137 849 1200 fere
878 1136 987 1222 vigilia
1021 1137 1115 1202 solvit

162 1223 347 1308 equitesque
368 1221 401 1283 in
423 1220 604 1285 ulteriorem
629 1231 753 1307 portum
780 1221 930 1306 progredi
956 1232 987 1295 et
1015 1244 1113 1288 naves

161 1305 373 1371 conscendere
394 1315 425 1369 et
447 1328 481 1368 se
497 1307 587 1392 sequi
600 1307 700 1370 iussit.
733 1305 763 1374 A
778 1303 891 1391 quinus
908 1307 1112 1393 quumpaulo

159 1391 279 1456 tardius
309 1399 393 1454 esset
422 1391 682 1473 administratum,
710 1391 778 1477 ipse
804 1392 883 1455 bora
905 1393 1030 1455 circiter
1052 1392 1115 1457 diei

180 1485 270 1541 uasta
292 1497 363 1540 eum
405 1477 494 1539 rimis
516 1475 650 1540 navibus
671 1477 869 1540 Britanniam
891 1477 994 1562 attigit
1019 1487 1113 1562 atque

158 1499 204 1625 ibi
235 1563 268 1624 in
297 1498 442 1625 omnibus
475 1560 607 1625 collibus
644 1563 803 1646 expositas
836 1561 973 1626 hostium
1005 1564 1112 1648 copias

158 1656 293 1710 armatas
309 1649 482 1732 conspexit.
507 1645 604 1710 Cuius
619 1645 681 1711 loci
695 1647 773 1710 baec
788 1651 856 1710 erat
873 1655 994 1730 natura,
1017 1658 1111 1734 atque

156 1733 202 1795 ita
222 1731 381 1797 montibus
403 1733 544 1816 angustis
559 1754 646 1796 mare
662 1731 889 1814 continebatur,
911 1733 957 1794 uti
973 1755 1015 1797 cx
1034 1732 1111 1796 locis

158 1818 370 1902 superioribus
396 1819 430 1880 in
458 1817 531 1880 litus
560 1816 656 1881 telum
685 1817 771 1902 adigi
792 1827 908 1902 posset
953 1817 1049 1881 Hunc
1071 1817 1112 1882 ad

157 1902 383 1988 egrediendum
404 1924 603 1988 nequaquam
632 1902 780 1966 idoneum
806 1902 910 1966 locum
932 1901 1109 1986 arbitratus,

157 1986 233 2052 dum
246 1986 387 2072 reliquae
401 2009 500 2051 naves
519 2009 557 2052 co
573 1988 785 2070 convenirent,
805 1987 846 2051 ad
867 1987 977 2052 horam
994 2011 1110 2052 nonam

155 2073 189 2135 in
218 2074 341 2136 ancoris
370 2073 578 2157 exspectavit
621 2072 749 2138 Interim
777 2072 889 2158 legatis
911 2073 1110 2158 tribunisque

154 2156 289 2220 militum
311 2159 491 2222 convocatis
518 2167 550 2221 et
572 2179 652 2244 quae
675 2181 717 2223 ex
743 2157 904 2222 Voluseno
933 2167 1109 2244 cognosset,

156 2251 187 2306 et
209 2263 289 2327 quae
310 2242 380 2307 fieri
400 2242 506 2324 vellet,
534 2242 670 2308 ostendit
690 2245 887 2329 monuitque,
906 2253 941 2307 ut
961 2245 1009 2307 rei
1030 2243 1109 2307 mili·

155 2329 230 2392 taris
251 2328 341 2409 ratio,
364 2329 501 2393 maxime
523 2337 557 2392 ut
577 2329 753 2392 maritimae
773 2351 826 2392 res
847 2327 1052 2412 postularent,
1075 2339 1110 2393 ut

155 2434 236 2498 quae
258 2411 393 2476 celerem
415 2423 509 2500 atque
530 2413 711 2478 instabilem
732 2423 852 2476 motum
873 2411 1037 2496 haberent,
1067 2413 1109 2478 ad

154 2506 265 2560 nutum
294 2506 325 2560 et
352 2496 394 2560 ad
421 2508 545 2584 tempus
575 2521 683 2564 omnes
711 2521 763 2562 res
786 2497 887 2562 abiis
910 2497 1107 2563 administra·

152 2592 272 2647 rentur.
305 2582 365 2645 His
388 2582 524 2648 dimissis
547 2593 580 2648 et
599 2593 729 2647 ventum
752 2593 784 2648 et
805 2593 926 2648 aestum
945 2607 1007 2648 uno
1030 2593 1107 2648 tem·

153 2689 230 2753 por-e
251 2677 363 2732 nactus
386 2668 560 2732 seeundum
582 2668 654 2734 dato
677 2670 767 2754 signo
791 2677 822 2732 et
836 2668 968 2732 sublatis
983 2671 1106 2734 ancoris

153 2754 277 2817 circiter
291 2752 384 2817 milia
405 2775 556 2838 passuum
579 2763 700 2839 septem
719 2753 813 2819 abeo
836 2753 906 2818 loco
920 2774 1106 2839 progressus
1218 2844 1219 2848 Ἰ
1240 2797 1242 2799 -

153 2848 261 2924 aperto
282 2860 321 2902 ac
342 2837 436 2922 plano
458 2837 549 2902 litore
565 2861 663 2903 naves
686 2841 854 2902 coustituit.
1031 2913 1033 2918 Ι

221 2923 274 2986 24.
318 2922 361 2985 At
392 2923 520 2987 barbari
560 2923 690 2989 consilio
722 2925 941 2991 ,Romanorum
979 2925 1104 3008 cognito

151 3030 322 3096 praemuso
357 3010 497 3092 equitatu
531 3022 564 3074 ct
601 3009 785 3092 essedariis,
825 3031 887 3095 quo
919 3007 1106 3094 plerumque

150 3116 268 3178 genere
289 3095 323 3156 in
344 3093 475 3178 proeliis¹
489 3097 535 3159 uti
550 3104 748 3176 consuerunt,
771 3093 830 3158 reli
853 3095 903 3157 uis
918 3115 955 3157 co
977 3093 1016 3156 iis
1032 3094 1105 3158 sub·

151 3181 251 3244 secuti
269 3186 396 3243 nostros
417 3180 552 3244 navibus
575 3179 684 3265 egredi
709 3116 929 3265 prohibdbant.
1003 3188 1036 3246 at
1064 3178 1104 3244 ob

150 3263 206 3329 bas
235 3284 349 3329 causas
379 3279 501 3329 summa
528 3264 709 3348 difficultas,
738 3264 822 3350 quod
849 3285 948 3329 naves
975 3274 1105 3350 propter

148 3349 397 3434 magnitudinem
423 3351 485 3414 nisi
515 3353 549 3417 in
581 3350 645 3415 alto
675 3351 822 3415 constitui
850 3371 915 3414 non
946 3358 1103 3434 poterant,

148 3434 300 3498 militibus
340 3443 445 3498 autem
476 3437 592 3522 ignotis
635 3434 729 3517 locis,
767 3435 925 3521 impeditis
956 3433 1103 3498 manibus

1253 3229 1258 3269 l

1243 3272 1255 3679 l
