2538 3978
373 220 507 286 oouu.
530 220 577 284 ru
601 194 693 286 one.
717 223 851 286 21-24.
1047 223 1088 288 ss

130 403 226 478 atque
249 415 320 456 eum
335 393 434 458 hostis
450 391 519 456 loco
541 391 719 457 habendum
737 394 943 476 existimabat,
956 393 1088 462 consilio

131 479 252 551 destitit
274 489 368 564 atque
391 499 428 542 eo
449 479 561 541 itinere
585 501 654 542 sese
677 480 798 542 avert't.

197 565 247 627 22.
269 563 399 628 Interim
409 562 486 628 Milo
502 563 639 626 dimissis
655 565 771 628 circam
783 565 954 650 municipia
964 563 1087 646 litteris,

131 673 179 731 ea,
204 672 283 736 quae
305 650 431 730 faceret,
454 650 541 712 iussu
556 658 651 734 atque
673 651 715 712 im
739 652 804 714 erio
826 651 931 714 facere
945 650 1087 736 Pompei,

133 757 215 822 quae
244 735 394 798 mandata
422 734 462 797 ad
491 757 525 798 se
578 757 611 797 er
640 673 814 800 Vibullium
843 734 948 800 delata
970 743 1085 822 essent,

52 890 56 895 ,
131 843 212 906 quos
235 843 370 884 exsere
400 820 503 884 alieno
531 757 675 884 laborare
697 819 918 902 arbitrabatur,
942 820 1086 886 sollicita-

130 905 194 970 bat.
217 906 312 991 Apud
335 927 412 990 quos
428 927 524 990 quum
545 905 700 990 prolicere
722 905 800 970 nihil
821 916 937 992 posset,
961 906 1087 990 quibus·

131 993 205 1055 dam
232 991 341 1055 solutis
371 990 538 1076 ergastulis
567 990 682 1055 Cosam
712 993 745 1054 in
773 1014 848 1076 agro
871 991 1011 1055 Thurino
1035 1014 1087 1076 op·

152 1099 272 1162 ugnare
295 1077 406 1162 coepit.
433 1075 481 1139 Eo
509 1099 605 1161 quum
628 1100 647 1140 a
669 1076 707 1154 Q.
730 1077 828 1140 Pedio
850 1087 994 1162 praetore
1017 1099 1088 1142 cum

130 1099 255 1248 legione
278 1210 408 1225 ......
431 1161 535 1246 lapide
558 1164 637 1226 ictus
659 1185 700 1225 cx
722 1185 812 1226 muro
828 1164 928 1248 periit.
951 1162 993 1226 Et
1009 1161 1088 1226 Coe·

130 1248 192 1312 lius
214 1247 386 1334 profectus,
409 1257 444 1310 ut
473 1247 650 1327 dictitabat,
674 1248 715 1312 ad
746 1247 916 1312 Caesarem
943 1247 1088 1334 pervenit

132 1334 278 1398 Thurios.
301 1334 366 1398 Ubi
395 1356 488 1418 quum
520 1333 672 1418 quosdam
702 1334 768 1396 eius
792 1335 953 1420 municipii
975 1331 1087 1398 sollici-

129 1429 213 1484 taret
241 1419 472 1518 equitibusque,
491 1417 636 1482 Caesaris
667 1418 767 1490 Gallis
801 1429 894 1505 atque
923 1419 1086 1505 Hispanis,

75 1535 79 1542 “
133 1507 187 1592 qui
209 1527 246 1570 eo
275 1503 427 1590 praesidii
453 1526 549 1569 causa
572 1506 663 1568 missi
686 1515 798 1586 erant„
811 1505 977 1590 pecuniam
998 1503 1087 1589 polli-

111 1598 264 1672 'ceretur,
288 1589 328 1654 ab
350 1590 400 1653 his
430 1600 478 1654 est
505 1589 698 1654 interfectus.
721 1590 771 1654 Ita
792 1611 978 1676 magnarum
999 1590 1088 1654 initia

130 1699 245 1758 rerum,
268 1698 349 1761 quae
372 1697 450 1740 occu
473 1677 576 1740 atione
598 1677 838 1762 magistratuum
861 1685 891 1738 et
912 1684 1088 1760 temporum

132 1761 297 1827 sollicitam
311 1759 435 1824 Italiam
449 1699 618 1842 debebant,
635 1760 769 1826 celerem
786 1771 817 1826 et
831 1760 955 1826 facilem
967 1761 1087 1825 exitum

130 1847 317 1912 habuersmt.
689 1919 692 1924 Ι

195 1933 246 1996 23.
268 1931 349 1996 Libo
385 1932 545 2018 profectus
579 1931 618 1995 ab
656 1931 750 2006 Orico
788 1951 859 1996 cum
891 1928 1002 2013 classe,
1036 1931 1088 1996 elsi

130 2028 298 2106 praeerat,
315 2020 444 2082 navium
472 2025 506 2098 L,
536 2017 740 2082 Brundisium
766 2019 853 2084 venit
879 2016 1087 2102 insulamque,

131 2113 336 2192 quaccontra
373 2113 474 2168 ortum
491 2103 719 2174 Brundisinum
734 2113 790 2187 est,
813 2105 987 2188 occupavit,
1004 2101 1088 2188 quod

130 2199 293 2277 praestare
316 2127 528 2254 arbitrabatur
549 2211 647 2254 unum
666 2189 779 2270 locum,
804 2211 867 2288 qua
887 2190 1087 2254 necessarius

129 2279 245 2343 nostris
268 2285 337 2340 erat
358 2297 515 2362 egressus,
544 2297 638 2362 quam
667 2278 772 2338 omnia
800 2274 892 2340 htora
919 2296 956 2338 ac
977 2282 1088 2358 portus

130 2360 275 2427 custodia
289 2361 413 2425 clausos
440 2362 551 2425 teneri.
574 2359 638 2424 Hic
658 2383 693 2425 re
716 2362 822 2425 entino
837 2359 975 2424 adventu
990 2381 1088 2424 naves

131 2448 291 2512 onerarias
328 2445 460 2510 nasdam
474 2456 585 2510 nactus
600 2384 740 2511 incendit
763 2456 794 2510 et
815 2468 909 2510 unam
922 2445 1087 2508 *frumento

130 2542 276 2597 onustam
298 2471 430 2596 abduxit
449 2555 661 2618 magnumque
682 2533 798 2596 nostris
813 2542 966 2596 terrorem
981 2531 1090 2594 iniecit

133 2632 165 2682 et
186 2628 281 2683 noctu
302 2617 454 2682 militibus
484 2639 522 2681 ac
544 2619 713 2702 sagittariis
743 2619 914 2694 interram
936 2616 1087 2701 expositis

130 2703 322 2790 praesidium
337 2705 476 2788 equitum
491 2703 605 2768 deiecit
627 2712 657 2766 et
672 2703 751 2768 adeo
773 2703 834 2767 loci
857 2704 1087 2788 opportunitate

131 2788 278 2874 profecit,
307 2790 351 2852 uti
380 2789 422 2852 ad
450 2789 635 2874 Pompeium
662 2787 782 2852 litteras
811 2789 964 2870 mitteret,
987 2808 1086 2851 naves

130 2874 280 2960 reliquas,
315 2876 342 2938 si
373 2873 479 2956 vellet,
515 2873 648 2939 subduci
681 2883 712 2938 et
744 2873 832 2938 refici
860 2872 998 2938 iuberet:
1030 2893 1087 2935 sua

132 2959 236 3023 classe
258 2959 375 3023 auxilia
396 2981 467 3023 sese
490 2959 638 3024 Caesaris
660 2959 900 3044 prohibibuum.

193 3045 245 3108 24.
266 3045 345 3109 Erat
380 3067 417 3108 eo
453 3053 595 3129 tempore
630 3043 788 3110 Antonius
823 3043 999 3123 Brundisii;
1036 3050 1089 3120 qui

130 3131 245 3194 virtute
267 3130 400 3194 militum
431 3131 567 3195 confisus
597 3129 730 3216 scaphas
753 3131 882 3193 navimn
903 3149 1087 3214 magnarum

131 3216 255 3280 circiter
276 3223 322 3276 LX
343 3215 480 3280 cratibus
496 3213 673 3301 pluteisque
689 3216 829 3280 contexit
851 3235 950 3300 eoque
972 3212 1087 3276 milites

131 3301 268 3366 delectos
295 3303 443 3387 imposuit
471 3311 566 3386 atque
597 3322 649 3364 eas
672 3302 705 3364 in
727 3301 817 3366 litore
844 3299 987 3385 pluribus
1009 3297 1087 3362 locis

132 3389 302 3470 separatim
335 3387 488 3472 disposuit
521 3407 684 3472 navesque
705 3388 851 3450 triremes
885 3385 973 3466 duas,
1010 3405 1088 3470 quas

131 3470 291 3561 Brundisii
310 3472 472 3536 faciendas
502 3479 675 3544 curaverat,
705 3485 763 3557 per
792 3492 919 3534 causam
941 3491 1088 3536 exercen-
