2562 3970
198 241 290 307 rior
543 239 800 305 saumario.

191 421 414 494 ‘coadunarent
453 413 560 478 addito
595 422 702 476 tamen
733 409 929 496 corruptelae
958 409 1049 496 signo
1080 417 1155 474 ante
1227 452 1234 459 -

197 508 321 565 mandem
347 521 478 565 cursum.

262 599 297 666 O.
321 601 361 665 72
384 599 467 666 edidi
491 602 532 666 ad
553 599 649 666 fidem
672 599 762 664 codd·
785 599 884 662 Paris.
916 619 980 662 sec.
1002 587 1036 660 et
1057 596 1153 663 Vind

193 707 243 772 pr.
268 695 406 768 quotiens
434 695 481 751 vet
510 692 625 753 diecto
653 692 749 751 vitio
779 683 832 748 vel
855 691 970 766 calpa
999 691 1155 762 tribuni

193 779 228 856 liu
254 778 389 837 exercitu
413 785 492 838 esset
520 781 675 854 offensum.
713 771 763 850 (N.
787 780 818 835 et
844 768 956 854 vulgo:
987 776 1035 833 ael
1061 776 1154 851 culpa

196 863 354 922 ductavit
375 865 491 922 tribuni
511 867 607 937 vitio.)
1075 867 1079 872 '

256 941 471 1007 Novissimum
493 965 520 1008 o.
544 944 584 1008 73
607 943 802 1007 enuntiatum
824 942 870 1004 ita
885 941 937 1004 edi
952 938 1048 1004 solet:
1066 945 1156 1018 Quod

194 1035 225 1090 si
246 1041 326 1093 esset
343 1035 465 1109 factum,
490 1035 738 1094 detrimentorum
755 1033 862 1111 bonum
881 1039 1022 1102 verteret,
1046 1033 1091 1089 uti
1112 1031 1155 1089 ad

197 1118 376 1192 Gergoviam
399 1122 578 1192 cecidisset,
602 1128 691 1194 atque
714 1120 757 1190 ei,
789 1119 842 1192 qui
863 1125 931 1174 ante
947 1119 1091 1174 dimicare
1117 1119 1153 1175 tr·-

193 1205 349 1281 muissent,
366 1207 445 1264 uitro
469 1223 501 1263 se
519 1207 640 1282 proelio
664 1207 817 1280 offerrent.
846 1195 938 1260 Haec
959 1207 1045 1260 recte
1068 1195 1154 1262 dicta

194 1304 276 1365 esse,
299 1299 365 1348 non·
385 1286 459 1351 item
483 1285 612 1351 defensa
637 1283 828 1370 Nipperdeio
850 1281 1050 1360 videbantur,
1078 1304 1153 1370 qua·

193 1380 326 1453 propter
350 1369 459 1434 laudat
484 1371 639 1456 Madvigii
662 1370 702 1432 ad
725 1367 792 1434 Cic.
816 1367 845 1430 d.
869 1366 924 1429 fin.
947 1365 1009 1449 Ill,
1038 1367 1087 1450 15,
1110 1367 1154 1431 50

194 1456 447 1538 annotationem,
477 1455 532 1522 ubi
561 1457 712 1520 monitum
743 1455 798 1536 sit,
825 1453 894 1516 fieri
915 1475 1153 1553 nonnumquam
1260 1465 1261 1506 ὲ

105 1595 106 1598 ,
193 1548 229 1602 ut
251 1539 381 1628 obliqua
402 1543 501 1605 oratio
524 1541 694 1605 indicativo
711 1541 850 1604 directae
869 1539 902 1600 in
918 1539 1153 1602 coniunctrvum

192 1635 312 1690 mutato
336 1627 577 1710 significaretur.
615 1625 681 1690 Sed
702 1625 764 1689 loci
793 1624 1011 1705 Ciceroniani,
1035 1623 1153 1710 quibus

193 1709 227 1773 id
249 1711 411 1796 probetur,
434 1720 489 1774 aut
509 1714 553 1775 ita
576 1712 747 1796 comparati
770 1719 856 1790 sunt,
880 1719 915 1772 ut
937 1710 1032 1772 etiam
1055 1731 1153 1796 quum

192 1797 369 1862 orationem
392 1797 543 1862 directam
559 1797 717 1880 fingimus,
740 1795 1002 1866 coniunctivo‘uti
1017 1815 1153 1858 necesse

193 1881 291 1964 siti),
322 1891 376 1946 aut
402 1884 463 1962 ita,
491 1890 526 1944 ut
548 1881 653 1944 aliena
676 1880 857 1966 etquidem
880 1881 1036 1964 copiosior
1058 1902 1152 1965 argu-

192 1968 344 2032 mentatio
360 1966 524 2032 reddenda
535 1967 629 2030 suerit
640 1989 679 2031 ea
693 1966 865 2031 verborum
884 1967 999 2049 specie,
1015 1987 1096 2050 quae
1108 1964 1151 2028 ad

191 2053 294 2135 ipsam
310 2075 372 2138 qua
385 2053 522 2137 primum
536 2052 661 2138 prolata
677 2063 725 2116 est
740 2053 889 2116 orationis
904 2051 1038 2114 formam
1054 2071 1148 2136 quam

191 2140 336 2220 proxime
359 2137 498 2223 accedat,
521 2141 565 2202 ita
586 2147 621 2201 ut
650 2146 681 2202 et
709 2137 818 2202 eadem
841 2146 1018 2221 temporum
1041 2134 1149 2198 condi-

191 2221 236 2288 tio
268 2232 393 2287 servata
423 2225 462 2286 sit
490 2232 586 2308 atque
613 2225 646 2287 in
675 2222 835 2308 praesenti
865 2223 1149 2308 argumentatione,

191 2316 364 2374 statuturo
387 2310 603 2392 coniunctium,
627 2331 689 2394 quo
712 2307 779 2373 solo
802 2307 938 2370 alienam
961 2308 1153 2370 sententiam

190 2393 326 2478 proferri
349 2393 553 2478 significatur,
575 2397 645 2480 ipsa
667 2394 788 2458 directa
810 2394 909 2456 oratio
931 2389 1152 2478 procedat**).

201 2511 355 2526 “PH-'’3—

160 2563 162 2567 ’
244 2563 269 2628 *)
288 2565 311 2616 d.
331 2565 371 2615 off.
389 2567 410 2628 l,
428 2569 469 2628 44,
490 2569 551 2618 158:
568 2567 653 2628 ‚Quod
671 2566 693 2615 si
712 2564 796 2614 omnia
813 2565 901 2626 nobis,
920 2581 986 2628 quae
1004 2562 1038 2612 ad
1054 2564 1153 2614 victum

192 2632 341 2702 columque
359 2636 495 2700 pertinent,
514 2636 588 2700 quasi
611 2633 712 2698 virgula
734 2633 834 2694 divina,
852 2639 881 2682 ut
898 2633 980 2694 aiunt,
999 2631 1150 2696 suppedita-

190 2707 293 2770 rentur,
312 2708 377 2754 tum
402 2705 497 2770 optimo
516 2705 624 2770 quisque
646 2701 749 2768 ingenio
772 2702 882 2765 negotiis
907 2701 1024 2750 omnibus
1048 2700 1152 2752 omissis

190 2773 274 2819 toturn
292 2787 320 2820 se
338 2773 364 2822 in
383 2773 527 2838 cognitione
538 2777 564 2820 et
578 2771 685 2820 scientia
701 2785 736 2818 co
747 2769 769 2818 ll
778 2786 792 2820 o
801 2773 907 2820 caret‘
918 2769 980 2836 (turn
991 2775 1016 2818 et
1029 2767 1153 2832 Orellius,

190 2840 410 2891 consentientibus
427 2845 456 2890 ut
473 2841 574 2888 videtur
595 2837 666 2888 libris
690 2839 780 2900 edidit,
800 2845 825 2888 et
842 2839 999 2903 repetierunt
1017 2836 1151 2886 novissimi

190 2905 302 2958 editores
320 2911 453 2976 Ungerus,
471 2907 593 2967 Heinius;
613 2907 701 2958 nescio
719 2907 789 2958 uude
805 2907 952 2972 Madvigius
972 2912 997 2956 et
1019 2906 1152 2956 Kranerus

189 2973 217 3024 in
239 2983 324 3027 annot.
349 2979 381 3026 ad
405 2977 522 3026 Caesaris
546 2975 631 3024 locum
653 2991 744 3024 vocem
768 2981 852 3025 tamen
876 2973 1037 3038 roceperint.)
1062 3001 1094 3010 -
1119 2973 1152 3024 de

190 3049 242 3093 nat
262 3045 330 3095 deor.
348 3046 369 3108 Ι,
387 3047 428 3107 44,
445 3047 507 3096 123:
524 3044 624 3105 ,Verius
642 3050 682 3094 est
699 3044 776 3109 igitur
793 3044 912 3094 nimirum
928 3043 1007 3104 illud,
1026 3041 1095 3106 quod
1112 3041 1151 3091 ia·

190 3112 295 3168 miliario
315 3115 426 3166 omnium
444 3119 559 3165 nostrum
575 3112 729 3162 Posidonius
749 3113 868 3162 disseruit
885 3113 912 3160 in
926 3110 992 3160 libro
1012 3111 1100 3175 quinto
1119 3109 1151 3160 de

191 3189 283 3246 natura
301 3182 415 3244 deorum,
433 3181 518 3232 nullos
538 3196 595 3230 esse
615 3181 676 3232 deos
695 3181 807 3246 Epicuro
828 3181 923 3241 videri,
943 3194 1060 3246 quaeque
1078 3179 1100 3230 is
1119 3177 1151 3228 de

191 3250 241 3300 diis
265 3249 450 3302 immortalibus
474 3249 582 3311 dixerit,
603 3250 715 3299 invidiae
745 3248 910 3299 detestandae
935 3249 1018 3312 gratia
1041 3247 1151 3299 dixisse:

190 3333 277 3384 neque
297 3320 364 3368 enim
381 3324 433 3369 tam
443 3319 571 3383 desipiens
587 3318 600 3366 s
603 3319 722 3381 uisset,
740 3322 771 3367 ut
786 3315 933 3367 homunculi
952 3315 1059 3365 similem
1074 3315 1152 3364 deum

188 3385 298 3452 fingeret
321 3391 390 3439 eett‘
416 3389 531 3451 Utroque
552 3386 609 3436 luco
634 3387 667 3438 ob
692 3401 796 3438 causam
823 3401 901 3452 supra
927 3390 1151 3436 commemoratam

189 3455 382 3510 coniunctium
401 3455 542 3510 adhibitum
560 3471 631 3517 esse,
649 3460 727 3520 patet.

241 3520 281 3582 **)
300 3523 331 3572 de
349 3523 384 3573 fin
401 3525 448 3586 ΙΙΙ,
468 3525 499 3574 1⁶
517 3524 576 3574 inde
594 3525 626 3576 ab
645 3527 668 3587 ᾗ.
687 3526 720 3574 49
738 3523 863 3588 Diogenis
882 3522 914 3572 de
933 3521 1028 3572 divitiis
1048 3526 1149 3571 senten·
