2562 3970
460 217 594 282 OOMM.
616 217 787 281 133-35.
1055 214 1092 280 21

146 393 200 476 qui
220 388 303 453 hanc
324 410 392 452 rem
412 387 567 452 distrahat
580 387 780 474 reliquasque
794 409 861 470 res,
884 407 1097 536 quascumrplte

146 497 241 558 agere
272 475 449 554 instituerit,
485 474 645 555 impediat.
679 472 776 538 Cuius
808 477 933 558 cognito
966 473 1054 538 censi
1069 473 1097 537 ὀ

147 558 265 624 Caesar
278 559 394 622 frustra
407 558 518 622 diebus
533 559 652 659 aliquot
666 559 865 644 consumptis,
887 582 928 623 ne
943 559 1097 644 reliquum

146 654 270 730 tempus
292 644 421 726 amittat,
441 643 563 708 infectis
585 646 633 726 ris,
657 651 737 731 quae
800 665 854 706 ere
875 643 1095 726 destinaverat,

147 728 187 792 ab
220 729 298 793 urbe
326 729 534 815 proficiscitur
565 739 658 816 atque
689 730 723 792 in
755 666 1096 794 iillefiorem.Galliam

170 815 299 878 ervenit.
724 863 726 866 -

146 835 169 900 P
209 899 260 963 34.
283 897 353 979 Quo
370 921 465 986 quum
479 901 626 982 venisset,
643 901 804 986 cognoscit
821 901 951 964 missum
966 923 992 964 a.
1006 900 1096 964 Pom-

168 986 217 1049 eio
249 984 423 1048 Vibullium
455 983 580 1065 Rufum,
614 1008 707 1072 quem
738 987 846 1070 paucis
879 995 952 1050 ante
985 985 1097 1050 diebus

145 1007 284 1136 bertinio
307 1079 433 1155 captum
453 1072 522 1156 ipse
544 1071 721 1154 dimiserat3
741 1071 915 1156 profectum
935 1073 1011 1134 item
1031 1070 1097 1136 Do·

89 1231 95 1240 ,
143 1157 266 1219 mitium
288 1155 329 1219 ad
357 1156 570 1241 occupandam
594 1156 768 1220 Massiliam
795 1158 928 1221 navibus
950 1157 1097 1220 actuariis

142 1250 275 1326 septem,
303 1250 381 1327 quas
409 1239 482 1327 Igili
504 1251 535 1305 et
562 1243 596 1306 in
625 1241 750 1306 Cosano
778 1243 949 1327 aprivatis
972 1251 1097 1306 coactas

144 1327 254 1407 servis,
276 1325 407 1408 libertis,
430 1326 548 1391 colonis
569 1327 633 1390 suis
655 1326 886 1413 compleveram
908 1329 1101 1412 praemissos

144 1411 238 1474 etiam
267 1412 391 1496 legatos
422 1411 800 1498 Massiliensesdomum,
839 1413 967 1478 nobiles
994 1412 1097 1478 adole-

143 1507 276 1578 scentes,
300 1519 378 1583 quos
401 1496 441 1560 ab
469 1496 550 1561 urbe
578 1497 743 1562 discedens
769 1498 935 1584 Pompeius
958 1507 1024 1562 erat
1045 1496 1098 1562 ad·

144 1582 294 1664 hortatus,
323 1605 364 1646 ne
392 1603 476 1646 nova
505 1581 651 1647 Caesaris
679 1584 783 1648 officia
803 1599 948 1648 veterum
969 1605 1098 1647 suorum

144 1666 369 1733 beneficiorum
389 1670 423 1732 in
451 1689 505 1732 ees
533 1669 716 1734 memoriam
738 1668 941 1754 expellerent.
974 1668 1098 1747 Quibus
1147 1716 1149 1725 .

144 1753 299 1816 mandatis
329 1757 465 1838 acceptis
492 1753 705 1819 Massilienses
726 1763 833 1839 portas
861 1753 993 1819 Caesari
1014 1753 1097 1817 clau-

145 1848 265 1921 serant3
287 1838 426 1920 Albicos,
449 1837 600 1905 barbaros
620 1840 772 1915 homines,
789 1840 842 1925 qui
863 1841 896 1904 in
911 1862 1022 1904 eorum
1034 1839 1097 1904 fide

145 1924 314 2009 antiquitus
336 1935 425 1988 erant
451 1935 573 1989 montes
597 1947 636 1989 ne
666 1947 761 2010 supra
787 1925 960 1990 Massiliam
980 1924 1097 1990 incole-

144 2008 231 2092 bant,
247 2010 335 2074 adse
356 2020 563 2093 vocaverant;
612 2022 771 2098 umentum
786 2008 828 2074 ex
848 2011 986 2074 finitimis
997 2012 1097 2096 regio.-

144 2093 237 2158 nibus
266 2106 359 2182 atque
389 2119 430 2160 ex
458 2096 603 2160 omnibus
633 2095 774 2160 castellis
790 2098 824 2160 in
852 2097 963 2161 urbem
985 2109 1097 2162 conve

144 2193 273 2262 xerant;
289 2203 447 2245 armorum
459 2183 599 2246 officinas
611 2183 644 2246 in
654 2181 732 2246 urbe
752 2184 967 2265 instituerant3
979 2204 1097 2264 muros,

145 2275 261 2352 portas,
285 2265 419 2332 classem
445 2266 638 2334 reficiebant.

208 2352 258 2415 35.
282 2351 403 2416 Evocat
428 2353 470 2417 ad
499 2369 533 2416 se
561 2352 681 2417 Caesar
709 2353 852 2416 Massilia
877 2360 929 2414 XV
956 2354 1095 2438 primos,

145 2459 217 2501 cum
239 2442 308 2523 quis
331 2439 404 2522 agit,
434 2461 475 2502 ne
496 2439 619 2502 initium
641 2439 798 2502 inferendi
826 2438 903 2503 belli
924 2437 964 2502 ab
986 2439 1097 2502 Massi·

144 2521 296 2586 liensibus
319 2525 452 2588 oriatur:
476 2523 591 2600 debere
607 2546 661 2587 ecs
682 2524 793 2588 Italiae
814 2526 909 2588 totius
931 2526 1097 2588 auctorita

145 2617 208 2670 tem
244 2611 334 2694 sequi
368 2611 481 2694 potius,
519 2632 613 2694 quam
648 2612 740 2674 unius
777 2609 910 2674 heminis
945 2609 1100 2674 voluntati

146 2692 370 2779 obtemperare.
383 2693 524 2780 Reliqua,
538 2717 619 2781 quae
634 2696 675 2759 ad
685 2717 794 2760 eorum
805 2695 964 2760 sanandas
975 2705 1098 2760 mentes

168 2780 303 2843 ertinere
318 2780 539 2861 arbitrabatur,
556 2790 787 2846 commemorat.
812 2780 909 2846 (iuius
925 2780 1099 2845 orationem

145 2799 241 2950 legati
263 2865 390 2929 domum
411 2865 550 2930 referunt
565 2875 658 2952 atque
681 2889 722 2930 ex
737 2867 919 2930 auctoritate
930 2865 1009 2929 haec
1021 2864 1098 2929 an-

145 2951 208 3012 sari
229 2951 425 3015 renuntiant:
445 2949 635 3035 Intellegere
651 2973 684 3014 se
700 2952 834 3015 divisum
856 2956 926 3014 esse
947 2949 1098 3050 populum

144 3031 319 3100 Romanum
347 3038 380 3099 in
409 3035 487 3099 duas
515 3045 632 3122 partes.
661 3036 772 3122 Neque
795 3037 843 3099 sui
864 3035 973 3100 iudicii
993 3057 1097 3120 neque

145 3142 272 3184 suarum
301 3143 371 3186 esse
400 3121 514 3184 virium
535 3122 725 3204 discernere,
748 3131 821 3186 utra
840 3143 916 3206 pars
937 3122 1099 3186 iustiorem

145 3204 260 3269 habeat
282 3227 419 3271 causam.
448 3205 611 3292 Principes
632 3229 709 3272 vero
732 3229 801 3274 esse
831 3227 938 3270 earum
963 3208 1099 3291 partium

146 3289 204 3355 On.
233 3291 417 3378 Pompeium
444 3300 476 3355 et
504 3291 539 3358 O.
571 3291 750 3374 Gaesarem,
777 3301 924 3378 patrones
947 3291 1099 3372 civitatis,

146 3397 278 3462 quorum
300 3377 380 3442 alter
401 3398 493 3463 agros
516 3376 685 3440 Volcarum
699 3377 956 3442 Arecomicorum
978 3386 1009 3440 et
1022 3374 1098 3439 Hel-

145 3462 269 3527 viorum
289 3463 414 3547 publice
430 3465 469 3527 iis
484 3463 685 3546 concesserit,
710 3463 790 3528 alter
810 3461 895 3526 bello
917 3465 1016 3526 victos
1032 3457 1099 3525 Sal·
