2562 3966
193 234 254 299 156
444 237 506 304 DE
527 236 671 304 BELLO
694 236 885 304 GALLIOO

189 407 341 473 victoriae
361 409 570 496 perciperent,
600 411 649 492 iis,
674 411 728 498 qui
758 410 852 496 primi
880 431 1004 474 minum
1033 431 1143 492 ascen·

189 491 318 576 dissent,
340 497 484 580 praemia
507 496 672 581 proposuit
706 495 921 582 militibusque
943 497 1068 578 signum
1090 494 1144 558 de·

189 577 243 642 dit.
292 577 344 643 Illi
376 579 478 644 subito
507 603 549 646 ex
578 580 723 646 omnibus
762 579 904 667 partibus
938 577 1145 646 evolaverunt

189 685 375 749 murumque
397 665 542 730 celeriter
563 663 811 752 compleverunt.
942 681 943 684 ’

251 748 303 812 28.
332 749 450 814 Hostes
471 773 506 814 re
527 773 611 816 nova
635 753 793 837 perterriti
821 773 911 816 muro
940 750 1144 836 turribusque

189 832 304 898 deiecti
324 833 358 898 in
380 835 447 900 foro
470 857 509 900 ac
529 835 607 901 locis
629 836 854 922 patentioribus
884 838 1055 900 cuneatim
1071 857 1144 901 con-

189 920 352 1002 stiterunt,
382 920 443 984 boc
464 923 582 1004 animo,
619 932 666 1003 ut,
701 923 729 986 si
758 945 821 1008 qua
842 944 883 985 ex
904 931 994 1007 parte
1016 921 1144 987 obviam

189 1013 298 1069 contra
318 1006 493 1089 veniretur,
517 1009 584 1072 acie
619 1009 773 1072 instructa
809 1006 1035 1093 depugnarent.
1079 1005 1144 1071 Ubi

188 1090 345 1154 neminem
369 1091 402 1154 in
424 1114 559 1178 aequum
582 1091 685 1157 locum
707 1115 778 1157 sese
801 1092 976 1174 demittere,
999 1091 1056 1156 sed
1077 1101 1143 1156 toto

188 1174 326 1261 undique
347 1197 436 1240 muro
459 1177 667 1242 circumfundi
688 1177 843 1261 viderunt,
858 1180 960 1259 veriti,
982 1201 1023 1243 ne
1046 1179 1143 1243 omni·

188 1282 229 1324 no
244 1281 317 1345 spes
334 1259 427 1346 bigae
442 1261 614 1345 tolleretur,
637 1262 768 1327 abiectis
783 1265 879 1326 armis
894 1263 1020 1328 ultimas
1036 1263 1144 1349 oppidi

188 1354 294 1430 pertas
309 1348 481 1412 continenti
496 1350 614 1433 impetu
627 1349 816 1436 petiverunt,
828 1370 965 1435 parsque
979 1349 1033 1432 ibi,
1046 1373 1144 1436 quum

189 1439 322 1515 angusto
345 1433 433 1496 exitu
458 1445 621 1518 portarum
649 1457 684 1498 se
712 1435 773 1519 ipsi
817 1444 990 1519 remerent,
1023 1457 1044 1498 a
1064 1435 1143 1498 mili-

187 1514 281 1598 tibus,
303 1537 377 1603 pars
399 1518 462 1580 iam
492 1540 620 1602 egressa
646 1522 744 1606 portis
774 1458 816 1583 ab
848 1521 1005 1605 equitibus
1028 1530 1076 1585 est
1096 1521 1143 1585 in-

187 1600 329 1664 terfecta.
373 1602 440 1666 Nec
472 1604 530 1668 fuit
551 1607 727 1692 quisquam,
758 1607 812 1692 qui
833 1606 970 1692 praedae
993 1607 1142 1672 studeret.

187 1685 241 1750 Sic
274 1696 305 1751 et
332 1685 457 1752 Genabi
484 1689 580 1754 caede
614 1701 647 1754 et
673 1689 782 1755 labore
805 1694 909 1776 operis
936 1693 1057 1757 incitati
1078 1714 1143 1757 non

123 1771 125 1776 ’
187 1780 289 1837 aetate
312 1774 470 1855 confectis,
493 1798 557 1840 non
579 1775 780 1858 mulieribus,
810 1799 874 1843 non
895 1778 1067 1850 infantibus
1089 1801 1142 1864 pe·

185 1866 363 1942 percerunt.
407 1859 554 1946 Denique
577 1883 617 1924 cx
640 1863 724 1924 omni
745 1884 893 1946 numero,
924 1865 977 1949 qui
1005 1864 1064 1929 fuit
1084 1865 1143 1928 cir·

187 1943 265 2007 citer
285 1943 406 2008 milium
428 1951 483 2026 XL,
506 1947 562 2010 vix
578 1951 675 2028 DCCC,
720 1948 753 2010 ui
767 1949 867 2032 primo
883 1948 1021 2015 clamore
1036 1949 1143 2016 audito

188 2051 222 2092 se
244 2050 285 2092 ex
307 2029 420 2115 oppido
444 2032 619 2114 eiecerunt,
642 1969 815 2096 incdlumes
845 2034 885 2097 ad
906 2034 1143 2120 Vercingetori-

186 2136 259 2199 gem
280 2126 502 2199 pervenerunt.
526 2116 613 2194 Quos
635 2115 690 2180 ille
711 2117 811 2180 multa
831 2120 893 2182 iam
908 2130 1000 2184 nocte
1017 2119 1142 2185 silentio

187 2223 227 2265 ex
248 2198 324 2284 fuga
346 2202 469 2286 excepit
489 2202 618 2282 veritus,
640 2225 681 2266 ne
704 2204 822 2288 quain
844 2205 955 2268 castris
978 2227 1018 2267 ex
1034 2227 1142 2270 eorum

186 2307 341 2350 concursu
363 2296 394 2350 et
414 2286 630 2350 misericordia
657 2286 746 2370 vulgi
778 2289 889 2353 seditio
922 2299 1085 2370 oreretur,
1107 2300 1143 2355 ut

185 2369 296 2456 procul
318 2372 350 2432 in
372 2371 425 2433 via
448 2371 607 2455 dispositis
629 2371 834 2436 familiaribus
851 2375 915 2438 suis
931 2374 1142 2461 principibus-

186 2477 248 2542 que
277 2456 438 2518 civitatum
467 2455 674 2540 disparandos
704 2457 968 2545 deducendosque
997 2460 1039 2524 ad
1067 2482 1142 2526 suos

186 2549 329 2621 curaret,
363 2562 444 2626 quae
484 2541 596 2626 cuique
635 2543 754 2607 civitati
785 2565 860 2630 pars
897 2553 1071 2610 castrorum
1100 2546 1141 2611 ab

186 2626 272 2689 initio
295 2624 478 2690 obvenerat.

248 2709 299 2774 29.
322 2711 452 2775 Postero
475 2711 525 2776 die
548 2712 678 2778 consilio
701 2724 872 2779 convocato
888 2714 1069 2781 consolatus
1091 2739 1142 2781 co-

185 2795 390 2882 hortatusque
413 2807 469 2878 est,
492 2819 533 2861 ne
555 2820 589 2862 se
612 2798 779 2864 admodum
803 2801 907 2866 animo
930 2800 1141 2886 demitterent,

185 2903 225 2945 ne
247 2881 504 2967 perturbarentur
525 2884 732 2949 incommodo.
765 2884 835 2949 Non
853 2888 969 2951 virtute
990 2910 1094 2973 neque
1108 2889 1143 2952 in

185 2969 253 3032 acie
275 2969 389 3032 vicisse
410 2967 578 3051 Romanos,
602 2969 659 3032 sed
681 2971 813 3034 artificio
837 2971 972 3057 quodam
996 2982 1028 3036 et
1043 2975 1142 3038 soien-

185 3054 229 3117 tia
262 3055 516 3138 oppugnationis,
550 3055 639 3118 cuius
672 3057 718 3118 rei
750 3052 866 3120 fueriirt
901 3059 961 3142 ipsi
995 3059 1140 3143 imperiti.

186 3137 310 3221 Errare,
334 3141 360 3202 si
383 3140 491 3224 quiin
513 3139 597 3204 bello
620 3163 729 3205 omnes
759 3142 914 3208 secundos
942 3165 1047 3208 rerum
1070 3166 1141 3228 pro·

184 3232 298 3288 ventus
328 3234 522 3309 exspectent.
567 3223 636 3288 Sibi
657 3248 828 3312 numquam
850 3227 1007 3313 placuisse
1027 3228 1141 3292 Avari·

186 3331 257 3372 cum
289 3309 429 3391 defendi,
467 3311 555 3374 cuius
588 3311 635 3374 rei
668 3320 764 3376 testes
798 3313 883 3396 ipsos
906 3312 1056 3394 haberet;
1085 3313 1142 3377 sed

185 3393 302 3458 factmn
324 3394 536 3479 imprudentia
559 3395 735 3482 Biturigum
763 3405 795 3459 et
815 3398 914 3462 nimia
935 3399 1142 3485 obsequentia

184 3479 385 3564 reliquorum
408 3482 454 3544 uti
475 3481 535 3546 hoc
556 3481 791 3546 incommodum
812 3485 1017 3570 acciperetur.
1040 3483 1078 3548 Id
1096 3492 1142 3547 ta·
