2534 3970
339 222 475 287 sorni.
497 223 514 286 1
536 197 629 288 eor.
652 223 787 288 sos-31.
1002 221 1042 289 19

150 393 203 458 29.
237 393 274 458 ln
297 395 407 457 eastris
422 391 641 460 Helvetiorum
662 393 790 460 tabulae
811 405 955 481 repertae
970 404 1043 459 sunt

90 478 201 546 litteris
232 479 380 544 Graecis
394 479 555 543 confectae
585 489 617 544 et
645 481 686 544 od
715 479 886 544 Caesarem
914 479 1042 561 relatae,

90 565 203 652 quibus
225 565 259 628 in
280 563 395 628 tabulis
418 565 602 630 nominatim
623 567 702 631 ratio
725 567 867 631 eonfeote
890 574 966 648 eret,
990 568 1044 650 qui

90 671 238 715 numerus
251 650 343 715 domo
359 651 477 714 exisset
490 671 609 733 eornm,
633 651 687 738 qui
706 672 794 715 erma
808 649 891 715 ferre
927 660 1043 732 ossent,

90 751 123 800 et
141 737 220 800 item
241 735 409 820 seperatim
427 736 529 821 pueri,
552 757 645 801 senes
658 735 880 822 mulieresque.
903 673 1045 815 &aarum

90 822 231 886 omniurn
241 841 347 884 rerum
361 842 484 884 summa
496 830 564 886 eret
575 823 713 908 sapitum
724 821 943 886 Helvetiorum
957 821 1045 886 milis

92 911 237 980 cartul,
277 905 484 992 Tulingorum
522 906 611 971 milis
650 914 786 980 XXXVI,
822 907 1045 972 Latovioorum

91 995 184 1066 xlm,
218 991 432 1056 Rauracorum
456 998 566 1066 xxm,
601 991 752 1057 Boiorum
773 999 892 1066 XXX11;
926 1013 968 1056 ex
995 992 1045 1056 his

90 1077 268 1227 aemmorma
295 1076 378 1147 ferre
409 1086 555 1163 possent,
589 1077 630 1142 ed
658 1077 746 1142 milia
772 1079 946 1162 nonaginta
972 1076 1045 1143 duo.

203 1162 379 1226 somnium
393 1161 521 1227 fuerunt
539 1161 581 1228 ad
597 1162 683 1228 milia
706 1168 889 1227 CCCLXVIII.
915 1161 1045 1245 Eorum,

93 1249 146 1334 qui
169 1246 297 1310 domum
319 1247 489 1330 redierunt,
513 1267 611 1314 censu
625 1247 743 1330 habito,
765 1258 801 1313 ut
815 1248 935 1313 Caesar
949 1249 1046 1333 impe-

91 1342 226 1415 averet,
248 1354 283 1396 re
307 1341 392 1398 ortus
414 1343 462 1396 est
482 1355 633 1399 numerus
655 1333 776 1398 milium
798 1340 819 1398 G
852 1343 883 1398 et
904 1340 938 1395 X.

155 1418 207 1482 30.
230 1355 321 1483 Belo
343 1417 561 1485 Helvetiorum
576 1419 719 1486 confecto
734 1421 829 1484 totius
844 1419 910 1484 fere
925 1417 1048 1484 Galliae

90 1502 196 1589 legati,
219 1504 380 1590 principes
402 1505 576 1588 civissem,
607 1505 648 1569 ad
663 1504 833 1569 Gaesarem
855 1504 1048 1590 gratulatum

90 1598 327 1663 eonvenerunt:
349 1589 540 1676 Intellegere
563 1611 643 1672 sese,
665 1591 792 1655 tametsi
835 1611 872 1654 ro
886 1589 1047 1654 veteribus

90 1673 311 1739 Helvetiorum
339 1675 460 1739 iniuriis
489 1675 598 1761 populi
626 1675 761 1741 Romani
789 1613 834 1739 sl
858 1675 907 1738 his
929 1696 1048 1761 poenes

90 1759 177 1824 bello
197 1781 234 1824 re
257 1761 374 1842 etisset,
397 1770 502 1824 tumen
525 1781 596 1824 eam
616 1782 685 1824 rem
714 1781 779 1824 non
800 1761 903 1824 minus
926 1782 968 1824 ex
989 1781 1050 1824 usu

90 1857 195 1910 terrae
249 1844 342 1910 ulliae
365 1867 459 1931 quem
480 1845 589 1932 populi
610 1846 745 1911 Romani
772 1846 945 1928 soeidisse,
978 1867 1049 1931 pro-

89 1940 202 2016 pterea
224 1929 307 2016 quod
335 1950 372 1994 eo
401 1931 532 1996 oonsilio
561 1930 792 1996 florentissimis
821 1931 916 1995 rebus
939 1931 1049 1996 domos

90 2037 167 2080 sues
194 2014 335 2082 Helvetii
366 2015 576 2103 reliquissent,
609 2019 655 2081 uti
686 2017 745 2081 toti
774 2015 898 2082 Galliae
930 2015 1050 2080 bellurn

89 2101 245 2166 inferrent
266 2102 461 2187 imperioque
489 2103 667 2187 potirentur
695 2101 861 2188 locumque
891 2101 1049 2167 domicilio

88 2205 132 2251 ex
160 2209 279 2272 magna
310 2189 401 2272 eopia
423 2187 614 2274 deligerent,
648 2209 742 2274 quem
771 2209 812 2252 ex
837 2189 923 2252 omni
944 2186 1051 2252 Gallie

88 2273 393 2358 opportunissimum
408 2294 447 2336 se
461 2273 745 2342 fructuosissimum
759 2272 961 2354 iudicassent,
977 2272 1049 2337 reli·

90 2376 172 2444 ques
195 2379 237 2422 ue
259 2359 403 2422 civitates
427 2358 648 2444 stipendiarios
670 2357 834 2422 heberent
878 2358 1049 2440 Petierunt,

87 2444 136 2506 uti
159 2445 187 2506 si
210 2444 223 2506 i
245 2443 411 2508 eonsilium
432 2445 528 2509 totius
551 2443 673 2510 Galliae
695 2445 729 2507 in
751 2443 834 2508 diem
864 2453 983 2507 certam
1004 2445 1050 2507 in·

88 2529 200 2593 disere
223 2527 318 2615 idque
341 2529 488 2594 Caesaris
510 2529 672 2595 voluntate
700 2529 805 2594 faeere
831 2528 957 2592 liceret:
980 2549 1050 2592 sese

88 2613 212 2680 hebere
238 2614 390 2700 quasdem
412 2635 472 2696 res,
497 2637 575 2700 quas
597 2637 638 2678 ex
653 2615 811 2679 communi
831 2635 988 2692 eonsensu
1007 2614 1050 2677 eb

88 2719 127 2764 eo
161 2708 283 2786 petere.
305 2699 434 2764 vellent
467 2699 517 2764 Ea
548 2723 583 2765 re
611 2700 767 2786 permissa
799 2699 884 2764 diem
918 2697 1050 2764 coneilio

88 2787 325 2851 constituerunt
346 2794 379 2849 et
399 2786 611 2868 iureiurando,
634 2807 674 2848 ne
690 2786 760 2871 quis
779 2787 966 2865 enuntiaret,
989 2785 1052 2848 nisi

88 2870 209 2958 quibus
239 2871 397 2938 communi
419 2871 550 2938 oonsilio
579 2869 763 2935 mandatum
790 2879 874 2934 esset
881 2917 890 2951 ,
913 2871 995 2934 inter
1017 2891 1051 2932 se

89 2965 279 3021 sanxerunt.
757 2997 763 3012 .

153 3042 209 3107 31.
232 3040 280 3106 Eo
301 3041 435 3106 concilio
451 3041 580 3106 dimisso
595 3041 690 3106 iidem
705 3042 866 3127 principes
878 3043 1050 3122 civitatum,

90 3129 145 3212 qui
168 3135 246 3190 ante
260 3126 395 3209 fuerant,
418 3127 460 3192 ed
475 3125 647 3192 Gaesarem
668 3135 868 3192 reverterunt
881 3127 1050 3211 petierunt-

90 3233 162 3298 que,
196 3212 243 3276 uti
274 3210 335 3276 sibi
362 3222 482 3278 secreto
504 3214 538 3276 in
560 3211 684 3277 oooulto
707 3211 748 3277 de
770 3235 828 3276 sua
850 3213 1052 3296 omniumque

91 3297 197 3362 salute
229 3317 302 3361 cum
324 3313 362 3362 eo
384 3319 479 3384 egere
502 3297 623 3362 liceret.
666 3297 716 3361 Ea
736 3319 772 3362 re
794 3299 960 3381 impetrato
982 3318 1052 3361 sese

92 3403 208 3448 omnes
242 3380 355 3446 flentes
379 3380 508 3448 Caesari
541 3381 582 3448 ad
608 3383 706 3469 pedes
729 3383 948 3469 proiecerunt:
980 3381 1051 3447 Non

94 3468 200 3534 minus
232 3488 267 3534 se
299 3467 334 3532 id
365 3468 556 3535 eontendere
588 3479 620 3534 et
642 3467 815 3614 laborare,2
830 3489 870 3587 pe
893 3489 940 3549 ea,
970 3487 1052 3552 quae
