2490 3974
233 246 296 310 218
544 248 673 314 BELLI
694 247 884 313 AFRICAE

234 415 273 480 ld
304 439 343 482 eo
375 417 506 484 consilio
538 421 665 501 fecerat,
699 418 784 506 quod
815 440 906 482 suum
936 418 1089 482 dextrum
1121 419 1206 484 latus

235 503 459 567 munitionibus
482 503 701 586 adiuvabatur,
717 506 879 568 sinistrum
901 514 1014 584 autem,
1038 507 1206 589 equitatus

235 586 373 652 hostium
394 588 588 654 multitudini
608 592 655 654 uti
675 591 782 653 resisti
801 598 920 673 posset,
944 587 1128 671 laborabat,
1156 613 1205 654 eo-

236 672 371 760 demque
395 695 486 738 suum
509 697 634 739 omnem
656 676 829 760 equitatum
852 673 1030 737 contulerat
1052 684 1097 755 et,
1116 675 1205 761 quod

235 759 266 821 ei
286 781 399 843 parum
422 759 609 842 confidebat,
624 759 783 844 praesidio
798 758 847 820 his
862 758 1020 844 equitibus
1036 756 1204 843 legionem

236 850 261 901 V
299 845 507 928 praemiserat
532 843 699 930 levemque
732 853 926 908 armaturam
956 845 1040 906 inter
1075 847 1204 930 equites

235 928 478 1013 interposuerat
501 929 685 1015 Sagittarios
701 931 789 992 varie
804 931 984 1014 passimque
1006 926 1089 992 locis
1106 932 1203 992 certis

235 1013 374 1076 maxime
396 1036 436 1077 ue
458 1016 493 1077 in
514 1015 661 1078 cornibus
684 1013 903 1078 collocaverat

300 1097 351 1160 61.
375 1037 429 1162 dio
450 1108 653 1185 utrorumque
684 1101 841 1164 exercitus
868 1099 1011 1162 instructi
1036 1121 1108 1162 non
1130 1097 1202 1183 plus

234 1205 387 1268 passuum
411 1189 473 1246 CCC
495 1186 659 1249 interiecto
680 1185 788 1269 spatio,
813 1183 897 1269 quod
919 1184 1051 1247 forsitan
1076 1193 1157 1246 ante
1173 1183 1201 1244 id

234 1279 359 1353 tempus
381 1269 532 1332 acciderit
545 1291 725 1354 numquam,
742 1270 818 1353 quin
833 1269 1045 1348 dimicaretur,
1068 1290 1091 1331 a
1107 1290 1201 1330 mane

235 1375 336 1438 usque
358 1352 399 1416 ad
420 1354 532 1418 boram
553 1362 579 1415 X
602 1355 652 1418 die
680 1355 894 1439 perstiterunt.
921 1353 1051 1438 Iamque
1076 1352 1223 1428 Caesari

236 1459 333 1522 quum
369 1439 545 1503 exereitum
580 1439 666 1502 intra
700 1441 888 1503 munitiones
925 1459 998 1500 suas
1039 1435 1223 1500 reducere

235 1524 401 1607 coepisset,
425 1523 527 1587 subito
549 1525 715 1588 universus
745 1527 901 1625 equitatus
928 1523 1059 1586 ulterior
1088 1522 1198 1586 Numi·

236 1608 346 1672 darum
374 1607 645 1694 Gaetulorumque
673 1611 740 1672 sine
769 1611 866 1672 irenis
895 1607 936 1671 ab
964 1607 1081 1670 dextra
1109 1617 1197 1692 parte

235 1713 270 1756 se
298 1715 427 1756 movere
454 1695 645 1780 propiusque
676 1692 823 1757 Caesaris
853 1705 966 1772 castra,
997 1713 1080 1778 quae
1111 1704 1198 1755 erant

234 1779 269 1842 in
291 1777 381 1858 colle,
406 1801 440 1841 se
463 1778 607 1842 conferre
630 1780 742 1864 eoepit,
771 1780 911 1842 frenatus
934 1787 1039 1840 autem
1060 1777 1197 1840 Labieni

235 1885 252 1927 e
276 1885 332 1927 uos
355 1865 388 1926 in
410 1862 479 1928 loco
501 1885 687 1948 permanere
702 1863 907 1948 legionesque
922 1863 1084 1926 detinere:
1103 1883 1197 1946 quum

235 1971 272 2012 su
295 1951 338 2012 ito
365 1971 439 2033 pars
467 1951 623 2034 equitatus
651 1948 798 2012 Caesaris
832 1971 904 2011 cum
936 1946 1000 2010 levi
1033 1957 1199 2009 armatura

235 2043 346 2098 eontra
368 2033 519 2097 Gaetulos
540 2035 663 2097 iniussu
683 2057 721 2098 ac
742 2045 861 2098 temere
888 2033 1012 2115 longius
1034 2032 1199 2116 progressi

233 2116 445 2203 paludemque
467 2121 661 2204 transgressi
688 2118 921 2182 multitudinem
942 2116 1083 2179 bostium
1105 2117 1199 2200 pauci

235 2203 390 2267 sustinere
422 2225 487 2268 non
518 2214 688 2289 potuerunt
720 2205 845 2289 levique
878 2213 1038 2267 armatura
1070 2201 1200 2264 deserta

233 2286 318 2372 pulsi
340 2287 619 2374 convulneratique
634 2313 697 2353 uno
718 2291 822 2376 equite
839 2289 964 2366 amisso,
980 2285 1091 2349 multis
1108 2287 1200 2370 equis

235 2373 360 2452 sauciis,
384 2373 464 2437 levis
487 2383 663 2438 armaturae
685 2381 789 2436 XXVH
819 2374 930 2436 occisis
953 2371 994 2434 ad
1015 2393 1094 2433 suos
1117 2371 1199 2433 refu-

257 2467 358 2520 erunt.
389 2457 460 2536 Quo
491 2458 629 2522 secundo
660 2460 799 2544 equestri
827 2457 946 2543 proelio
975 2457 1059 2519 facto
1092 2455 1201 2540 Scipio

234 2480 335 2606 {tetus
354 2545 388 2606 in
402 2554 506 2607 castra
524 2553 617 2608 nocte
637 2547 743 2629 copias
762 2543 897 2607 reduxit
921 2541 1015 2621 Quod
1030 2543 1200 2624 proprium

234 2627 383 2712 gaudium
406 2628 597 2692 bellantibus
626 2629 750 2693 fortuna
778 2628 916 2691 tribuere
945 2649 1009 2690 non
1042 2625 1201 2688 decrevit.

233 2712 378 2798 Namque
401 2723 529 2798 postero
551 2713 601 2777 die
625 2713 746 2777 Caesar
773 2735 869 2799 quum
891 2721 1013 2797 partem
1036 2711 1199 2794 equitatus
1222 2749 1223 2772 t

233 2799 282 2861 sui
311 2797 438 2882 Leptim
466 2799 613 2878 misisset,
643 2801 677 2861 in
705 2800 817 2862 itinere
845 2798 1049 2882 praedatores
1073 2797 1200 2879 equites

232 2881 385 2946 Numidas
408 2883 622 2968 Gaetulosque
645 2905 687 2949 ex
707 2884 879 2969 improviso
901 2883 1003 2947 adorti
1025 2881 1160 2944 circiter
1182 2886 1199 2941 C

232 2969 347 3053 partim
370 2969 561 3046 occiderunt,
584 2971 701 3054 partim
721 2971 867 3033 vivorum
889 2967 981 3054 potiti
1002 2975 1087 3030 sunt.
1119 2963 1198 3029 Cae-

233 3075 285 3118 sar
311 3055 437 3116 interim
471 3054 609 3138 quotidie
630 3053 773 3138 legiones
800 3055 832 3116 in
854 3075 1002 3137 campum
1035 3050 1198 3116 deducere

233 3146 327 3223 atque
350 3159 429 3222 opus
451 3137 572 3202 faeere:
595 3139 778 3225 vallumque
793 3148 825 3202 et
838 3138 956 3202 fossam
974 3159 1033 3223 per
1055 3136 1199 3200 medium

232 3243 377 3308 campum
399 3223 514 3286 ducere
537 3224 853 3308 adversariorumque
873 3220 1118 3286 excursionibus
1140 3225 1199 3286 iter
1222 3299 1223 3302 Ἴ

233 3306 360 3372 officere
375 3330 439 3372 non
453 3309 638 3372 intermittit.
663 3308 769 3393 Scipio
789 3310 863 3372 item
878 3309 1067 3372 munitiones
1086 3317 1199 3372 contra
1222 3307 1223 3316 ’

233 3391 339 3458 facere
369 3403 409 3474 et,
440 3415 480 3456 ne
509 3396 583 3478 iugo
606 3417 625 3456 a
652 3392 790 3458 Caesare
819 3394 1051 3474 excluderetur,
1083 3413 1199 3478 appro-

233 3497 356 3558 perare.
383 3477 432 3540 Ita
459 3478 556 3542 duces
585 3481 711 3562 utrique
740 3489 772 3544 et
804 3481 837 3542 in
866 3478 1014 3563 operibus
1048 3480 1200 3563 occupati
