2532 3968
188 255 298 328 XLVI
543 259 799 326 PRAEFATIO.

189 431 321 498 modum
342 430 444 496 verba
466 432 689 517 seiungantur:
713 439 834 510 Cursor,
858 439 912 498 ubi
932 441 1020 509 luxit,
1044 455 1154 499 omnes

189 530 351 582 senatores
373 529 606 596 senatorumque
620 525 741 596 liberos,
765 524 904 582 tribunos
917 527 1041 585 militum
1063 527 1153 598 equi·

190 615 297 683 tesque
318 609 474 674 Romanos
496 608 539 667 ud
558 625 593 667 se
608 611 747 684 produci
767 609 855 668 iubet.
888 611 1014 669 Erant
1043 614 1153 685 quin-

190 697 409 768 qaaptatm
437 695 599 752 ordinis
626 696 826 753 senatorii
853 694 887 756 l.
920 695 1085 772 Domitius,
1109 697 1150 754 P,

189 779 338 840 Lentulus
361 779 507 855 Spinther
529 794 555 837 e.
580 796 608 852 q.
630 799 655 838 s.
1074 811 1078 819 ·

256 858 293 923 O.
327 859 371 922 30
399 858 560 945 legiones,
590 881 669 945 quas
696 857 816 925 Caesar
843 883 914 925 oum
946 859 1083 924 Curione
1112 862 1149 924 in

189 941 333 1008 Siciliam
356 945 451 1027 misit,
475 943 545 1027 ,III‘
566 966 699 1009 numero
720 946 828 1028 inisse,
851 947 884 1009 in
906 945 996 1009 libris
1025 955 1149 1029 exstst3

189 1038 223 1093 st
245 1051 343 1115 quum
373 1029 456 1094 libro
485 1029 526 1093 H.
556 1051 581 1094 o.
611 1030 652 1094 23
682 1040 714 1095 et
742 1031 783 1094 37
807 1029 978 1096 Curionem
1001 1039 1151 1116 quattuor

188 1113 332 1199 legiones
367 1137 388 1178 a
424 1115 562 1180 Caesare
596 1117 757 1200 accepisse
794 1115 954 1202 legamus,
991 1114 1148 1180 Davisius

188 1201 286 1264 etiam
310 1199 462 1266 hocloco
486 1209 676 1286 quattu-or
698 1200 858 1286 legionum
880 1224 1047 1266 numerum
1071 1223 1148 1264 exa·

187 1287 255 1350 rari
265 1287 367 1351 iussit.
390 1285 547 1372 Equidem
568 1308 673 1372 neque
690 1308 761 1351 cum
777 1286 866 1351 libris
882 1309 986 1372 neque
999 1309 1069 1352 curn
1080 1284 1149 1350 Da·

156 1399 159 1406 ·
187 1371 270 1436 visio
292 1371 474 1436 iaciendum
496 1393 567 1434 esse
590 1374 747 1436 existimo.
771 1371 815 1436 Su
839 1395 875 1435 ra
890 1395 916 1436 o.
933 1371 975 1435 25
990 1381 1148 1454 narratur,

187 1455 363 1522 Caesarem
375 1457 573 1521 Domitianas
587 1456 733 1522 cohortes
744 1395 875 1522 Coi-libii
887 1467 995 1543 captas
1003 1458 1148 1543 protinus

187 1542 223 1605 in
240 1542 382 1607 Siciliam
399 1544 524 1606 misisse
535 1541 590 1622 *);
607 1565 661 1606 eas
676 1545 807 1627 triginta
821 1551 885 1609 tres
901 1565 1033 1608 numero
1047 1543 1149 1606 fuisse

189 1650 233 1692 ex
245 1650 272 1692 o.
291 1629 332 1692 15
343 1636 430 1714 patet
440 1667 477 1675 -
487 1635 540 1690 XX
555 1630 623 1714 ipse
635 1628 805 1710 Domitius,
820 1635 883 1690 xui
899 1627 1057 1692 Vibullius
1073 1649 1149 1691 oon-

187 1713 349 1779 duxerant
375 1751 419 1761 —
452 1713 505 1800 (ef.
535 1735 562 1777 e.
594 1715 676 1796 33.);
706 1723 812 1777 tamen
840 1722 874 1777 ut
896 1713 1063 1778 dediticius
1085 1712 1147 1777 sli-

185 1809 340 1886 quantum
362 1800 624 1885 iustequentiores
654 1799 751 1863 luisse
787 1809 818 1863 et
846 1801 880 1863 in
902 1798 1062 1884 legionum
1083 1798 1148 1862 sor·

184 1907 270 1950 mam
301 1887 490 1950 constitutae
518 1906 583 1948 non
611 1885 673 1947 nisi
704 1885 834 1949 duamm
863 1884 1022 1969 legionum
1037 1906 1148 1950 nume·

184 1993 255 2034 rum
291 1970 439 2056 explesse
474 1970 629 2034 videntur.
670 1969 705 2033 Id
743 1970 818 2034 inde
851 1970 980 2056 probari
1008 1970 1147 2052 videtur,

207 2056 272 2120 uod
295 2056 335 2122 de
358 2055 481 2120 duabus
504 2054 684 2141 legionibus
708 2079 728 2119 a
750 2055 888 2121 Curione
912 2079 953 2121 ex
975 2054 1086 2120 Sicilia
1107 2056 1145 2118 in

184 2079 327 2205 disisam
342 2141 534 2205 transmissis
550 2140 570 2204 l.
586 2141 627 2222 H,
652 2163 677 2204 o.
701 2142 743 2205 28
766 2143 846 2206 haec
869 2151 1012 2206 exstantt
1034 2140 1148 2224 ,legio-

184 2249 243 2291 nes
271 2250 338 2292 eas
368 2227 552 2291 traduxerat
582 2225 694 2308 Curio,
719 2249 796 2312 quas
819 2227 1041 2312 superioribus
1064 2234 1148 2290 tem·

183 2312 317 2398 poribus
353 2311 493 2377 Corfinio
535 2321 702 2461 receperat
735 2312 875 2378 Caesar!
913 2311 1025 2460 ltarpue
1058 2310 1146 2375 duae

185 2396 307 2464 alterae
330 2398 483 2483 legiones,
507 2419 585 2483 quas
632 2396 736 2460 ieilias
758 2396 917 2482 praesidio
939 2398 1000 2461 rei
1021 2398 1077 2478 uit,
1102 2395 1147 2460 de

188 2505 247 2548 sex
269 2484 332 2548 illis
355 2483 441 2547 haud
464 2481 559 2546 dubie
581 2482 716 2563 fuerunt,
741 2505 820 2567 tluas
837 2480 957 2546 Caesar
980 2421 1022 2546 ad
1036 2482 1146 2544 Brun-

184 2569 300 2634 disium
322 2569 471 2633 habuisse
500 2590 528 2630 c.
551 2567 593 2631 25
614 2576 769 2630 narratur.
808 2565 950 2645 Quarum
983 2565 1014 2631 le
1038 2568 1149 2632 'onum

184 2655 323 2719 sinnam
339 2676 409 2718 eum
425 2652 554 2717 Valerio
568 2653 601 2714 in
617 2651 807 2733 Sardiniam,
824 2652 902 2716 duas
918 2674 991 2715 oum
1035 2653 1149 2716 urione

183 2740 218 2804 in
233 2739 374 2805 Siciliam
396 2739 489 2818 misit,
510 2736 653 2824 reliquae
672 2746 763 2801 erant
783 2747 848 2802 tres
871 2746 903 2800 et
925 2737 1053 2824 quidem
1076 2757 1146 2820 eae,

184 2848 264 2912 quas
279 2823 453 2889 Massiliam
468 2822 584 2887 deinde
599 2823 752 2887 adductas
768 2846 788 2886 a
804 2823 941 2888 Caesare
957 2844 984 2886 o.
1000 2821 1042 2886 36
1057 2821 1147 2885 vide·

182 2933 264 2975 mus.
289 2909 394 2988 Quum
410 2910 505 2994 igitur
527 2930 554 2972 c.
579 2910 621 2975 30
635 2931 698 2973 non
717 2909 779 2972 nisi
801 2909 942 2995 legiones
958 2908 1089 2972 Curioni
1103 2906 1146 2972 de

245 3116 277 3184 *J
296 3115 459 3166 Domitianas
477 3114 595 3165 cohortes
613 3116 646 3165 ab
665 3115 752 3165 Asinio
770 3114 887 3164 Pollione
905 3115 932 3163 in
951 3113 1065 3164 Siciliam
1084 3127 1144 3164 esso

181 3183 306 3236 deductas
324 3185 384 3234 inde
393 3185 518 3250 suspicari
536 3183 605 3252 lieet,
623 3184 693 3248 quod
702 3183 854 3234 Plutarchus
864 3183 921 3233 Cat
931 3184 964 3231 ὃὸ
975 3188 1001 3232 et
1009 3182 1143 3248 Appianas

180 3254 208 3303 b.
226 3254 275 3304 aiv.
293 3253 327 3315 II,
345 3255 379 3302 40
395 3253 538 3302 Pollionem
555 3257 615 3300 ante
628 3253 765 3302 Curionem
782 3253 810 3302 in
828 3251 942 3302 Siciliam
959 3251 1067 3301 missum
1085 3265 1144 3300 esse

181 3322 289 3386 eiusque
306 3322 420 3371 adventu
437 3320 562 3370 Catonem
580 3320 726 3385 profugisse
749 3325 863 3370 narrant.
882 3319 950 3368 Huic
968 3319 1005 3368 rei
1035 3333 1142 3368 eonsen-

180 3393 285 3440 taneum
303 3395 355 3451 est,
375 3387 443 3453 quod
460 3388 544 3438 Pollio
560 3403 622 3436 eum
640 3389 731 3438 iisdem
750 3388 872 3437 militibus
891 3388 968 3436 etiam
986 3387 1013 3436 in
1031 3386 1142 3436 Africam

179 3461 342 3573 papsveepps
360 3463 407 3573 ppt
430 3461 456 3506 at
479 3457 591 3520 Curione
615 3458 703 3507 occiso
728 3456 862 3522 imperium
881 3456 1003 3519 suscepit
1023 3455 1056 3504 V.
1075 3455 1142 3520 App.

192 3556 200 3570 .
257 3538 279 3574 a.
334 3561 340 3573 .
395 3560 402 3574 .
1102 3551 1104 3556 ·
