2538 3978
441 272 586 342 CAPUT
607 273 745 340 35—36.
1010 271 1069 338 161

13 467 15 510 ι
105 453 174 510 tres
194 445 337 532 legiones
353 445 563 514 adducturum
582 446 757 513 Domitium
772 453 927 532 putasset,
951 466 991 507 ex
1007 443 1073 530 qui-

106 530 168 596 bus
196 554 292 617 quum
320 531 399 596 duas
428 531 470 596 ad
499 531 673 596 Caesarem
701 532 815 595 missas
848 530 987 596 audisset
1018 550 1071 593 au·

13 645 15 684 ι
107 616 218 682 dacius
239 618 273 680 in
294 616 449 682 Armenia
471 617 659 700 substitisse,
680 638 887 702 perseverare
909 617 1022 700 coepit,
1039 623 1073 680 ut

108 723 147 767 eo
176 723 302 791 quoque
331 725 429 788 regno
460 702 645 768 decederet:
675 723 779 788 neque
809 703 894 766 enim
916 700 999 764 aliud
1022 702 1072 764 ius

13 831 14 842 ι
107 809 178 856 esse
208 785 433 873 Cappadociae
461 797 556 873 atque
582 787 764 870 Armeniae,
797 809 857 850 nec
889 787 970 875 iuste
1000 807 1073 850 eum

13 905 14 940 ;
106 872 279 958 postulare,
301 883 337 936 ut
357 875 391 937 in
414 872 562 939 Caesaris
577 872 749 957 adventrm
763 894 815 937 res
830 875 954 958 integra
968 871 1072 936 differ-

107 966 214 1022 retur:
245 958 278 1022 id
311 959 396 1022 enim
429 981 499 1024 esse
532 959 700 1044 integrum,
734 957 817 1044 quod
845 959 889 1020 ita
915 965 1007 1039 esset,
1037 967 1072 1023 ut

106 1043 228 1109 finisset.
273 1044 333 1108 His
365 1045 527 1130 responsis
562 1045 645 1110 datis
678 1065 750 1108 cum
782 1045 820 1106 iis
854 1044 962 1127 copiis,
992 1065 1071 1128 quas

107 1149 204 1214 supra
231 1130 353 1215 scripsi,
386 1129 549 1215 profectus
579 1140 627 1195 est
653 1131 688 1192 in
714 1128 899 1192 Armeniam
930 1126 1071 1213 locisque

106 1214 323 1300 superioribus
352 1215 414 1280 iter
440 1215 546 1280 facere
574 1215 724 1280 instituit:
753 1236 829 1278 narn
855 1235 896 1276 ex
923 1215 1024 1278 Ponto
1052 1235 1072 1277 a

107 1299 258 1366 Comanis
285 1301 395 1386 iugum
423 1300 542 1364 editum
575 1299 720 1364 silvestre
740 1309 810 1381 est,
843 1301 1004 1384 pertinens
1037 1300 1072 1362 in

106 1385 292 1450 Armeniam
313 1388 478 1468 minorem,
509 1408 571 1471 quo
595 1385 798 1471 Cappadocia
818 1384 925 1450 finitur
948 1385 988 1450 ab
1011 1385 1070 1448 Ar·

105 1471 228 1553 menia,
253 1472 341 1535 cuius
363 1473 486 1535 itineris
507 1471 565 1534 has
589 1493 660 1536 esse
687 1480 789 1536 certas
811 1471 1069 1555 opportunitates,

107 1555 193 1642 quod
214 1558 248 1619 in
269 1555 348 1620 locis
372 1556 586 1642 superioribus
607 1555 713 1620 nullus
728 1558 864 1642 impetus
885 1558 1069 1641 repentinus

106 1641 252 1706 accidere
281 1641 418 1707 hostium
449 1651 583 1728 poterat,
612 1651 643 1706 et
670 1641 755 1727 quod
788 1639 991 1727 Cappadocia
1021 1641 1071 1706 his

105 1727 190 1826 iugis
211 1726 354 1794 subiecta
374 1749 523 1812 magnam
545 1737 739 1793 commeatus
761 1727 884 1812 copiam
906 1735 975 1791 erat
996 1725 1070 1791 sub·

105 1813 331 1876 mmistratura.

171 1897 222 1961 36.
246 1891 435 1983 Complures
463 1899 590 1962 interim
617 1897 792 1984 legationes
821 1897 1003 1962 Pharnaces
1030 1898 1072 1964 ad

104 1980 283 2048 Domitium
304 1984 408 2068 mittit,
432 2006 514 2070 quae
536 1982 576 2047 de
597 2005 676 2070 pace
692 1993 825 2069 agerent
839 1985 990 2069 regiaque
1005 2007 1072 2048 mu-

106 2089 186 2132 nera
214 2068 355 2135 Domitio
384 2070 514 2136 ferrent.
542 2069 592 2132 Ea
621 2077 802 2134 constanter
831 2071 937 2132 omnia
964 2072 1071 2155 asper·

108 2152 244 2218 nabetur
265 2177 325 2219 nec
347 2155 408 2219 sibi
431 2156 600 2240 quicquam
621 2155 688 2219 fore
712 2155 870 2240 antiquius
904 2177 997 2239 quam
1023 2155 1070 2219 di·

108 2241 262 2324 gnitatem
277 2240 387 2326 populi
401 2240 537 2304 Romani
553 2249 585 2304 et
597 2261 697 2326 regna
713 2240 868 2305 sociorum
882 2262 1071 2326 recuperare

105 2324 220 2411 legatis
249 2325 473 2411 respondebat.
502 2325 627 2410 Magnis
658 2335 689 2389 et
716 2325 873 2391 continuis
904 2325 1071 2393 itineribus

106 2411 257 2475 confectis
280 2433 377 2497 quum
399 2411 585 2476 adventaret
607 2411 647 2476 ad
666 2409 852 2497 Nicopolim,
876 2413 961 2497 quod
983 2415 1070 2499 oppi-

106 2495 181 2561 dum
210 2497 348 2581 positum
376 2498 410 2560 in
439 2497 590 2562 Armenia
618 2498 740 2561 minore
769 2507 817 2559 est
868 2496 940 2562 lano
967 2499 1071 2583 ipsum

105 2581 175 2646 loco
198 2583 357 2646 montibus
387 2592 494 2648 tamen
521 2582 593 2646 altis
622 2582 662 2647 ab
696 2582 819 2646 duobus
842 2521 993 2646 littoribus
1016 2582 1071 2647 ob·

105 2667 196 2733 iestis
220 2669 295 2731 satis
310 2691 426 2753 magno
446 2667 614 2734 intervallo
626 2666 666 2732 ab
683 2667 797 2753 oppido
813 2669 951 2750 remotis,
967 2678 1071 2732 castra

105 2753 211 2836 posuit
237 2752 331 2839 longe
354 2777 374 2816 a
401 2753 548 2839 Nicopoli
576 2755 702 2818 circiter
723 2753 811 2816 milia
837 2776 988 2838 passuum
1011 2760 1070 2817 Vll.

107 2836 231 2915 Quibus
254 2843 429 2904 excestria
473 2853 549 2904 uum
570 2838 658 2904 locus
681 2848 833 2923 angustus
857 2849 950 2925 atque
972 2841 1072 2924 impe·

106 2921 191 2985 ditus
207 2933 291 2986 esset
304 2863 524 3008 transeundus,
545 2924 727 2988 Pharnaces
742 2926 776 2986 in
790 2925 912 2988 insidiis
929 2924 1069 2989 delectos

105 3006 229 3092 pedites
260 3031 431 3074 omnesne
460 3033 562 3094 paene
586 3010 739 3096 disposuit
767 3011 898 3093 equites,
920 3031 1071 3096 magnam

106 3102 212 3157 autem
240 3034 473 3160 multitudinem
502 3097 628 3180 pecoris
657 3097 741 3159 intra
771 3117 825 3156 eas
847 3095 957 3158 fauces
980 3095 1071 3159 dissi·

103 3179 174 3264 pari
196 3180 288 3243 iussit
308 3203 513 3266 paganosque
536 3190 568 3248 et
595 3181 768 3267 oppidanos
790 3181 823 3242 in
845 3180 893 3244 his
915 3180 993 3244 locis
1017 3181 1070 3245 ob-

103 3266 240 3328 versari:
263 3274 306 3348 ut,
330 3267 397 3330 sive
427 3268 547 3332 amicus
575 3267 642 3332 sive
664 3267 810 3330 inimicus
833 3266 992 3331 Domitius
1016 3287 1071 3331 eas

105 3351 267 3432 angustias
304 3353 462 3436 transiret,
500 3351 580 3414 nihil
612 3351 653 3416 de
688 3350 811 3414 insidiis
849 3353 1071 3436 suspicaretur,

106 3455 203 3520 quum
224 3437 257 3498 in
280 3439 366 3522 agris
390 3447 421 3500 et
441 3459 559 3524 pecora
580 3446 612 3502 et
632 3437 777 3502 homines
805 3437 1073 3500 animadverteret

104 3522 229 3584 versari
242 3530 405 3608 tamquam
419 3523 593 3588 amicorum
608 3521 763 3602 adventu3
778 3529 826 3584 ain
838 3530 873 3585 ut
887 3523 921 3585 in
935 3521 1073 3587 hostium

153 3625 232 3664 caesor
249 3605 291 3670 II.
828 3604 868 3668 11
