2562 3970
173 257 196 319 4
462 257 523 320 DE
546 256 691 322 BELLO
715 257 848 322 CIVILI

173 428 349 491 exercitum
371 427 520 510 dimittat3
544 429 648 494 sinon
662 430 765 510 faciat,
789 452 860 493 eum
877 429 1032 496 adversus
1047 451 1132 492 rem-

194 511 332 576 ublicam
353 512 508 576 iactuum
531 515 643 580 videri.
666 514 839 579 Intercedit
849 515 891 578 M.
904 517 1072 596 Antonius,
1087 513 1129 592 Q.
1187 557 1191 563 ,

171 535 314 676 1Cassius,
337 597 457 662 tribuni
478 599 591 683 plebis.
613 600 761 666 Refertur
790 601 955 666 confestim
971 601 1011 665 de
1033 601 1131 664 inter-

172 687 314 748 cessione
345 682 555 748 tribunorum.
592 685 751 750 Dicuntur
789 689 964 751 sententiae
994 707 1130 772 graves:

172 778 207 832 ut
237 769 370 854 quisque
410 769 614 833 acerbissime
648 771 926 856 crudelissimeque
960 772 1051 854 dixit,
1084 772 1132 834 ita

172 876 268 940 quam
296 855 433 918 maxime
461 854 502 918 ab
524 856 660 919 inimicis
684 855 831 920 Caesaris
854 856 1063 922 collaudatur.
1104 919 1107 924 .

236 939 266 1002 3.
289 939 388 1003 Misso
410 938 452 1003 ad
472 963 640 1025 vesperum
667 953 779 1005 senatu
811 965 930 1025 omnes,
965 944 1019 1028 qui
1052 951 1128 1005 sunt

172 1025 240 1088 eius
263 1024 390 1106 ordinis,
414 1025 593 1110 aPompeio
616 1038 797 1090 evocantur.
819 1027 943 1092 Laudat
953 1028 1129 1113 Pompeius

172 1120 266 1194 atque
282 1110 490 1194 inposterum
512 1111 684 1192 confirmat,
708 1114 872 1197 segniores
884 1115 1020 1199 castigat
1031 1122 1129 1198 atque

170 1197 290 1259 incitat.
319 1194 412 1258 Multi
439 1195 580 1282 undique
603 1219 645 1262 ex
665 1197 828 1262 veteribus
849 1198 981 1284 Pompei
1005 1199 1129 1262 exerci-

170 1280 256 1344 tibus
293 1302 350 1365 spe
385 1281 596 1365 praemiorum
633 1293 727 1368 atque
763 1283 908 1353 ordinum
945 1292 1130 1365 evocantur,

170 1365 263 1428 multi
285 1387 327 1428 ex
356 1364 479 1430 duabus
508 1365 696 1452 legionibus,
730 1391 813 1452 quae
844 1378 916 1433 sunt
948 1369 1085 1434 traditae
1108 1391 1130 1431 a

171 1449 322 1531 Caesare,
345 1460 557 1515 arcessuntur.
582 1451 762 1538 Completur
783 1453 859 1516 urbs
882 1464 923 1518 et·
937 1453 1008 1540 [ius]
1032 1455 1130 1518 comi-

169 1539 248 1600 tium
269 1535 413 1617 tribunis,
437 1537 683 1619 centurionibus,
708 1541 857 1602 evocatis.
889 1539 1010 1604 Omnes
1033 1539 1130 1602 amici

171 1621 344 1704 consulum,
367 1624 541 1686 necessarii
555 1623 689 1708 Pompei
706 1633 800 1708 atque
822 1645 941 1706 eorum,
966 1627 1021 1712 qui
1041 1633 1130 1688 vete-

168 1730 222 1772 res
244 1709 426 1772 inimicitias
449 1730 521 1772 cum
553 1706 692 1772 Caesare
724 1707 899 1794 gerebant,
924 1713 958 1774 in
981 1719 1129 1774 senatum

170 1804 341 1880 cogimtur3
365 1815 499 1941 ‹puorum
520 1793 652 1858 vocibus
675 1803 707 1858 et
729 1815 887 1858 concursu
899 1803 1062 1859 terrentur
1082 1797 1129 1858 in-

169 1880 335 1960 firmiores,
391 1877 458 1942 ubii
487 1879 722 1960 confirmantur,
745 1877 905 1964 plerisque
926 1903 1004 1945 vero
1026 1879 1130 1946 libere

169 1963 363 2028 decernendi
384 1972 525 2049 potestas
548 1964 688 2048 eripitur.
710 1963 882 2028 Pollicetur
902 1965 940 2028 L.
962 1966 1038 2031 Piso
1054 1988 1129 2030 cen-

169 2071 222 2114 sor
244 2071 314 2113 sese
336 2047 516 2131 iturumad
539 2047 718 2132 Caesarem,
732 2049 818 2113 ,item
838 2049 876 2112 L.
891 2049 1027 2116 Roscius
1038 2072 1130 2136 prae·

167 2145 226 2214 tor,
255 2136 309 2220 qui
335 2135 375 2198 de
403 2133 454 2197 his
480 2132 576 2198 rebus
606 2156 678 2197 eum
711 2134 859 2198 doceant:
895 2157 953 2199 sex
986 2136 1054 2200 dies
1088 2135 1131 2200 ad

169 2242 239 2284 eam
270 2242 338 2284 rem
371 2219 598 2284 conficiendam
631 2220 724 2303 spatii
755 2219 925 2304 postulant.
969 2221 1131 2286 Dicuntur

168 2306 263 2368 etiam
285 2305 325 2368 ab
347 2303 506 2369 nonnullis
529 2307 712 2385 sententiae,
734 2314 769 2367 ut
790 2303 887 2388 legati
902 2306 942 2369 ad
955 2305 1130 2370 Caesarem

167 2391 340 2470 mittantur,
365 2391 419 2475 qui
439 2389 636 2454 voluntatem
658 2399 785 2452 senatus
808 2393 838 2452 ei
859 2401 1048 2475 proponant.

230 2476 261 2538 4.
285 2474 442 2539 Omnibus
464 2475 514 2538 bis
529 2476 692 2555 resistitur,
716 2473 924 2560 omnibusque
939 2477 1039 2541 oratio
1052 2495 1141 2542 con-¹

168 2560 255 2641 sulis,
279 2559 445 2644 Scipionis,
469 2559 599 2624 Catonis
622 2561 798 2644 opponitur.
822 2558 977 2626 Catonem
998 2571 1129 2626 veteres

166 2647 350 2709 inimicitiae
373 2644 521 2709 Caesaris
543 2646 674 2707 incitant
696 2653 727 2706 et
749 2642 838 2706 dolor
859 2645 1018 2730 repulsae.
1041 2647 1129 2712 Len·

165 2731 251 2796 tulus
274 2731 358 2795 aeris
386 2729 482 2794 alieni
508 2727 725 2814 magnitudine
758 2738 791 2790 et
817 2751 873 2813 spe
907 2732 1066 2795 exercitus
1090 2755 1132 2798 ac

164 2817 399 2903 provinciarum
421 2825 453 2878 et
474 2836 585 2898 regum
614 2813 872 2898 appellandorum
903 2815 1131 2900 largitionibus

164 2911 311 2967 movetur
342 2923 439 2986 seque
462 2899 595 2964 alterum
617 2898 685 2962 fore
708 2897 828 2960 Sullam
849 2900 932 2963 inter
965 2923 1039 2964 suos
1061 2903 1132 2987 glo-

163 2990 273 3068 riatur,
297 2986 338 3050 ad
360 3009 455 3072 quem
477 3005 605 3048 summa
628 2983 752 3071 imperii
784 2982 904 3047 redeat.
943 2985 1131 3071 Scipionem

164 3074 276 3139 eadem
309 3093 382 3156 spes
415 3069 597 3155 provinciae
630 3077 724 3151 atque
758 3069 954 3134 exercituum
980 3073 1130 3156 impellit,

164 3181 243 3245 quos
266 3179 301 3221 se
323 3179 382 3242 pro
403 3153 637 3218 necessitudine
658 3152 847 3236 partiturum
877 3175 951 3218 cum
973 3156 1131 3242 Pompeio

163 3243 345 3324 arbitratis,
381 3238 474 3304 simul
502 3237 690 3301 iudiciorum
717 3245 829 3317 metus,
863 3238 1006 3304 adulatio
1030 3253 1131 3329 atque

163 3329 330 3394 ostentatio
354 3327 404 3388 sui
425 3335 456 3388 et
477 3323 661 3407 potentium,
685 3322 739 3405 qui
757 3322 791 3382 in
805 3323 969 3406 republica
983 3325 1130 3393 iudiciis-

155 3433 224 3500 ‘que
246 3423 313 3476 tum
334 3411 505 3496 plurimum
528 3405 698 3491 pollebant.
721 3405 794 3488 Ipse
816 3406 985 3492 Pompeius
1008 3411 1050 3474 ab
1066 3414 1131 3478 ini-

162 3499 253 3560 micis
276 3495 422 3560 Caesaris
449 3494 596 3557 incitatus
620 3500 651 3555 et
674 3489 757 3574 quod
791 3495 949 3557 neminem
971 3495 1131 3579 dignitate
