2538 3978
389 196 524 261 OOMM.
546 195 595 260 111
618 193 711 260 OAP.
734 193 870 257 46--49,
1049 191 1111 256 103,

152 365 230 432 flare
250 375 364 432 uentus
384 377 519 452 poterat,
543 368 619 453 quin
642 365 749 452 aliqua
770 387 810 430 ex
832 373 921 450 parte
938 363 1110 428 seeundum

153 473 279 516 cursum
308 453 471 517 baberent.
508 454 582 538 Ipse
612 460 716 516 autem
745 451 937 536 consumptis
966 449 1109 514 omnibus

152 537 248 623 longe
277 538 402 624 lateque
430 539 594 602 frumentis
625 537 754 601 summis
785 546 853 600 erat
884 538 918 598 in
947 537 1109 620 angustiis.

153 622 218 688 Sed
239 633 345 688 tamen
367 623 446 686 haec
468 622 622 708 singulari
648 623 799 708 patientia
820 621 935 688 milites
957 619 1108 684 ferebant.

151 709 410 774 Recordabantur
439 711 522 790 enim
553 707 664 774 eadem
697 729 731 770 se
764 709 928 791 superiore
961 729 1042 770 anno
1076 707 1110 768 in

151 794 305 879 Hispania
336 817 503 878 perpessos
544 793 652 857 labore
685 802 717 856 et
748 793 901 878 patientia
937 795 1108 855 maximum

150 879 271 944 bellum
293 880 475 967 centesima,
498 881 707 943 meminerant
736 879 777 946 ad
798 877 940 942 Alesiam
962 899 1110 963 magnam

150 987 184 1028 se
206 966 345 1050 inopiam
366 987 544 1051 perpessos,
567 964 664 1028 multo
680 964 775 1027 etiam
796 965 948 1026 maiorem
970 963 1010 1026 ad
1025 965 1110 1026 Ava-

149 1051 250 1113 ricum
272 1052 480 1114 maximarum
496 1051 637 1135 gentium
652 1051 788 1112 victores
811 1049 1003 1114 discessisse.
1026 1049 1109 1130 Non,

150 1134 211 1198 illis
227 1135 380 1199 hordeum
395 1159 491 1222 quum
503 1135 640 1218 daretur,
652 1158 716 1200 non
727 1129 887 1220 legumina
901 1133 1109 1215 recusabant3

148 1243 246 1305 pecus
267 1243 354 1299 vero,
385 1223 474 1285 cuius
501 1223 550 1286 rei
578 1243 701 1284 summa
730 1229 799 1284 erat
821 1242 860 1284 ex
887 1219 984 1303 Epiro
1008 1222 1108 1305 copia,

149 1327 263 1392 magno
285 1308 318 1368 in
340 1308 458 1372 honore
480 1307 649 1370 habebant.

212 1392 263 1455 48.
286 1392 346 1460 Est
366 1405 471 1457 autem
486 1415 586 1478 genus
608 1391 723 1454 radicis
745 1392 908 1454 inventum
930 1389 970 1454 ab
992 1391 1041 1472 iis,
1058 1393 1111 1477 qui

149 1475 273 1541 fuerant
301 1480 481 1542 versati‘in
511 1477 665 1556 oleribus,
695 1475 777 1560 quod
801 1475 978 1560 appellatur
1004 1476 1109 1557 chara,

149 1561 235 1646 quod
264 1562 438 1626 admixtum
467 1563 548 1626 lacte
578 1562 710 1625 multum
737 1562 875 1646 inopiam
903 1561 1039 1642 levabat.
1072 1562 1111 1640 Id

150 1645 191 1708 ed
214 1647 448 1712 similitudinem
474 1650 564 1732 panis
592 1647 780 1714 efficiebant.
802 1646 880 1710 Eius
905 1655 973 1711 erat
994 1670 1111 1732 magna

149 1732 250 1816 copia.
279 1733 332 1796 Ex
363 1733 424 1798 hoc
456 1735 584 1798 effectos
617 1755 725 1817 panes,
760 1755 855 1816 quum
884 1733 918 1794 in
946 1731 1109 1819 colloquiis

148 1816 227 1880 Pom
251 1819 333 1882 eiani
361 1820 476 1882 famem
503 1820 617 1882 nostris
649 1815 851 1898 obiectarent,
882 1816 978 1904 vulgo
1000 1819 1109 1890 ineos

148 1841 317 1984 iaciebant,
340 1914 374 1967 ut
397 1926 617 1989 apameorum
644 1905 831 1966 minuerent.

211 1988 265 2051 49.
285 1988 415 2074 lamque
437 1989 593 2054 frumenta
614 1999 826 2054 maturescere
847 1987 1049 2137 incipiebant,
1066 2000 1109 2054 at-

149 2092 210 2156 que
239 2075 309 2158 ipsa
330 2097 403 2160 spes
431 2076 571 2160 inopiam
601 2073 812 2154 sustentabat,
865 2097 905 2138 uo
961 2075 1107 2140 celeriter

150 2179 184 2222 se
206 2158 369 2225 habituros
400 2180 436 2223 co
450 2161 524 2224 ‘iam
553 2159 769 2240 confidebant3
797 2098 990 2246 crebraeque
1011 2183 1107 2240 voces

149 2243 282 2308 militum
309 2246 344 2308 in
372 2183 490 2330 vigiliis
518 2243 746 2330 colloquiisque
775 2245 997 2324 audiebantur,
1020 2249 1108 2331 'prius

148 2351 183 2392 se
215 2332 331 2396 cortice
360 2353 403 2394 cx
432 2329 600 2396 arboribus
628 2333 776 2412 victuros,
806 2353 899 2416 quam
922 2331 1108 2417 Pompeium
1162 2404 1163 2413 χ

149 2435 166 2476 a
194 2413 340 2480 manibus
370 2415 565 2480 dimissuros.
587 2414 747 2480 Libenter
777 2416 871 2486 etiam
900 2438 940 2479 ex
966 2417 1107 2502 perfugis

148 2501 382 2584 cognoscebant
415 2523 512 2588 equos
549 2523 659 2565 eorum
696 2500 841 2583 tolerari,
874 2501 934 2566 reli
957 2525 999 2565 ua
1029 2525 1107 2566 vero

147 2585 286 2650 iumenta
311 2587 475 2668 interisse3
505 2588 552 2650 uti
581 2597 687 2662 autem
718 2589 804 2671 ipsos
832 2526 1015 2652 valetudine
1044 2611 1108 2652 non

147 2669 231 2734 bona
253 2695 349 2758 quum
371 2674 523 2758 angustiis
551 2671 612 2736 loci
636 2682 667 2734 et
694 2672 790 2736 odore
817 2682 918 2737 taetro
942 2695 982 2736 ex
1004 2673 1106 2736 multi-

148 2755 256 2820 tudine
286 2757 479 2822 cadaverum
501 2768 532 2821 et
560 2757 751 2844 quotidianis
780 2757 943 2822 laboribus
965 2761 1105 2822 insuetos

148 2861 280 2924 operum
308 2853 375 2907 tum
405 2865 505 2929 aquae
528 2865 651 2918 summa
678 2845 786 2928 inopia
809 2845 946 2907 affectos.
992 2843 1107 2908 Omnia
1183 2863 1186 2872 ¹

149 2927 233 2988 enim
254 2927 385 2992 flumina
407 2940 501 3014 atque
530 2951 639 2993 omnes
666 2931 762 3008 rivos,
786 2932 840 3013 qui
862 2927 901 2994 ad
924 2950 1013 2992 mare
1035 2951 1105 3013 per-

147 3011 299 3092 tinebant,
323 3012 443 3079 Caesar
464 3024 518 3080 aut
548 3023 707 3088 averterat
737 3015 934 3098 autmagnis
958 3013 1105 3097 operibus

148 3095 358 3179 obstruxerat,
373 3111 467 3186 atque
481 3108 516 3163 ut
531 3110 620 3164 erant
632 3098 702 3172 loca
717 3109 882 3163 montuosa
894 3109 925 3162 et
937 3099 978 3160 ad
993 3121 1105 3184 specus

148 3185 314 3266 angustiae
325 3184 464 3265 vallium,
477 3184 534 3247 has
547 3184 675 3248 sublicis
687 3186 848 3248 interram
861 3183 1005 3248 demissis
1017 3205 1106 3268 prae-

149 3280 290 3352 sepserat
311 3280 490 3356 terramque
513 3279 706 3355 aggesserat,
730 3281 764 3333 ut
786 3293 900 3354 aquam
923 3272 1105 3342 contineret,

147 3351 258 3440 Itaque
279 3355 327 3420 illi
347 3351 528 3426 necessario
544 3355 615 3420 loca
637 3356 726 3440 sequi
742 3355 879 3430 demissa
901 3376 939 3416 ao
953 3353 1106 3439 palustria

148 3448 180 3502 at
200 3451 310 3526 puteos
332 3441 440 3509 fodere
463 3440 657 3526 cogebantur
680 3447 773 3526 atque
796 3441 879 3504 hunc
901 3438 1044 3522 laborem
1065 3438 1106 3502 ad
