<?xml version="1.0" encoding="UTF-8"?>
<!DOCTYPE html PUBLIC "-//W3C//DTD XHTML 1.0 Transitional//EN"
    "http://www.w3.org/TR/xhtml1/DTD/xhtml1-transitional.dtd">
<html xmlns="http://www.w3.org/1999/xhtml" xml:lang="en" lang="en">
 <head>
  <title>
</title>
<meta http-equiv="Content-Type" content="text/html;charset=utf-8" />
  <meta name='ocr-system' content='tesseract 3.04.00' />
  <meta name='ocr-capabilities' content='ocr_page ocr_carea ocr_par ocr_line ocrx_word'/>
</head>
<body>
  <div class='ocr_page' id='page_1' title='image "./ciuliicaesarisc01hirtgoog_0066.png"; bbox 0 0 2534 3970; ppageno 0'>
   <div class='ocr_carea' id='block_1_1' title="bbox 391 195 1102 280">
    <p class='ocr_par' dir='ltr' id='par_1_1' title="bbox 391 195 1102 280">
     <span class='ocr_line' id='line_1_1' title="bbox 391 195 1102 280; baseline -0.001 -1"><span class='ocrx_word' id='word_1_1' title='bbox 391 195 526 280; x_wconf 80' lang='lat' dir='ltr'>coum.</span> <span class='ocrx_word' id='word_1_2' title='bbox 548 215 597 279; x_wconf 90' lang='lat'>111</span> <span class='ocrx_word' id='word_1_3' title='bbox 619 214 712 280; x_wconf 76' lang='lat' dir='ltr'>oar.</span> <span class='ocrx_word' id='word_1_4' title='bbox 737 215 870 278; x_wconf 81' lang='lat'>13-16.</span> <span class='ocrx_word' id='word_1_5' title='bbox 1062 221 1102 279; x_wconf 79' lang='lat' dir='ltr'>er</span> 
     </span>
    </p>
   </div>
   <div class='ocr_carea' id='block_1_2' title="bbox 137 385 1102 3204">
    <p class='ocr_par' dir='ltr' id='par_1_2' title="bbox 142 385 1102 1668">
     <span class='ocr_line' id='line_1_2' title="bbox 154 385 1102 472; baseline 0.002 -22"><span class='ocrx_word' id='word_1_6' title='bbox 154 386 279 451; x_wconf 83' lang='lat' dir='ltr'>dorent</span> <span class='ocrx_word' id='word_1_7' title='bbox 314 385 389 451; x_wconf 90' lang='lat' dir='ltr'>Una</span> <span class='ocrx_word' id='word_1_8' title='bbox 410 395 477 450; x_wconf 88' lang='lat' dir='ltr'>erat</span> <span class='ocrx_word' id='word_1_9' title='bbox 497 408 613 472; x_wconf 84' lang='lat' dir='ltr'>magno</span> <span class='ocrx_word' id='word_1_10' title='bbox 635 387 706 449; x_wconf 92' lang='lat' dir='ltr'>usui</span> <span class='ocrx_word' id='word_1_11' title='bbox 726 408 777 451; x_wconf 89' lang='lat' dir='ltr'>res</span> <span class='ocrx_word' id='word_1_12' title='bbox 799 395 989 472; x_wconf 84' lang='lat' dir='ltr'>praeparata</span> <span class='ocrx_word' id='word_1_13' title='bbox 1010 408 1030 449; x_wconf 89' lang='lat' dir='ltr'>a</span> <span class='ocrx_word' id='word_1_14' title='bbox 1046 409 1102 452; x_wconf 93' lang='lat' dir='ltr'>no-</span> 
     </span>
     <span class='ocr_line' id='line_1_3' title="bbox 149 471 1101 558; baseline -0.005 -21"><span class='ocrx_word' id='word_1_15' title='bbox 149 473 236 556; x_wconf 83' lang='lat' dir='ltr'>stris,</span> <span class='ocrx_word' id='word_1_16' title='bbox 258 471 356 536; x_wconf 87' lang='lat' dir='ltr'>falces</span> <span class='ocrx_word' id='word_1_17' title='bbox 377 481 567 558; x_wconf 79' lang='lat' dir='ltr'>praeacutae</span> <span class='ocrx_word' id='word_1_18' title='bbox 588 473 726 534; x_wconf 81' lang='lat' dir='ltr'>insertae</span> <span class='ocrx_word' id='word_1_19' title='bbox 748 471 925 557; x_wconf 80' lang='lat' dir='ltr'>affixaeque</span> <span class='ocrx_word' id='word_1_20' title='bbox 940 471 1101 556; x_wconf 85' lang='lat' dir='ltr'>longuriis,</span> 
     </span>
     <span class='ocr_line' id='line_1_4' title="bbox 147 555 1102 642; baseline -0.001 -19"><span class='ocrx_word' id='word_1_21' title='bbox 147 581 215 623; x_wconf 89' lang='lat' dir='ltr'>non</span> <span class='ocrx_word' id='word_1_22' title='bbox 242 555 379 622; x_wconf 81' lang='lat' dir='ltr'>absimili</span> <span class='ocrx_word' id='word_1_23' title='bbox 413 557 515 622; x_wconf 87' lang='lat' dir='ltr'>forma</span> <span class='ocrx_word' id='word_1_24' title='bbox 541 555 708 620; x_wconf 91' lang='lat' dir='ltr'>muralium</span> <span class='ocrx_word' id='word_1_25' title='bbox 734 555 871 621; x_wconf 84' lang='lat' dir='ltr'>falcium.</span> <span class='ocrx_word' id='word_1_26' title='bbox 919 557 980 620; x_wconf 91' lang='lat' dir='ltr'>His</span> <span class='ocrx_word' id='word_1_27' title='bbox 1006 578 1102 642; x_wconf 91' lang='lat' dir='ltr'>quum</span> 
     </span>
     <span class='ocr_line' id='line_1_5' title="bbox 147 640 1100 729; baseline -0.001 -21"><span class='ocrx_word' id='word_1_28' title='bbox 147 644 252 726; x_wconf 81' lang='lat' dir='ltr'>funes,</span> <span class='ocrx_word' id='word_1_29' title='bbox 296 645 330 706; x_wconf 93' lang='lat' dir='ltr'>ui</span> <span class='ocrx_word' id='word_1_30' title='bbox 351 651 514 706; x_wconf 80' lang='lat' dir='ltr'>antemnas</span> <span class='ocrx_word' id='word_1_31' title='bbox 538 648 578 706; x_wconf 90' lang='lat' dir='ltr'>ad</span> <span class='ocrx_word' id='word_1_32' title='bbox 601 641 701 706; x_wconf 87' lang='lat' dir='ltr'>malos</span> <span class='ocrx_word' id='word_1_33' title='bbox 725 640 938 724; x_wconf 76' lang='lat' dir='ltr'>destinabant,</span> <span class='ocrx_word' id='word_1_34' title='bbox 961 663 1100 729; x_wconf 90' lang='lat' dir='ltr'>compre·</span> 
     </span>
     <span class='ocr_line' id='line_1_6' title="bbox 147 666 1101 815; baseline -0.003 -22"><span class='ocrx_word' id='word_1_35' title='bbox 147 729 242 794; x_wconf 87' lang='lat' dir='ltr'>hensi</span> <span class='ocrx_word' id='word_1_36' title='bbox 264 666 453 815; x_wconf 73' lang='lat' dir='ltr'>ddductique</span> <span class='ocrx_word' id='word_1_37' title='bbox 476 737 575 809; x_wconf 90' lang='lat' dir='ltr'>erant,</span> <span class='ocrx_word' id='word_1_38' title='bbox 597 729 724 813; x_wconf 85' lang='lat' dir='ltr'>navigio</span> <span class='ocrx_word' id='word_1_39' title='bbox 745 729 840 791; x_wconf 88' lang='lat' dir='ltr'>remis</span> <span class='ocrx_word' id='word_1_40' title='bbox 862 729 989 792; x_wconf 90' lang='lat' dir='ltr'>incitato</span> <span class='ocrx_word' id='word_1_41' title='bbox 1011 749 1101 813; x_wconf 85' lang='lat' dir='ltr'>prae-</span> 
     </span>
     <span class='ocr_line' id='line_1_7' title="bbox 147 812 1101 902; baseline -0.002 -24"><span class='ocrx_word' id='word_1_42' title='bbox 147 813 386 902; x_wconf 88' lang='lat' dir='ltr'>rumpebantur.</span> <span class='ocrx_word' id='word_1_43' title='bbox 416 812 538 894; x_wconf 81' lang='lat' dir='ltr'>Quibus</span> <span class='ocrx_word' id='word_1_44' title='bbox 567 812 699 876; x_wconf 87' lang='lat' dir='ltr'>abscisis</span> <span class='ocrx_word' id='word_1_45' title='bbox 726 821 892 878; x_wconf 86' lang='lat' dir='ltr'>antemnae</span> <span class='ocrx_word' id='word_1_46' title='bbox 920 814 1101 877; x_wconf 89' lang='lat' dir='ltr'>necessario</span> 
     </span>
     <span class='ocr_line' id='line_1_8' title="bbox 150 897 1099 984; baseline -0.002 -20"><span class='ocrx_word' id='word_1_47' title='bbox 150 899 368 982; x_wconf 78' lang='lat' dir='ltr'>concidebant,</span> <span class='ocrx_word' id='word_1_48' title='bbox 390 908 433 981; x_wconf 92' lang='lat' dir='ltr'>ut,</span> <span class='ocrx_word' id='word_1_49' title='bbox 458 921 554 984; x_wconf 91' lang='lat' dir='ltr'>quum</span> <span class='ocrx_word' id='word_1_50' title='bbox 576 899 677 964; x_wconf 88' lang='lat' dir='ltr'>omnis</span> <span class='ocrx_word' id='word_1_51' title='bbox 700 897 831 963; x_wconf 82' lang='lat' dir='ltr'>Gallicis</span> <span class='ocrx_word' id='word_1_52' title='bbox 859 898 994 962; x_wconf 87' lang='lat' dir='ltr'>navibus</span> <span class='ocrx_word' id='word_1_53' title='bbox 1027 919 1099 984; x_wconf 85' lang='lat' dir='ltr'>spes</span> 
     </span>
     <span class='ocr_line' id='line_1_9' title="bbox 148 983 1100 1070; baseline -0.002 -22"><span class='ocrx_word' id='word_1_54' title='bbox 148 987 184 1048; x_wconf 91' lang='lat' dir='ltr'>in</span> <span class='ocrx_word' id='word_1_55' title='bbox 200 985 281 1049; x_wconf 83' lang='lat' dir='ltr'>velis</span> <span class='ocrx_word' id='word_1_56' title='bbox 297 985 562 1070; x_wconf 85' lang='lat' dir='ltr'>armamentisque</span> <span class='ocrx_word' id='word_1_57' title='bbox 578 985 774 1066; x_wconf 84' lang='lat' dir='ltr'>consisteret,</span> <span class='ocrx_word' id='word_1_58' title='bbox 795 983 844 1046; x_wconf 91' lang='lat' dir='ltr'>his</span> <span class='ocrx_word' id='word_1_59' title='bbox 860 985 975 1070; x_wconf 89' lang='lat' dir='ltr'>ereptis</span> <span class='ocrx_word' id='word_1_60' title='bbox 998 983 1100 1048; x_wconf 88' lang='lat' dir='ltr'>omnis</span> 
     </span>
     <span class='ocr_line' id='line_1_10' title="bbox 146 1067 1099 1156; baseline -0.003 -22"><span class='ocrx_word' id='word_1_61' title='bbox 146 1093 223 1134; x_wconf 88' lang='lat' dir='ltr'>usus</span> <span class='ocrx_word' id='word_1_62' title='bbox 255 1071 384 1134; x_wconf 89' lang='lat' dir='ltr'>navium</span> <span class='ocrx_word' id='word_1_63' title='bbox 417 1091 481 1134; x_wconf 92' lang='lat' dir='ltr'>uno</span> <span class='ocrx_word' id='word_1_64' title='bbox 517 1078 659 1155; x_wconf 89' lang='lat' dir='ltr'>tempore</span> <span class='ocrx_word' id='word_1_65' title='bbox 694 1071 878 1156; x_wconf 85' lang='lat' dir='ltr'>eriperetur.</span> <span class='ocrx_word' id='word_1_66' title='bbox 932 1067 1099 1154; x_wconf 87' lang='lat' dir='ltr'>Reliquum</span> 
     </span>
     <span class='ocr_line' id='line_1_11' title="bbox 147 1153 1100 1242; baseline -0.003 -22"><span class='ocrx_word' id='word_1_67' title='bbox 147 1165 219 1220; x_wconf 89' lang='lat' dir='ltr'>erat</span> <span class='ocrx_word' id='word_1_68' title='bbox 241 1165 400 1221; x_wconf 90' lang='lat' dir='ltr'>certamen</span> <span class='ocrx_word' id='word_1_69' title='bbox 421 1157 559 1242; x_wconf 86' lang='lat' dir='ltr'>positum</span> <span class='ocrx_word' id='word_1_70' title='bbox 580 1158 614 1219; x_wconf 92' lang='lat' dir='ltr'>in</span> <span class='ocrx_word' id='word_1_71' title='bbox 634 1155 758 1238; x_wconf 89' lang='lat' dir='ltr'>virtute,</span> <span class='ocrx_word' id='word_1_72' title='bbox 782 1175 844 1240; x_wconf 90' lang='lat' dir='ltr'>qua</span> <span class='ocrx_word' id='word_1_73' title='bbox 864 1156 964 1218; x_wconf 88' lang='lat' dir='ltr'>nostri</span> <span class='ocrx_word' id='word_1_74' title='bbox 984 1153 1100 1218; x_wconf 90' lang='lat' dir='ltr'>milites</span> 
     </span>
     <span class='ocr_line' id='line_1_12' title="bbox 144 1239 1101 1343; baseline -0.001 -39"><span class='ocrx_word' id='word_1_75' title='bbox 144 1240 239 1305; x_wconf 85' lang='lat' dir='ltr'>facile</span> <span class='ocrx_word' id='word_1_76' title='bbox 255 1240 456 1327; x_wconf 88' lang='lat' dir='ltr'>superabant,</span> <span class='ocrx_word' id='word_1_77' title='bbox 480 1249 573 1343; x_wconf 87' lang='lat' dir='ltr'>atque</span> <span class='ocrx_word' id='word_1_78' title='bbox 589 1262 627 1306; x_wconf 90' lang='lat' dir='ltr'>eo</span> <span class='ocrx_word' id='word_1_79' title='bbox 641 1241 753 1327; x_wconf 79' lang='lat' dir='ltr'>magis,</span> <span class='ocrx_word' id='word_1_80' title='bbox 776 1239 860 1328; x_wconf 92' lang='lat' dir='ltr'>quod</span> <span class='ocrx_word' id='word_1_81' title='bbox 881 1241 914 1304; x_wconf 94' lang='lat' dir='ltr'>in</span> <span class='ocrx_word' id='word_1_82' title='bbox 929 1247 1101 1325; x_wconf 87' lang='lat' dir='ltr'>conspectu</span> 
     </span>
     <span class='ocr_line' id='line_1_13' title="bbox 146 1324 1100 1414; baseline -0.002 -24"><span class='ocrx_word' id='word_1_83' title='bbox 146 1324 293 1391; x_wconf 80' lang='lat' dir='ltr'>Caesaris</span> <span class='ocrx_word' id='word_1_84' title='bbox 323 1335 355 1389; x_wconf 90' lang='lat' dir='ltr'>at</span> <span class='ocrx_word' id='word_1_85' title='bbox 377 1349 418 1392; x_wconf 93' lang='lat' dir='ltr'>uc</span> <span class='ocrx_word' id='word_1_86' title='bbox 451 1350 551 1393; x_wconf 81' lang='lat' dir='ltr'>omnis</span> <span class='ocrx_word' id='word_1_87' title='bbox 581 1328 738 1392; x_wconf 83' lang='lat' dir='ltr'>exercitus</span> <span class='ocrx_word' id='word_1_88' title='bbox 769 1349 821 1392; x_wconf 90' lang='lat' dir='ltr'>res</span> <span class='ocrx_word' id='word_1_89' title='bbox 848 1324 1033 1414; x_wconf 84' lang='lat' dir='ltr'>gerebatur,</span> <span class='ocrx_word' id='word_1_90' title='bbox 1065 1334 1100 1388; x_wconf 89' lang='lat' dir='ltr'>ut</span> 
     </span>
     <span class='ocr_line' id='line_1_14' title="bbox 142 1351 1099 1500; baseline 0.002 -26"><span class='ocrx_word' id='word_1_91' title='bbox 142 1411 267 1476; x_wconf 92' lang='lat' dir='ltr'>nullum</span> <span class='ocrx_word' id='word_1_92' title='bbox 321 1351 393 1476; x_wconf 75' lang='lat' dir='ltr'>aulo</span> <span class='ocrx_word' id='word_1_93' title='bbox 419 1412 531 1477; x_wconf 85' lang='lat' dir='ltr'>fortius</span> <span class='ocrx_word' id='word_1_94' title='bbox 559 1413 677 1476; x_wconf 89' lang='lat' dir='ltr'>factum</span> <span class='ocrx_word' id='word_1_95' title='bbox 705 1413 803 1480; x_wconf 87' lang='lat' dir='ltr'>latere</span> <span class='ocrx_word' id='word_1_96' title='bbox 835 1424 956 1500; x_wconf 80' lang='lat' dir='ltr'>posset3</span> <span class='ocrx_word' id='word_1_97' title='bbox 990 1431 1099 1479; x_wconf 86' lang='lat' dir='ltr'>omnes</span> 
     </span>
     <span class='ocr_line' id='line_1_15' title="bbox 144 1434 1098 1586; baseline -0.001 -24"><span class='ocrx_word' id='word_1_98' title='bbox 144 1498 230 1562; x_wconf 88' lang='lat' dir='ltr'>enim</span> <span class='ocrx_word' id='word_1_99' title='bbox 253 1434 349 1563; x_wconf 75' lang='lat' dir='ltr'>colles</span> <span class='ocrx_word' id='word_1_100' title='bbox 371 1520 409 1562; x_wconf 92' lang='lat' dir='ltr'>ac</span> <span class='ocrx_word' id='word_1_101' title='bbox 429 1497 500 1562; x_wconf 87' lang='lat' dir='ltr'>loca</span> <span class='ocrx_word' id='word_1_102' title='bbox 522 1500 693 1585; x_wconf 89' lang='lat' dir='ltr'>superiora,</span> <span class='ocrx_word' id='word_1_103' title='bbox 715 1498 799 1563; x_wconf 92' lang='lat' dir='ltr'>unde</span> <span class='ocrx_word' id='word_1_104' title='bbox 815 1508 882 1563; x_wconf 89' lang='lat' dir='ltr'>erat</span> <span class='ocrx_word' id='word_1_105' title='bbox 902 1500 1098 1586; x_wconf 82' lang='lat' dir='ltr'>propinquus</span> 
     </span>
     <span class='ocr_line' id='line_1_16' title="bbox 142 1581 936 1668; baseline 0 -21"><span class='ocrx_word' id='word_1_106' title='bbox 142 1581 312 1668; x_wconf 85' lang='lat' dir='ltr'>despectus</span> <span class='ocrx_word' id='word_1_107' title='bbox 334 1583 367 1645; x_wconf 89' lang='lat' dir='ltr'>in</span> <span class='ocrx_word' id='word_1_108' title='bbox 389 1604 486 1664; x_wconf 90' lang='lat' dir='ltr'>mare,</span> <span class='ocrx_word' id='word_1_109' title='bbox 511 1583 551 1647; x_wconf 83' lang='lat' dir='ltr'>ab</span> <span class='ocrx_word' id='word_1_110' title='bbox 575 1586 717 1647; x_wconf 87' lang='lat' dir='ltr'>exercitu</span> <span class='ocrx_word' id='word_1_111' title='bbox 737 1583 936 1648; x_wconf 89' lang='lat' dir='ltr'>tenebantur.</span> 
     </span>
    </p>

    <p class='ocr_par' dir='ltr' id='par_1_3' title="bbox 139 1666 1097 2864">
     <span class='ocr_line' id='line_1_17' title="bbox 210 1666 1097 1756; baseline -0.002 -23"><span class='ocrx_word' id='word_1_112' title='bbox 210 1667 259 1733; x_wconf 85' lang='lat'>15.</span> <span class='ocrx_word' id='word_1_113' title='bbox 292 1666 452 1752; x_wconf 87' lang='lat' dir='ltr'>Disiectis,</span> <span class='ocrx_word' id='word_1_114' title='bbox 475 1677 510 1732; x_wconf 95' lang='lat' dir='ltr'>ut</span> <span class='ocrx_word' id='word_1_115' title='bbox 531 1668 682 1750; x_wconf 85' lang='lat' dir='ltr'>diximus,</span> <span class='ocrx_word' id='word_1_116' title='bbox 713 1671 884 1751; x_wconf 87' lang='lat' dir='ltr'>antemnis,</span> <span class='ocrx_word' id='word_1_117' title='bbox 915 1691 1010 1756; x_wconf 90' lang='lat' dir='ltr'>quum</span> <span class='ocrx_word' id='word_1_118' title='bbox 1037 1672 1097 1732; x_wconf 88' lang='lat' dir='ltr'>sin-</span> 
     </span>
     <span class='ocr_line' id='line_1_18' title="bbox 142 1753 1096 1838; baseline -0.002 -20"><span class='ocrx_word' id='word_1_119' title='bbox 142 1753 233 1838; x_wconf 85' lang='lat' dir='ltr'>gulas</span> <span class='ocrx_word' id='word_1_120' title='bbox 255 1755 350 1819; x_wconf 87' lang='lat' dir='ltr'>binae</span> <span class='ocrx_word' id='word_1_121' title='bbox 373 1763 539 1819; x_wconf 85' lang='lat' dir='ltr'>aeternae</span> <span class='ocrx_word' id='word_1_122' title='bbox 561 1777 658 1820; x_wconf 89' lang='lat' dir='ltr'>naves</span> <span class='ocrx_word' id='word_1_123' title='bbox 679 1756 960 1837; x_wconf 88' lang='lat' dir='ltr'>circumsteterant,</span> <span class='ocrx_word' id='word_1_124' title='bbox 982 1753 1096 1818; x_wconf 88' lang='lat' dir='ltr'>milites</span> 
     </span>
     <span class='ocr_line' id='line_1_19' title="bbox 143 1839 1085 1906; baseline 0 -4"><span class='ocrx_word' id='word_1_125' title='bbox 143 1862 267 1905; x_wconf 90' lang='lat' dir='ltr'>summa</span> <span class='ocrx_word' id='word_1_126' title='bbox 287 1841 320 1905; x_wconf 87' lang='lat' dir='ltr'>vi</span> <span class='ocrx_word' id='word_1_127' title='bbox 341 1841 621 1906; x_wconf 78' lang='lat' dir='ltr'>transcenderem</span> <span class='ocrx_word' id='word_1_128' title='bbox 647 1839 783 1905; x_wconf 91' lang='lat' dir='ltr'>hostium</span> <span class='ocrx_word' id='word_1_129' title='bbox 809 1862 908 1904; x_wconf 88' lang='lat' dir='ltr'>naves</span> <span class='ocrx_word' id='word_1_130' title='bbox 930 1839 1085 1905; x_wconf 88' lang='lat' dir='ltr'>contende</span> 
     </span>
     <span class='ocr_line' id='line_1_20' title="bbox 142 1923 1096 2013; baseline -0.001 -25"><span class='ocrx_word' id='word_1_131' title='bbox 142 1923 228 1989; x_wconf 85' lang='lat' dir='ltr'>bant</span> <span class='ocrx_word' id='word_1_132' title='bbox 252 1925 346 2004; x_wconf 81' lang='lat' dir='ltr'>Quod</span> <span class='ocrx_word' id='word_1_133' title='bbox 360 1937 533 2013; x_wconf 86' lang='lat' dir='ltr'>¹postquam</span> <span class='ocrx_word' id='word_1_134' title='bbox 554 1924 683 1990; x_wconf 85' lang='lat' dir='ltr'>barbari</span> <span class='ocrx_word' id='word_1_135' title='bbox 703 1927 773 1990; x_wconf 90' lang='lat' dir='ltr'>fieri</span> <span class='ocrx_word' id='word_1_136' title='bbox 797 1924 1096 2006; x_wconf 84' lang='lat' dir='ltr'>animadverterunt,</span> 
     </span>
     <span class='ocr_line' id='line_1_21' title="bbox 143 2008 1096 2098; baseline 0 -24"><span class='ocrx_word' id='word_1_137' title='bbox 143 2013 330 2096; x_wconf 81' lang='lat' dir='ltr'>expugnatis</span> <span class='ocrx_word' id='word_1_138' title='bbox 349 2033 418 2075; x_wconf 91' lang='lat' dir='ltr'>com</span> <span class='ocrx_word' id='word_1_139' title='bbox 440 2010 560 2075; x_wconf 92' lang='lat' dir='ltr'>luribus</span> <span class='ocrx_word' id='word_1_140' title='bbox 582 2010 727 2094; x_wconf 85' lang='lat' dir='ltr'>navibus,</span> <span class='ocrx_word' id='word_1_141' title='bbox 747 2033 843 2098; x_wconf 92' lang='lat' dir='ltr'>quum</span> <span class='ocrx_word' id='word_1_142' title='bbox 862 2011 893 2074; x_wconf 91' lang='lat' dir='ltr'>ei</span> <span class='ocrx_word' id='word_1_143' title='bbox 912 2011 960 2074; x_wconf 88' lang='lat' dir='ltr'>rei</span> <span class='ocrx_word' id='word_1_144' title='bbox 974 2008 1096 2074; x_wconf 92' lang='lat' dir='ltr'>nullum</span> 
     </span>
     <span class='ocr_line' id='line_1_22' title="bbox 141 2095 1095 2183; baseline 0 -25"><span class='ocrx_word' id='word_1_145' title='bbox 141 2097 332 2180; x_wconf 88' lang='lat' dir='ltr'>reperiretur</span> <span class='ocrx_word' id='word_1_146' title='bbox 344 2117 383 2159; x_wconf 89' lang='lat' dir='ltr'>au</span> <span class='ocrx_word' id='word_1_147' title='bbox 408 2097 415 2111; x_wconf 85' lang='lat'>&#39;</span> <span class='ocrx_word' id='word_1_148' title='bbox 432 2097 503 2179; x_wconf 87' lang='lat' dir='ltr'>&#39;um,</span> <span class='ocrx_word' id='word_1_149' title='bbox 515 2096 592 2182; x_wconf 88' lang='lat' dir='ltr'>fuga</span> <span class='ocrx_word' id='word_1_150' title='bbox 604 2097 850 2183; x_wconf 88' lang='lat' dir='ltr'>salutempetere</span> <span class='ocrx_word' id='word_1_151' title='bbox 859 2095 1095 2160; x_wconf 77' lang='lat' dir='ltr'>contenderunt</span> 
     </span>
     <span class='ocr_line' id='line_1_23' title="bbox 140 2178 1095 2268; baseline 0 -25"><span class='ocrx_word' id='word_1_152' title='bbox 140 2178 191 2244; x_wconf 89' lang='lat' dir='ltr'>Ac</span> <span class='ocrx_word' id='word_1_153' title='bbox 204 2182 269 2244; x_wconf 90' lang='lat' dir='ltr'>iam</span> <span class='ocrx_word' id='word_1_154' title='bbox 284 2182 446 2246; x_wconf 86' lang='lat' dir='ltr'>conversis</span> <span class='ocrx_word' id='word_1_155' title='bbox 464 2183 498 2245; x_wconf 90' lang='lat' dir='ltr'>in</span> <span class='ocrx_word' id='word_1_156' title='bbox 514 2190 721 2268; x_wconf 86' lang='lat' dir='ltr'>campartem</span> <span class='ocrx_word' id='word_1_157' title='bbox 735 2181 880 2264; x_wconf 88' lang='lat' dir='ltr'>navibus,</span> <span class='ocrx_word' id='word_1_158' title='bbox 904 2203 966 2268; x_wconf 92' lang='lat' dir='ltr'>quo</span> <span class='ocrx_word' id='word_1_159' title='bbox 980 2190 1095 2245; x_wconf 83' lang='lat' dir='ltr'>ventus</span> 
     </span>
     <span class='ocr_line' id='line_1_24' title="bbox 140 2264 1094 2353; baseline -0.001 -24"><span class='ocrx_word' id='word_1_160' title='bbox 140 2264 272 2349; x_wconf 87' lang='lat' dir='ltr'>ferebat,</span> <span class='ocrx_word' id='word_1_161' title='bbox 294 2275 383 2330; x_wconf 89' lang='lat' dir='ltr'>tanta</span> <span class='ocrx_word' id='word_1_162' title='bbox 404 2266 507 2332; x_wconf 90' lang='lat' dir='ltr'>subito</span> <span class='ocrx_word' id='word_1_163' title='bbox 528 2267 663 2332; x_wconf 84' lang='lat' dir='ltr'>malacia</span> <span class='ocrx_word' id='word_1_164' title='bbox 678 2289 715 2331; x_wconf 87' lang='lat' dir='ltr'>ac</span> <span class='ocrx_word' id='word_1_165' title='bbox 733 2266 944 2353; x_wconf 87' lang='lat' dir='ltr'>tranquillitas</span> <span class='ocrx_word' id='word_1_166' title='bbox 966 2267 1094 2347; x_wconf 83' lang='lat' dir='ltr'>exstitit,</span> 
     </span>
     <span class='ocr_line' id='line_1_25' title="bbox 140 2349 1095 2438; baseline 0 -24"><span class='ocrx_word' id='word_1_167' title='bbox 140 2359 175 2414; x_wconf 88' lang='lat' dir='ltr'>ut</span> <span class='ocrx_word' id='word_1_168' title='bbox 196 2373 232 2416; x_wconf 91' lang='lat' dir='ltr'>se</span> <span class='ocrx_word' id='word_1_169' title='bbox 246 2373 296 2416; x_wconf 86' lang='lat' dir='ltr'>ex</span> <span class='ocrx_word' id='word_1_170' title='bbox 317 2350 387 2416; x_wconf 91' lang='lat' dir='ltr'>loco</span> <span class='ocrx_word' id='word_1_171' title='bbox 403 2373 603 2417; x_wconf 82' lang='lat' dir='ltr'>commovere</span> <span class='ocrx_word' id='word_1_172' title='bbox 622 2374 686 2418; x_wconf 90' lang='lat' dir='ltr'>non</span> <span class='ocrx_word' id='word_1_173' title='bbox 700 2362 838 2438; x_wconf 85' lang='lat' dir='ltr'>possent.</span> <span class='ocrx_word' id='word_1_174' title='bbox 863 2349 953 2431; x_wconf 83' lang='lat' dir='ltr'>Quae</span> <span class='ocrx_word' id='word_1_175' title='bbox 969 2351 1095 2437; x_wconf 91' lang='lat' dir='ltr'>quidem</span> 
     </span>
     <span class='ocr_line' id='line_1_26' title="bbox 140 2435 1094 2523; baseline -0.001 -23"><span class='ocrx_word' id='word_1_176' title='bbox 140 2458 191 2500; x_wconf 91' lang='lat' dir='ltr'>res</span> <span class='ocrx_word' id='word_1_177' title='bbox 220 2435 263 2500; x_wconf 86' lang='lat' dir='ltr'>ad</span> <span class='ocrx_word' id='word_1_178' title='bbox 288 2437 449 2523; x_wconf 86' lang='lat' dir='ltr'>negotium</span> <span class='ocrx_word' id='word_1_179' title='bbox 478 2437 707 2503; x_wconf 90' lang='lat' dir='ltr'>conficiendum</span> <span class='ocrx_word' id='word_1_180' title='bbox 732 2437 868 2500; x_wconf 85' lang='lat' dir='ltr'>maxime</span> <span class='ocrx_word' id='word_1_181' title='bbox 895 2435 956 2500; x_wconf 87' lang='lat' dir='ltr'>fuit</span> <span class='ocrx_word' id='word_1_182' title='bbox 983 2458 1094 2522; x_wconf 89' lang='lat' dir='ltr'>oppor-</span> 
     </span>
     <span class='ocr_line' id='line_1_27' title="bbox 140 2521 1093 2608; baseline 0 -23"><span class='ocrx_word' id='word_1_183' title='bbox 140 2528 234 2585; x_wconf 85' lang='lat' dir='ltr'>tuna:</span> <span class='ocrx_word' id='word_1_184' title='bbox 256 2543 331 2585; x_wconf 90' lang='lat' dir='ltr'>nam</span> <span class='ocrx_word' id='word_1_185' title='bbox 353 2521 493 2608; x_wconf 78' lang='lat' dir='ltr'>singulas</span> <span class='ocrx_word' id='word_1_186' title='bbox 514 2525 616 2588; x_wconf 88' lang='lat' dir='ltr'>nostri</span> <span class='ocrx_word' id='word_1_187' title='bbox 636 2523 807 2589; x_wconf 87' lang='lat' dir='ltr'>consectati</span> <span class='ocrx_word' id='word_1_188' title='bbox 822 2529 1093 2606; x_wconf 81' lang='lat' dir='ltr'>expugnaverunt,</span> 
     </span>
     <span class='ocr_line' id='line_1_28' title="bbox 139 2605 1094 2694; baseline 0 -24"><span class='ocrx_word' id='word_1_189' title='bbox 139 2615 371 2694; x_wconf 44' lang='lat' dir='ltr'>utfperpaucae</span> <span class='ocrx_word' id='word_1_190' title='bbox 394 2609 542 2672; x_wconf 88' lang='lat' dir='ltr'>exomni</span> <span class='ocrx_word' id='word_1_191' title='bbox 562 2629 693 2673; x_wconf 88' lang='lat' dir='ltr'>numero</span> <span class='ocrx_word' id='word_1_192' title='bbox 721 2609 823 2672; x_wconf 89' lang='lat' dir='ltr'>noctis</span> <span class='ocrx_word' id='word_1_193' title='bbox 851 2610 1031 2672; x_wconf 84' lang='lat' dir='ltr'>interventu</span> <span class='ocrx_word' id='word_1_194' title='bbox 1053 2605 1094 2670; x_wconf 89' lang='lat' dir='ltr'>ad</span> 
     </span>
     <span class='ocr_line' id='line_1_29' title="bbox 139 2692 1093 2780; baseline -0.001 -24"><span class='ocrx_word' id='word_1_195' title='bbox 139 2699 256 2756; x_wconf 88' lang='lat' dir='ltr'>terram</span> <span class='ocrx_word' id='word_1_196' title='bbox 275 2694 487 2778; x_wconf 84' lang='lat' dir='ltr'>pervenerint,</span> <span class='ocrx_word' id='word_1_197' title='bbox 511 2716 608 2780; x_wconf 91' lang='lat' dir='ltr'>quum</span> <span class='ocrx_word' id='word_1_198' title='bbox 623 2693 663 2758; x_wconf 89' lang='lat' dir='ltr'>ab</span> <span class='ocrx_word' id='word_1_199' title='bbox 686 2693 765 2759; x_wconf 88' lang='lat' dir='ltr'>hora</span> <span class='ocrx_word' id='word_1_200' title='bbox 777 2692 845 2757; x_wconf 87' lang='lat' dir='ltr'>fere</span> <span class='ocrx_word' id='word_1_201' title='bbox 861 2700 974 2779; x_wconf 86' lang='lat' dir='ltr'>quarta</span> <span class='ocrx_word' id='word_1_202' title='bbox 992 2713 1093 2777; x_wconf 88' lang='lat' dir='ltr'>usque</span> 
     </span>
     <span class='ocr_line' id='line_1_30' title="bbox 140 2777 670 2864; baseline 0.002 -23"><span class='ocrx_word' id='word_1_203' title='bbox 140 2777 181 2841; x_wconf 85' lang='lat' dir='ltr'>&#39;ad</span> <span class='ocrx_word' id='word_1_204' title='bbox 202 2777 278 2842; x_wconf 89' lang='lat' dir='ltr'>solis</span> <span class='ocrx_word' id='word_1_205' title='bbox 300 2799 446 2842; x_wconf 84' lang='lat' dir='ltr'>occasum</span> <span class='ocrx_word' id='word_1_206' title='bbox 488 2788 670 2864; x_wconf 85' lang='lat' dir='ltr'>ugnaretur.</span> 
     </span>
    </p>

    <p class='ocr_par' dir='ltr' id='par_1_4' title="bbox 137 2800 1093 3204">
     <span class='ocr_line' id='line_1_31' title="bbox 202 2800 1093 2951; baseline -0.002 -23"><span class='ocrx_word' id='word_1_207' title='bbox 202 2861 253 2928; x_wconf 90' lang='grc'>16.</span> <span class='ocrx_word' id='word_1_208' title='bbox 291 2861 362 2943; x_wconf 82' lang='lat' dir='ltr'>Quo</span> <span class='ocrx_word' id='word_1_209' title='bbox 398 2800 520 2948; x_wconf 65' lang='lat' dir='ltr'>proelio</span> <span class='ocrx_word' id='word_1_210' title='bbox 554 2863 674 2928; x_wconf 93' lang='lat' dir='ltr'>bellum</span> <span class='ocrx_word' id='word_1_211' title='bbox 704 2863 898 2929; x_wconf 89' lang='lat' dir='ltr'>Venetorum</span> <span class='ocrx_word' id='word_1_212' title='bbox 934 2863 1093 2951; x_wconf 81' lang='lat' dir='ltr'>totiusque</span> 
     </span>
     <span class='ocr_line' id='line_1_32' title="bbox 139 2948 1093 3034; baseline -0.002 -22"><span class='ocrx_word' id='word_1_213' title='bbox 139 2969 213 3012; x_wconf 88' lang='lat' dir='ltr'>orae</span> <span class='ocrx_word' id='word_1_214' title='bbox 240 2949 417 3013; x_wconf 88' lang='lat' dir='ltr'>maritimae</span> <span class='ocrx_word' id='word_1_215' title='bbox 444 2949 620 3013; x_wconf 89' lang='lat' dir='ltr'>confectum</span> <span class='ocrx_word' id='word_1_216' title='bbox 653 2958 709 3013; x_wconf 88' lang='lat' dir='ltr'>est.</span> <span class='ocrx_word' id='word_1_217' title='bbox 753 2949 835 3012; x_wconf 86' lang='lat' dir='ltr'>Nam</span> <span class='ocrx_word' id='word_1_218' title='bbox 862 2969 958 3034; x_wconf 91' lang='lat' dir='ltr'>quum</span> <span class='ocrx_word' id='word_1_219' title='bbox 990 2948 1093 3024; x_wconf 88' lang='lat' dir='ltr'>omnis</span> 
     </span>
     <span class='ocr_line' id='line_1_33' title="bbox 137 3031 1091 3121; baseline -0.001 -25"><span class='ocrx_word' id='word_1_220' title='bbox 137 3033 301 3116; x_wconf 82' lang='lat' dir='ltr'>iuventus,</span> <span class='ocrx_word' id='word_1_221' title='bbox 330 3035 439 3098; x_wconf 89' lang='lat' dir='ltr'>omn&#39;es</span> <span class='ocrx_word' id='word_1_222' title='bbox 467 3037 561 3098; x_wconf 89' lang='lat' dir='ltr'>etiam</span> <span class='ocrx_word' id='word_1_223' title='bbox 587 3035 742 3121; x_wconf 82' lang='lat' dir='ltr'>gravioris</span> <span class='ocrx_word' id='word_1_224' title='bbox 769 3033 896 3115; x_wconf 87' lang='lat' dir='ltr'>aetatis,</span> <span class='ocrx_word' id='word_1_225' title='bbox 923 3031 1091 3119; x_wconf 86' lang='lat' dir='ltr'>inquibus</span> 
     </span>
     <span class='ocr_line' id='line_1_34' title="bbox 138 3117 1090 3204; baseline -0.002 -22"><span class='ocrx_word' id='word_1_226' title='bbox 138 3117 258 3204; x_wconf 84' lang='lat' dir='ltr'>aliquid</span> <span class='ocrx_word' id='word_1_227' title='bbox 286 3117 409 3184; x_wconf 88' lang='lat' dir='ltr'>consilii</span> <span class='ocrx_word' id='word_1_228' title='bbox 439 3128 493 3182; x_wconf 90' lang='lat' dir='ltr'>aut</span> <span class='ocrx_word' id='word_1_229' title='bbox 519 3120 681 3204; x_wconf 83' lang='lat' dir='ltr'>‘dignitatis</span> <span class='ocrx_word' id='word_1_230' title='bbox 708 3119 781 3201; x_wconf 86' lang='lat' dir='ltr'>fuit,</span> <span class='ocrx_word' id='word_1_231' title='bbox 808 3140 845 3182; x_wconf 89' lang='lat' dir='ltr'>eo</span> <span class='ocrx_word' id='word_1_232' title='bbox 868 3125 1090 3199; x_wconf 87' lang='lat' dir='ltr'>convenerant,</span> 
     </span>
    </p>
   </div>
   <div class='ocr_carea' id='block_1_3' title="bbox 137 3202 1090 3538">
    <p class='ocr_par' dir='ltr' id='par_1_5' title="bbox 137 3202 1090 3538">
     <span class='ocr_line' id='line_1_35' title="bbox 137 3202 1090 3292; baseline -0.002 -24"><span class='ocrx_word' id='word_1_233' title='bbox 137 3212 204 3274; x_wconf 88' lang='lat' dir='ltr'>tum</span> <span class='ocrx_word' id='word_1_234' title='bbox 225 3206 355 3268; x_wconf 88' lang='lat' dir='ltr'>navium</span> <span class='ocrx_word' id='word_1_235' title='bbox 377 3203 461 3290; x_wconf 90' lang='lat' dir='ltr'>quod</span> <span class='ocrx_word' id='word_1_236' title='bbox 481 3202 598 3292; x_wconf 89' lang='lat' dir='ltr'>ubique</span> <span class='ocrx_word' id='word_1_237' title='bbox 619 3204 722 3268; x_wconf 84' lang='lat' dir='ltr'>fuerat</span> <span class='ocrx_word' id='word_1_238' title='bbox 742 3206 776 3268; x_wconf 91' lang='lat' dir='ltr'>in</span> <span class='ocrx_word' id='word_1_239' title='bbox 790 3225 888 3268; x_wconf 91' lang='lat' dir='ltr'>unum</span> <span class='ocrx_word' id='word_1_240' title='bbox 902 3203 1006 3267; x_wconf 87' lang='lat' dir='ltr'>locum</span> <span class='ocrx_word' id='word_1_241' title='bbox 1021 3210 1090 3267; x_wconf 86' lang='lat' dir='ltr'>co’e&#39;·</span> 
     </span>
     <span class='ocr_line' id='line_1_36' title="bbox 137 3287 1089 3376; baseline -0.003 -22"><span class='ocrx_word' id='word_1_242' title='bbox 137 3299 263 3374; x_wconf 78' lang='lat' dir='ltr'>gerant3</span> <span class='ocrx_word' id='word_1_243' title='bbox 286 3287 400 3375; x_wconf 91' lang='lat' dir='ltr'>quibus</span> <span class='ocrx_word' id='word_1_244' title='bbox 422 3291 545 3354; x_wconf 88' lang='lat' dir='ltr'>amissis</span> <span class='ocrx_word' id='word_1_245' title='bbox 567 3289 681 3376; x_wconf 90' lang='lat' dir='ltr'>reliqui</span> <span class='ocrx_word' id='word_1_246' title='bbox 702 3311 805 3376; x_wconf 91' lang='lat' dir='ltr'>neque</span> <span class='ocrx_word' id='word_1_247' title='bbox 828 3310 889 3375; x_wconf 92' lang='lat' dir='ltr'>quo</span> <span class='ocrx_word' id='word_1_248' title='bbox 916 3310 950 3352; x_wconf 89' lang='lat' dir='ltr'>se</span> <span class='ocrx_word' id='word_1_249' title='bbox 970 3289 1036 3352; x_wconf 90' lang='lat' dir='ltr'>reci</span> <span class='ocrx_word' id='word_1_250' title='bbox 1059 3307 1089 3351; x_wconf 90' lang='lat' dir='ltr'>e-</span> 
     </span>
     <span class='ocr_line' id='line_1_37' title="bbox 137 3310 1089 3462; baseline -0.001 -24"><span class='ocrx_word' id='word_1_251' title='bbox 137 3384 215 3457; x_wconf 89' lang='lat' dir='ltr'>rent,</span> <span class='ocrx_word' id='word_1_252' title='bbox 230 3395 334 3462; x_wconf 92' lang='lat' dir='ltr'>neque</span> <span class='ocrx_word' id='word_1_253' title='bbox 351 3374 614 3460; x_wconf 89' lang='lat' dir='ltr'>quemadmodum</span> <span class='ocrx_word' id='word_1_254' title='bbox 629 3375 745 3461; x_wconf 84' lang='lat' dir='ltr'>oppida</span> <span class='ocrx_word' id='word_1_255' title='bbox 760 3373 972 3456; x_wconf 82' lang='lat' dir='ltr'>defenderent,</span> <span class='ocrx_word' id='word_1_256' title='bbox 994 3310 1089 3438; x_wconf 69' lang='lat' dir='ltr'>habe·</span> 
     </span>
     <span class='ocr_line' id='line_1_38' title="bbox 137 3457 1088 3538; baseline -0.002 -16"><span class='ocrx_word' id='word_1_257' title='bbox 137 3457 222 3524; x_wconf 81' lang='lat' dir='ltr'>bant</span> <span class='ocrx_word' id='word_1_258' title='bbox 260 3461 372 3536; x_wconf 80' lang='lat' dir='ltr'>Itaque</span> <span class='ocrx_word' id='word_1_259' title='bbox 402 3481 437 3524; x_wconf 91' lang='lat' dir='ltr'>se</span> <span class='ocrx_word' id='word_1_260' title='bbox 464 3481 582 3538; x_wconf 85' lang='lat' dir='ltr'>suaque</span> <span class='ocrx_word' id='word_1_261' title='bbox 612 3461 717 3525; x_wconf 90' lang='lat' dir='ltr'>omnia</span> <span class='ocrx_word' id='word_1_262' title='bbox 739 3457 870 3524; x_wconf 81' lang='lat' dir='ltr'>Caesari</span> <span class='ocrx_word' id='word_1_263' title='bbox 892 3458 1088 3523; x_wconf 88' lang='lat' dir='ltr'>dediderunt.</span> 
     </span>
    </p>
   </div>
   <div class='ocr_carea' id='block_1_4' title="bbox 0 0 1272 3970">
    <p class='ocr_par' dir='ltr' id='par_1_6' title="bbox 0 0 1272 3970">
     <span class='ocr_line' id='line_1_39' title="bbox 0 0 1272 3970; baseline 0 4"><span class='ocrx_word' id='word_1_264' title='bbox 0 0 1272 3970; x_wconf 95' lang='lat' dir='ltr'> </span> 
     </span>
    </p>
   </div>
  </div>
 </body>
</html>
