2562 3970
180 207 223 271 52
465 205 527 270 DE
548 203 693 270 BELLO
716 201 849 268 OIVILI

178 376 369 458 laborarent,
392 376 493 442 altera
517 398 594 440 vero
623 373 800 462 praebaoto
829 381 931 438 rostro
953 381 1023 445 tota·
1042 373 1140 439 colla-

176 461 318 527 befieret
342 462 414 542 Qua
434 484 470 526 re
492 461 712 526 animadversa
733 482 815 546 quae
834 460 1000 545 proximae
1021 461 1051 523 ei
1066 460 1140 524 loeo

177 570 219 612 ex
240 548 333 612 Bruti
348 548 449 612 classe
463 569 561 610 naves
577 555 667 611 erant
680 547 714 609 in
736 567 790 609 eas
804 544 976 630 impeditas·
985 545 1138 632 impetum

176 633 294 698 faciunt
316 633 461 698 celeriter
482 654 522 696 ue
544 632 653 696 ambas
680 631 868 717 deprimunt

241 719 270 782 7.
293 717 358 782 Sed
378 655 570 782 Nasidianae
591 739 690 781 naves
704 715 791 781 nullo
813 716 885 780 usui
905 717 1031 781 fuerunt
1053 715 1138 782 cele·

176 803 314 889 riterque
335 825 443 888 pugna
464 811 685 868 excessenmt:
714 823 780 866 non
802 803 887 866 enim
907 802 964 865 bas
981 806 1041 866 'aut
1063 811 1136 866 con·

177 898 302 974 spectus
325 889 447 974 patriae
463 898 516 952 aut
530 889 776 974 propinquorum
788 896 961 1035 praecepta
976 887 1017 951 ad
1032 895 1140 952 extre·

176 996 262 1037 mum
282 975 367 1037 vitae
389 973 563 1058 periculum
593 972 681 1036 adire
710 987 788 1057 coge
812 981 876 1035 ant.
915 983 1010 1060 taque
1033 993 1138 1038 exeo

175 1079 308 1123 numero
323 1060 452 1122 navium
466 1059 554 1123 nulla
565 1058 742 1122 desiderata
753 1066 818 1121 est:
834 1077 876 1120 ex
889 1057 1137 1122 Massiliensium

176 1142 278 1207 classe
300 1153 326 1205 V
349 1154 421 1208 sunt
450 1144 635 1230 depressae,
665 1151 704 1205 IV
723 1152 834 1244 captae
841 1190 851 1224 ,
866 1163 930 1207 una
952 1165 1024 1207 cum
1044 1143 1137 1207 Nasi-

176 1229 278 1293 dianis
306 1228 459 1314 profugit3
490 1251 571 1316 quae
600 1250 709 1294 omnes
739 1229 917 1293 citeriorem
944 1229 1136 1315 Hispaniam

198 1316 363 1378 stiverunt.
384 1314 429 1378 At
451 1336 492 1380 ex
517 1313 648 1401 reliquis
676 1336 741 1379 una
760 1315 938 1400 praemissa
957 1314 1134 1378 Massiliam

174 1336 566 1486 buiusnuntiiperferendi
612 1402 675 1464 atia
686 1421 782 1486 quum
793 1400 856 1462 iam
869 1401 1139 1487 appropinquaret

174 1484 262 1567 urbi,
292 1487 393 1550 omnis
423 1507 493 1550 sese
525 1509 557 1550 m
591 1485 690 1549 titudo
723 1484 841 1567 effudit,
875 1495 907 1549 et
939 1507 975 1549 re
1007 1487 1136 1570 cognita

173 1579 280 1636 tantm
309 1570 412 1635 luctus
442 1579 583 1656 excepit,
615 1579 651 1634 ut
681 1570 757 1634 urbs
790 1569 830 1634 ab
863 1569 1007 1635 hostibus
1038 1579 1135 1658 ‘capta

174 1656 286 1722 eodem
307 1658 442 1743 vestigio
463 1656 634 1723 videretur.
656 1655 878 1721 ¹Massilienses
907 1663 1014 1718 tamen
1034 1655 1135 1720 nihilo

138 1779 141 1786 ·
173 1743 276 1806 secius
285 1742 327 1806 ad
337 1742 552 1808 defensionem
560 1739 778 1828 urbisreliqua
789 1763 943 1827 apparare
951 1752 1136 1826 coeperunt.

237 1827 267 1891 8.
289 1827 349 1892 Est
369 1827 621 1892 animadversum
637 1825 677 1890 ab
699 1827 889 1912 legionariis,
913 1828 967 1912 qui
989 1826 1135 1890 dextram

173 1921 296 2000 partem
328 1915 432 1999 operis
461 1912 737 1994 administrabant,
771 1935 813 1976 ex
845 1911 965 1984 crebris
997 1912 1135 1977 hostium

173 1999 390 2084 eruptionibus
411 2015 527 2083 magno
555 1997 616 2061 sibi
639 2020 708 2063 esse
731 1997 889 2082 praesidio
910 2019 1016 2083 posse,
1039 1999 1066 2060 si
1086 1997 1134 2061 ibi

151 2137 154 2152 1
194 2106 231 2149 ro
246 2083 377 2152 castello
393 2105 431 2147 ae
451 2082 651 2170 receptaculo
666 2083 777 2147 turrim
792 2105 833 2147 ex
848 2083 947 2146 latere
969 2082 1028 2147 sub
1043 2105 1136 2148 muro

172 2106 331 2234 lecissent.
344 2169 447 2249 Quam
458 2171 559 2255 primo
575 2168 616 2232 ad
626 2170 807 2255 repentinos
821 2169 965 2232 incursus
981 2167 1133 2232 humilem

171 2275 366 2340 parvamque
387 2255 537 2319 fecerunt.
560 2253 633 2318 Huc
655 2276 689 2318 se
711 2253 905 2335 referebant3
927 2254 1010 2334 hine,
1027 2256 1134 2339 siqua

172 2340 273 2404 maior
295 2349 496 2426 oppresserat
516 2341 576 2421 vis,
591 2338 849 2425 propugnabant3
872 2339 947 2402 hino
968 2339 1009 2402 ad
1030 2339 1131 2424 repel-

172 2423 302 2488 lendum
324 2434 356 2489 et
369 2425 624 2512 prosequendum
642 2425 764 2489 hostem
779 2423 1018 2510 procurrebant.
1040 2425 1132 2488 Pate-

171 2509 227 2574 bat
254 2510 333 2574 haee
360 2533 485 2598 quoquo
517 2532 630 2594 versus
659 2511 757 2596 pedes
786 2515 875 2593 XXX,
899 2510 956 2574 sed
977 2513 1132 2596 parietum

172 2596 347 2662 crassitudo
362 2597 460 2682 pedes
475 2605 509 2660 V.
526 2596 642 2660 Postea
654 2617 741 2676 vero,
761 2605 796 2660 ut
812 2605 860 2659 est
873 2617 979 2660 rerum
994 2597 1131 2660 omnium

171 2682 323 2767 magister
348 2703 434 2763 usus,
463 2681 625 2745 hominum
653 2681 794 2745 adbibita
822 2681 949 2746 solertia
969 2685 1130 2746 inventum

172 2774 221 2830 est
255 2789 370 2852 magno
404 2789 474 2831 esse
495 2768 567 2831 usui
611 2775 698 2848 osse,
725 2767 753 2829 si
779 2766 858 2831 haee
885 2776 974 2830 esset
1004 2766 1132 2831 1111111-

170 2851 312 2916 tudinem
332 2853 428 2916 turris
451 2851 573 2916 elatal
616 2852 677 2916 hac
693 2854 817 2916 ratione
838 2852 1012 2937 perfectum
1026 2861 1082 2916 est.

234 2937 265 3001 9.
287 2937 352 3002 Ubi
377 2939 483 3000 turris·
501 2937 632 3002 altitudo
653 2937 805 3022 perducta
835 2945 882 3002 est
908 2937 950 3001 ad
982 2936 1131 3002 contabu-

170 3022 330 3104 lationem,
353 3043 424 3086 eam
444 3025 480 3086 in.
498 3023 636 3108 parietes
658 3025 892 3103 imminerunt,
904 3023 950 3086 ita
970 3033 1005 3086 ut
1027 3023 1133 3109 capita

169 3111 330 3194 tignorum
352 3116 495 3171 extrema
515 3109 671 3208 parietum
690 3117 855 3172 ‘structura
875 3115 1067 3193 tegerentur,
1088 3130 1131 3172 ne

170 3193 248 3282 quid
270 3195 432 3275 emineret,
448 3193 504 3257 ubi
515 3193 597 3278 rgnis
611 3193 749 3258 hostium
764 3193 1015 3258 adhaeresceret.
1037 3193 1133 3258 Hanc

170 3282 301 3363 insuper
330 3279 605 3362 contignationem,
636 3285 786 3363 quantum
814 3286 932 3342 tectum
960 3278 1060 3364 plutei
1093 3301 1133 3342 ac

169 3367 336 3427 vinearum
346 3377 475 3448 passum
487 3372 545 3444 est,
560 3361 722 3427 latericulo
735 3363 961 3428 adstruxerunt
973 3386 1134 3450 supraque

172 3469 245 3510 eum
259 3446 364 3510 locum
379 3447 440 3513 duo
461 3449 550 3533 tigna
559 3457 742 3512 transversa
761 3449 937 3513 iniecerunt
957 3471 1022 3516 non
1035 3449 1133 3536 longe
