2490 3974
215 272 278 338 206
523 273 654 338 BELLI
674 273 865 339 AFRICAE

217 449 314 532 efficit
335 447 483 534 speciem.
505 445 543 508 In
564 446 625 510 hoc
646 447 721 531 iugo
737 445 834 510 colles
850 454 924 508 sunt
938 446 1064 509 excelsi
1080 448 1200 532 pauci,

218 535 252 598 in
274 532 390 620 quibus
413 529 556 617 singulae
578 541 681 594 turres
705 531 918 616 speculaeque
940 531 1092 615 singulae
1120 555 1200 618 per-

216 628 344 684 veteres
366 625 458 681 erant
473 615 655 697 collocatae,
679 639 810 702 quarum
826 615 912 702 apud
926 615 1075 680 ultimam
1092 640 1199 703 prae·

219 705 334 769 sidium
356 712 388 768 et
410 702 503 766 statio
524 701 584 764 fuit
605 700 771 785 Scipionis.

281 790 334 854 38.
355 789 432 853 Post
454 785 576 850 Caesar
598 786 639 848 ad
649 788 768 871 iugum,
792 786 832 849 de
855 808 916 871 quo
943 786 1046 868 docui,
1074 810 1196 852 aseen-

218 875 264 940 dit
285 885 380 960 atque
402 874 435 936 in
456 891 711 958 unumquemque
733 870 846 936 collem
862 881 1060 951 inspecturus
1080 882 1195 939 turres

220 959 416 1045 castellaque
445 966 509 1022 iter
531 957 637 1020 lacere
662 958 765 1041 coepit
785 956 883 1042 idque
905 956 984 1022 adeo
1006 958 1122 1022 minua
1143 981 1192 1022 se

219 1046 342 1110 mihera
374 1042 479 1108 efficit.
515 1041 687 1126 Postquam
719 1064 782 1105 non
804 1043 849 1104 ita
870 1040 965 1126 longe
994 1041 1034 1104 ab
1072 1044 1192 1108 ultimo

219 1130 300 1196 colle
322 1131 464 1214 turrique
484 1128 552 1209 fuit,
577 1147 658 1213 quae
679 1129 825 1211 proxima
846 1126 905 1189 firit
931 1128 1044 1190 castris
1070 1129 1192 1193 adver-

221 1217 386 1296 sariorum,
418 1216 453 1277 in
475 1235 538 1299 qua
559 1211 653 1276 docui
676 1233 746 1276 esse
768 1212 962 1312 praesidium
996 1215 1191 1279 stationem·

220 1323 281 1388 que
302 1299 519 1379 Numidarum,
550 1297 670 1360 Caesar
691 1297 853 1381 paulrsper
876 1307 1089 1362 commoratus
1115 1322 1190 1384 per·

220 1396 329 1471 specta
351 1407 391 1448 ue
423 1394 535 1446 natura
561 1381 623 1446 loci
646 1383 786 1530 equitatu
807 1383 840 1444 in
864 1383 996 1446 statione
1027 1383 1188 1469 disposito

219 1407 397 1557 legionibus
420 1491 498 1554 opus
516 1466 657 1532 attribuit
693 1467 899 1552 rachiumque
922 1467 1025 1531 medio
1048 1470 1131 1555 iugo
1149 1469 1187 1534 ab

221 1578 258 1621 eo
280 1556 360 1636 loco,
384 1555 425 1618 ad
447 1576 541 1642 quem
563 1562 762 1637 pervenerat,
791 1575 893 1637 usque
916 1552 1063 1635 adeum,
1099 1555 1187 1619 unde

221 1663 369 1726 egressus
392 1650 467 1721 erat,
490 1638 579 1702 iubet
593 1638 687 1722 dirigi
702 1659 740 1700 ac
754 1639 880 1701 muniri.
904 1638 997 1718 Quod
1011 1649 1186 1726 postquam

221 1728 328 1812 Scipio
349 1725 574 1810 Labienusque
601 1722 902 1806 animadverterunt,
933 1725 1077 1809 equitatu
1100 1726 1186 1790 omni

222 1835 262 1877 ex
290 1813 403 1876 castris
437 1809 550 1874 educto
580 1811 711 1893 acieque
734 1831 752 1872 c
774 1811 874 1872 uestri
895 1809 1050 1873 instructa
1075 1831 1096 1873 a
1121 1812 1184 1874 suis

221 1896 446 1962 munitionibus
459 1896 583 1959 circiter
593 1915 707 1980 passus
726 1831 812 1958 mdia
829 1894 1075 1980 progrediuntur
1088 1896 1184 1981 pede

222 1993 381 2068 stremque
403 1981 526 2067 copiam
547 1982 581 2044 in
604 1980 742 2044 secunda
763 1980 832 2044 acie
847 1982 950 2044 minus
966 1986 1053 2044 CCCC
1069 2003 1183 2066 passus

222 2069 423 2133 constituunt

285 2153 336 2217 39.
361 2151 482 2218 Caesar
502 2151 536 2214 in
558 2171 655 2236 opere
677 2149 793 2214 milites
816 2151 977 2215 adhortari
998 2173 1106 2237 neque
1130 2151 1182 2216 ad·

221 2239 436 2304 versariorum
458 2238 557 2322 copiis
579 2237 710 2301 moveri.
746 2235 814 2298 lam
843 2258 938 2322 quum
959 2259 1023 2301 non
1046 2237 1184 2323 amplius

224 2345 337 2410 passus
381 2330 431 2384 MD
454 2323 536 2386 inter
556 2321 694 2386 hostium
717 2322 818 2385 aciem
841 2345 913 2386 suas
936 2344 975 2386 ue
991 2324 1183 2387 munitiones

223 2430 294 2472 esse
315 2408 589 2472 animadvertisset
610 2406 882 2493 intellexissetque
905 2345 1181 2493 ddimpediendos

223 2493 338 2558 milites
361 2515 434 2558 suos
458 2501 489 2557 et
511 2493 551 2557 ab
566 2515 669 2577 opere
692 2491 896 2578 depellendos
912 2488 1037 2557 hostem
1050 2495 1183 2579 propius

224 2579 376 2643 accedere
409 2600 604 2664 necesseque
635 2577 768 2642 haberet
799 2577 939 2664 legiones
962 2600 982 2641 a
1002 2580 1182 2643 munitioni·

222 2663 283 2728 bus
305 2664 473 2746 deducere,
495 2665 630 2748 imperat
651 2673 772 2728 turmae
794 2663 1017 2748 Hispanorum,
1049 2663 1091 2727 ad
1112 2687 1182 2749 pro

223 2750 345 2814 ximum
377 2749 491 2814 collem
522 2771 656 2835 propere
689 2759 890 2813 occurrerent
925 2749 1119 2834 praesidium
1144 2771 1181 2813 ue

223 2834 298 2899 inde
320 2834 525 2900 deturbarent
539 2834 705 2919 locumque
720 2845 879 2920 caperent,
903 2835 1013 2899 eodem
1036 2857 1077 2900 ue
1096 2774 1181 2898 iubet

224 2920 306 2985 levis
328 2930 507 2984 armaturae
529 2943 647 3006 paucos
670 2923 829 3007 consequi·
843 2919 993 2985 subsidio.
1015 2857 1081 2999 bui
1095 2921 1181 2984 missi

224 3005 374 3072 celeriter
394 3006 548 3071 Numidas
571 3006 673 3072 adorti
694 3008 810 3092 partim
831 3008 923 3070 vivos
946 3007 1082 3091 capiunt,
1105 3029 1177 3072 non·

226 3091 332 3159 nullos
355 3092 477 3178 equites
499 3091 654 3178 fugientes
677 3091 986 3156 convulneraverunt
1014 3091 1180 3177 locumque

224 3189 298 3244 sunt
319 3178 419 3266 potiti.
431 3177 613 3264 *Postquam
634 3178 668 3242 id
689 3177 849 3242 Labienus
865 3176 1096 3259 animadvertit,
1119 3198 1179 3262 quo

226 3266 361 3331 celerius
383 3264 422 3329 iis
445 3263 598 3326 auxilium
619 3264 724 3346 ferret,
758 3285 799 3327 ex
820 3264 888 3328 acie
910 3265 1063 3326 instructa
1095 3265 1179 3348 equi·

226 3362 310 3416 tatus
333 3352 381 3414 sui
401 3370 504 3437 prope
525 3358 625 3413 totum
647 3348 793 3412 dextrum
814 3371 914 3412 comu
946 3350 1061 3414 avertit
1088 3357 1179 3434 atque

225 3436 293 3500 suis
324 3435 521 3522 fugientibus
548 3437 709 3519 suppetias
731 3436 777 3499 ire
799 3433 966 3500 contendit.
1012 3431 1106 3512 Quod
1125 3434 1179 3498 ubi

224 3519 347 3586 Caesar
377 3520 550 3608 conspexit,
583 3517 760 3586 Labienum
782 3520 822 3584 ab
845 3521 910 3584 suis
932 3520 1030 3606 copiis
1057 3517 1178 3606 longius
1220 3597 1221 3602 γ
