2532 3968
382 273 516 340 OOMM.
539 275 617 340 Vll]
641 275 734 341 CAP.
759 275 894 340 16-20.
1055 273 1116 339 201

159 457 262 511 torum
276 439 380 535 neque
403 443 509 534 plures
525 449 558 510 in
573 439 670 512 unum
685 446 790 511 locum
802 447 1009 528 conveniunt3
1033 440 1118 532 quod

159 531 345 619 plerumque
360 533 560 618 'equestribus
575 531 704 618 proeliis
720 553 817 618 quum
834 541 964 618 propter
978 531 1117 618 aliquem

159 619 304 682 timorem
327 617 450 701 accidit,
473 627 540 681 turn
563 615 764 682 multitudine
784 619 926 704 ipsorum
949 617 1117 682 detrimen·

159 713 225 768 tum
246 703 313 766 acci
336 705 406 766 itur.

225 785 273 851 19.
305 726 410 867 i{uum
433 788 481 853 dis
505 790 592 854 ositis
619 791 730 856 turmis
759 791 792 853 in
813 785 1005 853 vicemrari
1025 800 1118 874 prob»

481 811 676 938 blateribus
692 876 913 940 circumveniri
935 893 1010 938 suos
1031 881 1118 958 pate·

161 967 281 1042 rentur,
306 968 474 1046 erumpunt
496 961 592 1026 ceteri
615 959 733 1026 Correo
755 960 932 1048 proeliante
954 979 996 1025 ex
1018 957 1117 1024 silvis.

160 1045 211 1108 liit
237 1061 354 1130 magna
380 1047 582 1110 contentione
612 1045 772 1110 diversum
806 1045 970 1132 proelium.
1024 1039 1119 1123 Quod

160 1151 255 1216 quum
278 1128 395 1194 diutius
417 1132 486 1216 pari
500 1128 602 1196 Marte
623 1133 765 1214 iniretur,
788 1130 941 1217 paulatim
963 1148 1004 1194 ex
1027 1129 1117 1194 silvis

160 1219 309 1280 instructa
337 1215 503 1282 multitudo
532 1217 676 1302 procedit
702 1217 859 1304 peditum,
890 1237 971 1304 quae
992 1224 1118 1280 nostros

159 1303 261 1385 coegit
288 1296 402 1366 cedere
429 1302 565 1389 equites„
605 1301 728 1381 Quibus
751 1301 899 1368 celeriter
927 1301 1119 1366 subveniunt

160 1386 238 1450 levis
261 1395 438 1458 armaturae
459 1387 600 1472 pedites,
631 1410 709 1474 quos
739 1398 812 1452 ante
841 1385 982 1473 legiones
1003 1388 1118 1453 missos

158 1471 284 1554 docui,¹
312 1472 487 1558 turmisque
519 1484 696 1539 nostrorum
728 1475 905 1559 interpositi
938 1481 1119 1537 constanter

159 1555 362 1640 proeliantur.
406 1555 570 1643 Pugnatur
593 1555 787 1646 aliquamdiu
808 1560 878 1645 pari
901 1559 1118 1641 contention03

158 1641 287 1724 deinde,
310 1651 346 1706 ut
366 1645 446 1708 ratio
468 1643 665 1729 postulabat,
692 1645 796 1727 roelii,
828 1645 881 1792 qui
904 1647 1118 1708 sustinuerant

158 1728 285 1812 primos
297 1728 435 1813 impetus
457 1728 652 1810 insidiarum,
670 1669 736 1794 lroc
751 1733 819 1816 ipso
857 1739 914 1795 unt
928 1730 1116 1815 superiores,

161 871 312 952 liarentur
333 897 437 960 neque
459 897 479 937 a

116 1851 117 1856 κ
159 1809 243 1962 quod
256 1807 381 1878 nullum
403 1813 443 1878 ab
458 1814 681 1879 insidiantibus
696 1815 913 1902 imprudentes
929 1822 1118 1900 acceperant

181 1899 392 1964 etrimentum.
446 1897 612 1964 Accedunt
643 1903 772 1986 propius
805 1903 929 1965 interim
963 1900 1117 1985 legiones,

158 1983 324 2070 crebrique
340 1982 452 2050 eodem
466 1995 608 2072 tempore
631 1997 663 2050 et
680 1989 797 2051 nostris
813 1997 844 2054 et
858 1985 1002 2051 hostibus
1015 1986 1118 2050 nuntii

158 2069 339 2152 afferuntur,
362 2070 587 2158 imperatorem
602 2073 762 2136 instructis
778 2074 876 2158 copiis
893 2071 1014 2138 adesse.
1046 2071 1119 2150 Qua

158 2157 335 2240 recognita
355 2155 515 2241 praesidio
531 2157 704 2222 cohortium
720 2160 829 2224 confisi
848 2159 948 2222 nostri
964 2159 1118 2222 acerrime

160 2239 368 2325 proeliantur,
391 2261 447 2325 ne,
471 2244 498 2305 si
520 2243 639 2307 tardius
662 2267 729 2310 rem
753 2245 942 2328 gessissent,
965 2243 1118 2308 victoriae

158 2325 291 2410 gloriam
324 2327 574 2394 communicasse
605 2351 675 2392 cum
710 2329 888 2415 legionibus
915 2327 1117 2412 viderentur;

106 2417 110 2428 ’
159 2411 266 2474 hostes
300 2411 470 2476 concidunt
507 2415 620 2478 animis
659 2422 752 2501 atque
785 2413 949 2478 itineribus
982 2413 1117 2477 diversis

69 2569 71 2574 ,
158 2497 266 2580 iirgam
288 2508 453 2645 quaerunt.
497 2497 714 2586 Nequiquam:
743 2523 817 2564 nam
847 2499 961 2586 quibus
984 2496 1116 2586 difficul-

158 2580 276 2653 tatibus
312 2603 440 2648 ecorum
454 2583 614 2649 Romanos
638 2585 785 2650 claudere
803 2585 978 2667 voluerant,
1001 2585 1040 2647 iis
1055 2586 1116 2670 ipsi

158 2666 356 2732 tenebantur.
400 2667 486 2734 Victi
518 2681 623 2735 tamen
650 2672 851 2757 perculsique
879 2671 1000 2734 maiore
1027 2681 1117 2755 parte

159 2753 275 2818 amissa
305 2755 708 2856 consternatiprofugiunt
739 2759 852 2842 partim
883 2755 972 2819 silvis
1001 2757 1116 2840 petitis,
1154 2811 1156 2816 .

157 2839 273 2922 partim
294 2837 424 2903 flumine
447 2839 516 2927 (qur
537 2851 644 2906 tamen
673 2843 706 2905 in
728 2843 803 2928 iuga
826 2865 845 2906 a
866 2842 1118 2906 nostris-acriter
1221 2885 1223 2890 -

158 2923 400 3010 insequentibus
423 2925 658 3014 conficiuntur),
693 2951 787 3013 quum
811 2929 935 2992 interim
956 2925 1045 2989 nulla
1067 2947 1118 2994 ca·

158 3007 300 3072 lamitatc
328 3011 431 3074 victus
454 3010 593 3076 Correus
627 3013 782 3078 excedere
834 3009 933 3076 roelio
956 3011 1118 3096 silvasque

158 3103 266 3179 petere
288 3104 343 3159 aut
363 3095 570 3160 invitantibus
592 3099 709 3162 nostris
739 3099 780 3162 ad
803 3035 994 3162 deditionem
1015 3098 1118 3182 potuit

159 3178 291 3263 adduci,
330 3181 407 3266 quin
446 3181 620 3247 fortissime·
652 3183 836 3270 proeliando
875 3182 1118 3280 compluresque

38 3303 42 3310 ·
160 3263 354 3330 vulnerando
382 3280 511 3356 cogeret
541 3267 639 3333 elatos
656 3269 830 3333 iracundia
856 3270 993 3332 victores
1020 3289 1054 3328 rn
1082 3289 1117 3332 sc

160 3348 220 3413 tela
241 3349 407 3418 conficere.
432 3373 434 3378 ¹

221 3433 270 3500 20.
295 3433 366 3502 Tali
387 3438 480 3504 modo
496 3447 532 3505 re
547 3448 638 3524 gesta
651 3431 832 3504 recentibus
847 3437 960 3524 proelii
975 3439 1117 3524 vestigiis

157 3517 318 3606 ingressus
342 3521 476 3606 Caesar,
500 3545 595 3610 quum
618 3525 721 3589 victos
743 3533 831 3590 tanta
852 3523 1031 3589 calamitate
1053 3525 1118 3588 exi-
