2490 3974
461 243 604 309 CAPUT
624 243 760 308 89-92.
1019 245 1081 310 235

7 405 10 442 ³
118 411 265 476 libentes
297 413 463 500 eupidique
503 414 711 480 conditionem
755 424 943 501 acceperunt
984 417 1080 498 petie·
1116 401 1118 408 '

7 489 9 528 ³
119 506 266 582 rnntque
294 521 314 562 a
343 497 488 580 Caesare,
522 511 557 562 ut
584 500 741 562 universis
771 506 836 562 CCC
864 521 926 563 uno
955 502 1081 564 nomine

120 583 296 666 pecuniam
318 584 497 668 imperaret.
530 584 644 669 Itaque
662 583 712 647 bis
726 584 849 647 miliens
864 585 1008 648 sestertio
1031 583 1080 647 his

7 663 9 698 ‘
121 667 291 751 imposito,
318 679 353 732 ut
373 691 431 753 per
459 670 631 733 triennium
660 691 718 732 sex
738 661 942 754 pensionibus
964 668 1079 754 populo

7 777 9 786 ’
120 751 268 816 Romano
291 753 458 836 solverent,
485 753 572 820 nullo
601 775 709 817 eorum
736 765 902 818 recusante
925 776 963 818 ao
985 775 1019 817 se
1041 775 1078 818 eo

120 835 177 986 gie
207 835 334 937 demum
361 847 451 903 natos
477 839 696 924 praedicantes
725 838 801 904 laeti
832 841 951 926 gratias
983 849 1080 925 agunt

152 943 267 986 aesan.
486 968 489 974 ·

189 1006 240 1069 91.
263 1007 332 1072 Rex
353 1010 480 1073 interim
500 1007 590 1090 Iuba,
613 1017 650 1072 ut
670 1031 712 1073 ex
726 1009 847 1094 proelio
868 1009 1000 1093 fugerat,
1016 1029 1080 1072 una

121 1113 198 1157 eum
219 1091 344 1156 Petreio
365 1093 501 1158 interdiu
521 1096 556 1159 in
583 1093 667 1158 villis
696 1093 848 1158 latitando
874 1093 1001 1157 tandem
1023 1115 1078 1158 no-

122 1179 245 1240 cturnis
267 1178 432 1242 itineribus
457 1178 607 1244 confectis
622 1179 706 1243 inre
751 1202 804 1242 um
825 1179 970 1264 pervenit
984 1187 1078 1263 atque

121 1261 165 1324 ad
188 1262 337 1347 oppidum
364 1263 505 1345 Zamam,
526 1263 582 1327 ubi
609 1265 679 1349 ipse
701 1202 903 1346 ddmicilium,
927 1264 1077 1346 coniuges

121 1345 307 1433 liberosque
334 1348 481 1430 habebat,
512 1371 573 1434 quo
602 1371 643 1412 ex
676 1359 788 1413 cuncto
820 1371 919 1434 regno
953 1369 1078 1413 omnem

121 1433 290 1516 pecuniam
313 1434 552 1520 rarissimasque
573 1455 624 1496 res
653 1442 903 1518 comportaverat
931 1432 1078 1519 quodque

122 1517 202 1580 inito
217 1515 300 1582 bello
316 1518 461 1602 operibus
476 1519 623 1582 maximis
638 1519 803 1599 munierat,
819 1518 948 1584 accedit.
973 1516 1077 1596 Quem

123 1611 218 1665 antea
239 1625 279 1687 op
301 1603 387 1666 idani
408 1625 534 1667 rumore
556 1613 703 1688 exoptato
725 1603 765 1668 dc
781 1601 929 1667 Caesaris
944 1603 1078 1666 victoria
1150 1659 1151 1662 ,

122 1686 230 1750 audito
260 1625 300 1751 oi
336 1686 392 1752 has
429 1709 540 1752 causas
573 1687 689 1773 oppido
720 1687 956 1773 prohibuerunt,
994 1684 1078 1772 quod

122 1770 206 1835 bello
229 1781 338 1836 contra
358 1772 509 1858 populum
530 1773 706 1836 Romanum
733 1782 878 1920 suscepto
904 1773 938 1835 in
959 1770 1074 1856 oppido

122 1855 240 1920 Zamae
254 1857 347 1942 lignis
362 1859 520 1942 congestis
535 1858 707 1922 maximam
720 1859 754 1921 in
769 1879 820 1922 me
844 1858 872 1922 ‘o
883 1857 950 1922 foro
965 1875 1077 1944 pyram

123 1952 350 2023 construxerat,
373 1953 416 2024 ut,
440 1944 468 2006 si
487 1942 569 2008 forte
591 1941 675 2007 bello
690 1943 772 2007 foret
787 1951 962 2028 superatus,
979 1941 1075 2005 omni-

121 2024 181 2088 bus
203 2026 297 2091 rebus
320 2050 357 2092 eo
379 2029 582 2109 coacervatis,
605 2029 678 2092 dein
694 2027 817 2091 civibus
839 2027 959 2091 cunctis
980 2028 1075 2089 inter·

121 2110 211 2174 fectis
234 2111 405 2199 eodemque
427 2113 574 2197 proiectis
603 2115 677 2198 igne
699 2112 841 2176 subiecto
862 2121 929 2176 tum
950 2110 1076 2175 demum

123 2215 157 2260 se
183 2197 251 2280 ipse
273 2197 402 2282 insuper
427 2198 620 2262 interficeret
647 2207 741 2284 atque
768 2219 833 2262 una
861 2219 933 2260 cum
954 2193 1074 2278 liberis,

123 2280 317 2365 coniugibus,
341 2282 463 2346 civibus
486 2293 661 2368 cunctaque
674 2304 757 2431 {lm
770 2303 805 2345 re
829 2283 836 2296 '
872 2291 1073 2346 cremaretur.

122 2365 291 2450 Pastquam
323 2365 403 2431 Iuba
431 2378 506 2431 ante
534 2378 644 2452 portas
697 2370 728 2431 ‘u
756 2389 789 2430 m
823 2377 951 2451 tumque
972 2366 1074 2450 primo

122 2450 212 2513 minis
243 2473 301 2536 pro
336 2453 467 2538 imperio
495 2454 612 2539 egisset
639 2475 711 2517 cum
740 2451 957 2532 Zamensibus,
992 2450 1073 2532 dein,

123 2557 217 2620 quum
239 2558 273 2599 se
294 2558 404 2621 parum
425 2537 579 2622 proficere
593 2537 811 2618 intellexisset,
826 2535 973 2622 precibus
989 2556 1074 2598 oras·

124 2629 177 2702 set,
199 2621 246 2684 uti
268 2643 301 2684 se
323 2621 365 2685 ad
387 2645 459 2686 suos
483 2623 559 2688 deos
580 2633 711 2709 penates
727 2621 934 2701 admitterent,
950 2619 1005 2683 ubi
1020 2641 1074 2684 eos

123 2714 259 2789 perstare
291 2707 324 2768 in
357 2709 514 2772 sententia
545 2709 766 2773 animadvertit
797 2729 857 2770 nec
888 2706 980 2768 minis
1014 2725 1075 2768 nec

123 2789 265 2873 precibus
287 2792 351 2855 suis
373 2794 501 2875 moveri,
525 2816 586 2880 quo
608 2794 710 2879 magis
733 2814 767 2856 se
781 2793 965 2877 reciperent,
980 2790 1073 2853 tertio

123 2876 197 2958 petit
217 2874 258 2938 ab
280 2877 335 2958 eis,
357 2885 393 2940 ut
420 2876 481 2940 sibi
509 2880 658 2964 coniuges
687 2876 867 2962 liberosque
893 2874 1073 2955 redderent,

124 2970 156 3022 ut
176 2981 280 3025 secum
303 2983 356 3026 eos
379 2973 562 3047 asportaret.
585 2964 757 3049 Postquam
780 2962 841 3025 sibi
854 2959 933 3024 nihil
947 2959 1073 3024 omnino

125 3043 291 3192 oppidanos
318 3049 461 3131 responsi
491 3047 624 3113 reddere
657 3045 888 3126 animadvertit,
917 3043 1006 3108 nulla
1037 3065 1073 3107 re

124 3151 142 3193 a
181 3129 229 3194 his
250 3133 417 3216 impetrata
438 3131 478 3195 ab
501 3131 599 3196 Zama
627 3132 761 3196 discedit
787 3140 881 3216 atque
903 3130 944 3195 ad
965 3127 1074 3192 villam

125 3237 206 3278 susm
229 3237 263 3279 se
278 3237 349 3280 cnm
371 3216 414 3281 M.
429 3217 555 3282 Petreio
569 3219 743 3303 paucisque
765 3215 922 3302 equitibus
943 3213 1072 3278 confert.

182 3299 231 3363 92.
254 3300 424 3365 Zamenses
445 3303 570 3365 interim
603 3302 722 3386 legatos
755 3300 795 3366 de
826 3299 876 3364 his
907 3298 1003 3364 rebus
1032 3297 1073 3361 ad

128 3383 289 3449 Gaesarem
311 3386 439 3450 Uticam
460 3389 587 3453 mittunt
607 3397 779 3473 petuntque
801 3384 842 3449 ab
865 3406 912 3465 eo,
933 3385 988 3464 uti,
1019 3405 1072 3445 an-

127 3479 243 3554 tequam
265 3493 324 3534 rex
345 3494 473 3536 manum
506 3471 668 3557 colligeret
701 3492 835 3553 seseque
867 3477 1071 3554 oppugnaret,
