2538 3978
423 265 425 272 ’
479 253 622 320 CAPUT
644 253 737 318 3-t.
862 258 863 261 ’
1024 250 1086 316 143

191 424 221 488 5.
234 424 429 490 Alexandria
440 425 564 490 estsere
579 433 644 489 tota
659 423 793 499 suffossa
804 445 979 510 specusque
990 421 1086 488 habet

129 531 149 572 a
169 510 240 574 Nilo
269 512 471 596 pertinentes,
500 510 614 594 quibus
642 529 724 593 aqua
744 511 778 572 in
805 510 945 593 privatas
976 508 1086 574 domos

129 595 294 677 inducitur,
300 617 399 742 fpuae
414 595 565 681 paulatim
588 597 687 680 spatio
709 595 858 678 temporis
882 593 1027 678 liquescit
1048 617 1087 660 ac

130 679 272 744 subsidit.
334 703 370 744 ac
399 683 444 744 uti
473 679 591 744 domini
620 680 833 744 aedificiorum
861 689 893 740 at
915 701 955 742 uc
978 701 1086 742 eorum

127 764 265 828 familiae
288 775 495 830 consuerunt:
525 788 599 828 nem
628 787 707 850 quae
734 763 863 828 flumine
886 703 957 829 llilo
978 765 1085 846 fertur,

128 849 208 913 adeo
242 861 289 913 est
321 850 432 915 limosa
465 874 503 914 ac
534 850 669 931 turbida,
702 859 737 914 ut
772 848 887 912 multos
919 851 1087 934 variosque

127 934 254 998 morbos
277 935 408 1018 officina
432 937 488 1000 sed
509 958 547 1000 ea
561 935 671 1021 plebes
694 957 731 998 ac
753 933 918 998 multitudo
941 943 1087 999 contenta

128 1028 176 1082 est
197 1022 385 1102 necessario,
410 1021 494 1107 quod
516 1021 585 1085 lons
608 1021 686 1084 urbe
708 1030 773 1084 tota
794 1019 900 1083 nullus
924 1029 990 1105 est.
1013 1020 1085 1085 Hoc

129 1113 235 1168 tamen
257 1104 428 1169 flumenin
451 1129 488 1170 ea
516 1116 606 1191 parte
636 1115 704 1169 erat
724 1104 822 1189 urbis,
847 1127 927 1190 quae
950 1104 990 1168 ab
1012 1105 1087 1169 Ale·

117 1190 293 1253 'x'endrinis
320 1191 493 1256 tenebatur.
540 1191 610 1270 Quo
639 1191 722 1255 facto
751 1200 798 1253 est
825 1191 1002 1254 admonitus
1025 1189 1087 1257 Ga-

126 1274 279 1358 nymedes
301 1298 395 1361 posse
416 1286 542 1340 nostros
565 1299 647 1362 aqua
661 1275 842 1358 intercludi,
859 1276 912 1360 qui
924 1275 1086 1340 distributi

126 1361 334 1424 munitionum
365 1363 554 1427 tuendarum
587 1383 683 1426 causa
714 1362 841 1427 vicatim
878 1383 919 1423 ex
953 1361 1086 1445 privatis

126 1443 279 1508 aedificiis
303 1447 459 1530 specubus
482 1469 521 1510 ac
535 1449 638 1530 puteis
655 1455 797 1512 extracta
811 1465 894 1531 aqua
908 1445 1085 1510 utebantur.

193 1529 222 1592 6.
245 1529 316 1594 Hoc
337 1532 471 1616 probato
494 1531 625 1598 consilio
640 1554 788 1616 magnum
805 1551 842 1593 ac
865 1530 993 1593 difficile
1008 1553 1086 1678 opus
1204 1562 1206 1568 ·

125 1615 316 1696 aggreditur.
353 1616 475 1680 Interee
498 1619 538 1680 tis
555 1617 638 1680 enim
653 1615 810 1701 specubus
833 1627 926 1700 atque
942 1617 1026 1679 omni
1049 1636 1086 1679 us

125 1697 212 1762 urbis
245 1699 386 1783 partibus
421 1639 567 1783 exclusis,
603 1723 684 1786 quae
717 1700 757 1764 ab
791 1702 861 1784 ipso
887 1699 1086 1782 tenebantur,

126 1804 226 1866 aquae
248 1807 395 1870 magnam
407 1789 483 1851 ·vim
506 1809 546 1850 cx
561 1788 641 1850 mari
654 1787 731 1850 rotis
747 1808 784 1849 ac
799 1784 1082 1849 machinationibus

126 1870 303 1951 exprimere
326 1873 501 1935 contendit:
525 1872 607 1936 hanc
622 1871 699 1935 locis
715 1870 929 1956 superioribus
952 1869 1086 1934 fundere

125 1953 159 2016 in
181 1964 303 2037 partem
326 1955 473 2021 Caesaris
495 1980 559 2022 non
574 1955 809 2021 intermittebat.
833 1955 936 2034 Quam
959 1954 999 2018 ob
1015 1977 1086 2019 cau-

127 2058 195 2100 sam
217 2039 328 2104 salsior
349 2043 444 2126 paulo
465 2051 592 2128 praeter
612 2040 871 2106 consuetudinem
886 2063 969 2125 aqua
983 2039 1087 2104 trahe-

126 2121 219 2186 batur
240 2147 282 2188 ex
311 2129 464 2206 proximis
487 2127 638 2192 aedificiis
667 2149 720 2190 ma
742 2149 878 2211 namque
907 2124 1087 2190 hominibus

125 2206 365 2276 admirationem
387 2212 570 2297 praebebat,
615 2235 688 2276 uam
710 2150 750 2276 oi)
766 2234 833 2274 rem
848 2211 881 2274 id
903 2211 1086 2294 accidisset;

124 2313 184 2356 nec
219 2297 293 2358 satis
326 2296 387 2360 sibi
419 2299 479 2384 ipsi
512 2297 606 2362 crede
630 2308 692 2378 ant,
727 2319 823 2383 quum
856 2319 890 2360 se
920 2296 1087 2360 inferiores

124 2377 265 2443 eiusdem
287 2384 413 2465 generis
436 2405 473 2447 ac
496 2384 618 2469 saporis
648 2405 731 2468 aqua
752 2383 896 2446 dicerent
916 2383 970 2460 uti,
993 2390 1087 2467 atque

124 2472 197 2526 ante
219 2477 434 2551 consuessent,
464 2468 622 2554 vulgoque
654 2469 735 2532 inter
765 2489 798 2547 se
826 2466 1040 2530 conterebant*
1056 2476 1088 2530 et

124 2545 329 2633 degustando,
360 2562 510 2638 quantum
536 2556 619 2617 inter
648 2575 683 2617 se
713 2553 873 2617 differrent
895 2574 1005 2636 aquae,
1037 2573 1074 2615 co

169 2635 328 2700 oscobant.
351 2637 456 2702 Parvo
471 2661 548 2704 vero
563 2649 626 2704 tem
650 2640 714 2703 oris
737 2639 838 2722 spatio
860 2636 938 2701 haec
959 2638 1088 2722 propior

147 2717 190 2780 ibi
214 2723 341 2786 omnino
363 2733 580 2808 conpeteret,
603 2661 658 2788 illl
679 2723 808 2788 inferior
830 2724 1004 2807 corruptior
1023 2723 1087 2786 iam

125 2802 239 2868 salsior
261 2829 300 2870 ue
323 2809 551 2892 reperiebatur.
915 2855 916 2860 .

190 2889 218 2954 l.
240 2828 313 2968 buo
335 2893 418 2958 iacto
448 2893 644 2959 dubitatione
672 2893 797 2958 sublata
825 2901 930 2957 tantus
957 2892 1087 2956 incessit

123 2973 226 3059 timor,
249 2987 284 3040 ut
306 2977 347 3042 ad
363 2989 540 3044 extremum
563 3002 671 3044 cesum
685 2979 819 3064 periculi
835 3000 944 3042 omnes
960 2976 1087 3040 deducti

125 3056 316 3144 viderentur,
341 3073 434 3148 atque
450 3064 504 3128 alii
518 3066 635 3129 morari
651 3063 818 3128 Caesarem
835 3062 984 3143 dicerent,
1008 3063 1083 3146 quin

122 3162 221 3210 naves
244 3149 459 3214 conscendere
488 3149 623 3232 iuberet,
647 3149 708 3212 ⁴alii
736 3149 833 3212 multo
856 3149 983 3231 gravius
1007 3148 1082 3210 exti-

121 3243 299 3296 mescerent
330 3231 477 3319 [casum],
505 3234 592 3322 ¹quod
618 3256 721 3318 neque
755 3233 853 3298 celari
875 3231 1083 3296 Alexandrini

121 3326 250 3394 possent
270 3320 305 3382 in
331 3320 514 3403 apparanda
542 3321 625 3404 fuga,
639 3341 746 3404 vquum
774 3328 839 3382 tam
861 3338 958 3402 parvo
981 3317 1083 3401 spatio

122 3399 278 3467 distarent
306 3403 347 3468 ab
376 3405 463 3490 ipsis,
493 3427 612 3491 neque,
626 3403 689 3468 illis
722 3401 957 3468 imminentibus
990 3411 1085 3486 atque

120 3487 365 3573 insequentibus
388 3489 471 3554 ullus
493 3491 527 3554 in
548 3511 647 3556 naves
669 3497 815 3574 receptus
837 3487 974 3571 daretur.
1007 3487 1087 3550 Erat
