2538 3978
352 253 486 319 COMM.
509 253 557 316 111
580 252 672 317 CAP.
697 253 787 316 100-
804 252 873 317 102.
1031 253 1090 317 131

137 424 233 508 allati,
256 424 480 490 existimabant
500 423 644 510 plerique
657 424 795 488 futurum
816 424 922 504 fuisse,
944 423 990 487 uti
1006 423 1093 488 amit·
1204 428 1207 435 '

138 520 267 574 teretur.
291 509 355 574 Sed
385 511 646 596 oportunissime
673 512 791 573 nuntiis
819 508 921 572 allatis
945 506 1093 593 oppidum

137 605 185 658 est
197 596 376 676 defensum3
418 598 581 680 assiusque
593 595 634 659 ad
645 593 859 680 Sulpicianam
870 593 944 657 inde
960 593 1094 656 classem

138 679 297 765 profectus
313 692 361 744 est
374 680 531 745 Vibonem
545 679 771 766 applicatisque
792 681 906 744 nostris
922 679 963 742 ad
977 687 1094 742 terram

135 764 271 828 navibus
292 764 431 850 [propter
453 765 587 829 eundern
609 767 761 846 timorem]
784 769 854 850 pari
881 774 976 850 atque
1003 772 1095 827 antea

136 850 257 914 ratione
290 855 419 935 [egerat]
443 850 614 915 secundum
643 860 753 913 nactus
779 860 908 914 ventum
934 849 1094 914 onerarias

136 956 235 998 naves
251 936 374 998 circiter
389 936 407 974 ⁹⁵
421 943 467 997 XL
482 945 686 1020 praeparatas
701 936 742 999 ad
756 935 935 999 incendium
956 933 1094 1015 immisit,

138 1029 170 1082 et
189 1019 316 1082 flamma
338 1021 378 1084 ab
405 1029 538 1108 utroque
568 1043 665 1085 cornu
688 1043 873 1105 comprensa
898 1041 998 1082 naves
1021 1026 1094 1082 sunt

137 1104 318 1169 combustae
335 1108 481 1192 quinque.
499 1105 667 1192 Quumque
681 1106 762 1191 ignis
778 1127 829 1168 ma
852 1104 992 1168 nitudine
1006 1103 1092 1167 venti

136 1187 229 1252 latius
259 1201 409 1275 serperet,
437 1190 561 1272 milites,
591 1193 708 1276 quiex
734 1129 895 1254 veteribus
918 1188 1094 1274 legionibus

138 1283 229 1337 erant
249 1276 351 1340 relicti
372 1277 530 1361 praesidio
551 1276 684 1340 navibus
708 1297 747 1339 ox
761 1297 891 1339 numero
914 1295 1092 1360 aegrorum,

135 1360 340 1444 ignominiam
362 1383 426 1425 non
448 1360 595 1443 tulerunt,
619 1361 675 1424 sed
698 1383 755 1424 sua
777 1370 886 1446 sponte
906 1381 1004 1423 naves
1020 1380 1093 1424 con·

136 1445 327 1508 scenderunt
356 1455 387 1511 et
408 1468 429 1510 a
450 1457 535 1510 terra
562 1446 723 1510 solverunt
748 1447 929 1531 impetuque
950 1444 1032 1509 facto
1060 1445 1092 1507 in

137 1527 323 1593 Cassianam
353 1531 487 1596 classem
517 1533 757 1617 quinqueremes
787 1531 875 1614 duas,
904 1531 938 1594 in
960 1551 1093 1614 quarum

136 1612 236 1676 altera
257 1626 325 1679 erat
348 1618 486 1698 Cassius,
517 1625 681 1701 oeperunt,
711 1615 768 1680 sed
790 1614 921 1680 Cassius
944 1622 1093 1699 exceptus

137 1699 256 1784 scapha
285 1702 414 1787 refugit:
437 1711 602 1787 praeterea
630 1701 711 1765 duae
744 1710 816 1765 sunt
837 1699 1012 1784 deprensae
1040 1699 1093 1761 tri·

138 1805 251 1846 remes.
273 1786 384 1872 Neque
400 1787 497 1852 multe
512 1796 583 1872 post
598 1786 637 1850 de
651 1787 771 1872 proelio
786 1787 868 1849 facto
883 1786 916 1848 in
931 1783 1095 1850 Thessalia

136 1871 296 1952 cognitum
317 1883 375 1953 est,
405 1881 440 1936 ut
455 1873 545 1957 ‹ipsis
567 1872 767 1958 Pompeianis
789 1871 868 1935 fides
890 1869 996 1934 fieret:
1019 1889 1094 1933 nam

137 1963 210 2016 ante
237 1955 271 2018 id
298 1965 420 2042 tempus
447 1958 524 2042 fingi
553 1979 573 2020 a
600 1957 712 2042 legatis
741 1957 913 2042 amicisque
947 1954 1094 2019 Caesaris

136 2035 380 2105 arbitrabantur.
415 2043 536 2121 Quibus
570 2043 664 2106 rebus
698 2043 830 2128 cognitis
863 2063 903 2104 ex
934 2039 984 2104 his
1016 2038 1094 2104 locis

138 2120 268 2188 Cassius
291 2149 362 2191 cum
385 2127 486 2192 classe
509 2127 663 2191 discessit

201 2212 272 2276 102.
296 2211 415 2276 Caesar
430 2214 573 2278 omnibns
593 2213 688 2278 rebus
710 2211 828 2276 relictis
842 2209 1095 2296 persequendum

134 2294 197 2359 sibi
217 2297 404 2384 Pompeium
427 2301 627 2378 existimavit,
650 2319 862 2383 quascumque
884 2297 917 2360 in
938 2304 1043 2381 partes
1059 2316 1093 2358 se

135 2401 176 2443 ex
198 2381 275 2468 fuga
293 2385 476 2470 recepisset,
499 2407 540 2447 ne
561 2406 670 2448 rursus
686 2383 792 2467 copias
815 2403 999 2466 comparare
1015 2379 1093 2444 alias

134 2474 167 2528 et
187 2465 307 2533 bellum
321 2493 476 2536 renovare
490 2481 607 2556 posset,
625 2479 656 2532 et
671 2477 955 2553 quantumcumque
968 2465 1092 2531 itineris

135 2553 277 2634 equitatu
298 2555 425 2620 efficere
447 2565 570 2641 poterat
599 2552 741 2641 qnotidie
766 2549 1028 2638 progrediebatur
1047 2547 1093 2612 le·

136 2637 325 2738 gionemque
347 2663 441 2704 unam
455 2641 629 2706 minoribus
650 2637 812 2704 itineribus
829 2635 978 2721 subsequi
992 2634 1092 2703 iussit·
1208 2692 1213 2705 .

133 2719 214 2784 Erat
235 2723 371 2788 edictum
392 2727 522 2812 Pompei
540 2729 666 2790 nomino
685 2721 868 2808 Amphipoli
887 2721 1092 2806 propositum,

134 2806 180 2868 uti
202 2828 310 2873 omnes
333 2813 400 2874 cius
422 2813 603 2896 provinciae
630 2811 777 2890 iuniores,
806 2806 921 2872 Graeci
943 2805 1091 2888 civesque

134 2887 279 2974 Romani,
301 2896 425 2960 iurandi
447 2917 542 2960 causa
557 2897 771 2960 convenirent.
795 2892 858 2958 Sed
879 2901 981 2958 utrum
1002 2909 1092 2968 aver-

132 2975 251 3040 tendae
279 2982 465 3065 suspicionis
493 3004 589 3046 causa
614 2981 783 3064 Pompeius
806 2977 1037 3126 proposuisset,
1057 2981 1093 3036 ut

135 3079 230 3144 quam
252 3063 426 3130 diutissime
448 3065 598 3151 longioris
619 3067 713 3149 fugae
728 3065 814 3129 cons'
829 3063 894 3126 ium
909 3058 1090 3140 occultaret,

134 3165 176 3208 an
197 3149 288 3212 novis
309 3149 492 3232 delentibus,
517 3152 657 3214 sinemo
686 3157 852 3234 premeret,
874 3144 1093 3210 Macedoniam

134 3238 242 3296 maere
274 3247 451 3317 conaretur,
482 3235 654 3300 existimari
681 3257 745 3299 non
774 3241 904 3319 poterat.
947 3229 1021 3316 Ipse
1050 3226 1092 3292 ad

134 3335 283 3382 ancoram
305 3343 368 3385 una
389 3331 480 3387 nocte
502 3321 641 3385 constitit
662 3329 694 3384 et
707 3320 827 3386 vocatis
850 3316 890 3382 ad
913 3337 946 3379 se
961 3311 1091 3398 Amphi·

134 3399 200 3483 poli
228 3401 404 3490 hospitibus
434 3417 465 3472 et
492 3409 639 3492 pecunia·
656 3405 697 3470 ad
725 3403 924 3470 necessarios·
950 3407 1090 3482 surnptus

135 3499 299 3572 corrogata
308 3495 435 3577 cognito
447 3492 593 3558 Caesaris
603 3491 742 3558 adventu
754 3509 795 3553 ex
813 3507 858 3634 eq
865 3484 933 3608 hooc
948 3483 1094 3548 discessit
