2538 3978
348 253 483 319 ΟΟΜΜ.
505 253 554 317 ΠΙ
576 252 669 318 cAP.
693 253 829 319 67-l0.
1007 253 1069 318 113

7 455 10 466 ·
104 427 221 492 mentis
242 447 376 512 magnas
397 447 506 490 rerum
528 426 789 489 commutationes
812 423 923 504 efficit3
946 431 980 488 nt
1001 418 1069 488 tum

7 547 8 554 .
105 511 236 578 accidit..
262 511 479 594 Munitionem,
514 533 608 596 quam
640 510 801 595 pertinere
831 531 850 572 a
880 511 994 574 eastris
1027 509 1075 573 ad·

105 596 223 661 flumen
246 619 342 682 supra
374 597 669 676 demonstravimus,
698 595 803 659 dextri
831 593 978 660 Caesaris
1001 615 1068 658 cor-

104 705 165 747 nus
187 681 332 748 cohortes
353 684 531 768 ignorantia
546 682 608 746 loci
623 689 696 745 sunt
718 690 854 763 secutae,
879 703 975 766 quum
996 676 1073 766 por·'
1097 679 1099 690 ’

105 778 171 832 tam
193 778 384 854 quaererent
413 778 651 853 castrorumque
679 789 749 830 cam
771 767 975 830 munitionem
998 787 1069 830 esse

103 852 347 918 arbitrarentur.
371 852 464 932 Quod
492 875 588 940 quum
611 862 695 918 esset
717 851 974 916 animadversum
996 873 1067 915 con-

103 939 244 1004 iunctam
267 957 337 1003 esse
364 939 502 1021 flumini,
530 941 668 1024 prorutis
697 937 924 1002 munitionibus
961 937 1068 1002 defen-

105 1023 200 1089 dente
220 1024 308 1089 nullo
321 1024 597 1108 transcenderunt,
611 1024 775 1110 omnisque
787 1031 894 1088 noster
910 1023 1069 1107 equitatus

105 1131 160 1174 eas
182 1110 328 1175 cohortes
352 1119 400 1174 est
422 1120 559 1175 secutus.

169 1195 219 1262 69.
242 1194 374 1260 Interim
403 1195 573 1281 Pompeius
602 1195 662 1259 hac
685 1195 762 1259 satis
784 1193 880 1280 longa
899 1194 1069 1258 interiecta

102 1302 193 1345 mora
216 1290 247 1346 et
274 1304 311 1346 re
339 1283 484 1346 nuntiata
509 1291 532 1341 V
559 1281 701 1366 legiones
723 1280 763 1345 ab
795 1301 891 1366 opere
913 1279 1070 1343 deductas

104 1365 245 1432 subsidio
269 1367 333 1431 suis
350 1366 448 1449 duxit,
473 1367 647 1453 eodemque
667 1375 809 1452 tempore
825 1365 983 1452 equitatus
1000 1365 1067 1431 eins

102 1452 220 1516 nostris
244 1451 403 1538 equitibus
432 1452 717 1538 appropinquabat,
748 1461 780 1515 et
807 1453 892 1516 acies
913 1451 1088 1521 instructa,

102 1558 123 1601 a
136 1538 262 1621 nostris,
280 1539 334 1623 qui
349 1547 454 1602 castra
469 1546 710 1624 occupaverant,
728 1537 926 1620 cernebatur,
950 1536 1068 1602 omnia-

105 1642 168 1708 que
201 1633 274 1686 sunt
307 1623 410 1688 subito
443 1633 574 1688 mutata.
606 1623 707 1710 Legio
737 1622 932 1708 Pompeiana
954 1620 1068 1686 celeris

104 1727 162 1792 spa
185 1707 318 1772 subsidii
340 1709 525 1774 confirmata
547 1709 587 1774 ab
608 1709 786 1774 decumana
801 1717 895 1794 porta
914 1709 1066 1772 resistere

8 1807 12 1814 “
103 1791 279 1857 conabatur
301 1804 394 1880 atque
416 1793 500 1859 ultro
527 1796 561 1860 in
590 1805 716 1860 nostros
744 1797 895 1880 impetum
917 1793 1067 1858 faciebat.

101 1871 270 1962 Equitatus
294 1879 452 1962 Caesaris,
483 1881 568 1968 quod
597 1890 740 1968 angusto·
756 1882 870 1944 itinere
892 1901 951 1964 per
972 1901 1067 1965 agge-

101 1985 163 2028 res·
186 1965 390 2048 ascendebat,
420 1968 564 2052 receptui
595 1989 651 2030 suo
679 1967 793 2030 timens
820 1966 945 2029 initium
971 1965 1067 2050 fugae
1183 1997 1186 2006 ·

101 2047 249 2114 faciebat.
272 2051 431 2116 Dextrum
454 2073 561 2135 cornu,
579 2053 663 2138 quod
686 2062 753 2116 erat
775 2073 795 2116 a
816 2052 943 2115 sinistro
966 2049 1092 2114 secla--

103 2155 183 2218 sum,
207 2142 329 2200 terror'e
359 2140 498 2224 equiturn
529 2138 761 2220 animadverso,
791 2160 832 2201 ne
860 2137 943 2201 intra
964 2137 1066 2206 muni-

7 2279 9 2284 .
102 2220 222 2284 tionem
245 2223 484 2308 opprimeretur,
509 2245 547 2287 ea
568 2235 670 2309 parte,
687 2245 783 2309 quam
803 2231 978 2309 prorueret,
996 2243 1067 2286 sese

100 2306 285 2391 recipiebat,
316 2331 354 2372 ac
380 2308 523 2394 plerique
552 2331 594 2374 ex
622 2310 681 2392 his,
709 2331 748 2372 ne
778 2310 811 2372 in
834 2309 997 2392 angustias
1019 2309 1066 2371 in-

101 2390 252 2475 ciderent,
277 2415 317 2457 ex
339 2402 364 2456 X
386 2395 503 2481 pedum
532 2396 705 2459 munitione
733 2417 772 2458 se
795 2395 828 2458 in
850 2393 952 2458 fossas
974 2415 1065 2479 prae·

101 2477 290 2562 cipitabant,
324 2482 497 2566 primisque
530 2481 690 2567 oppressis
719 2479 835 2564 reliqui
861 2500 920 2564 per
952 2477 1065 2544 horum
1113 2487 1117 2493 “

101 2582 235 2648 corpora
256 2565 389 2630 salutem
405 2565 469 2630 sibi
482 2575 576 2653 atque
592 2567 711 2630 exitum
726 2565 902 2650 pariebant.
926 2563 1065 2630 Sinistra

100 2668 199 2714 cornu
227 2650 352 2734 milites,
382 2672 477 2738 quum
508 2674 548 2716 ex
575 2652 661 2717 vallo
686 2650 872 2736 Pompeium
895 2650 1010 2733 adesse
1033 2660 1066 2715 ct

100 2754 174 2797 suos
195 2735 307 2822 fugere
330 2746 506 2820 cernerent,
536 2740 638 2820 veriti,
668 2759 709 2800 ne
738 2737 893 2823 angustiis
915 2734 1064 2801 interclu·
1141 2746 1143 2752 ’

99 2817 258 2904 derantur,
282 2845 379 2910 quum
402 2832 491 2888 extra
514 2833 546 2888 et
566 2825 650 2889 intus
678 2823 801 2887 hostem
822 2821 987 2905 haberent,
1012 2843 1064 2886 eo·

99 2903 181 2988 dem,
205 2929 267 2993 quo
288 2919 453 2993 venerant,
475 2919 605 2996 receptu
628 2909 688 2973 sibi
710 2907 926 2991 consulebant,
943 2908 1062 2970 omnia·

100 3011 161 3076 que
184 3003 274 3059 erant
302 2993 462 3079 tumultus,
492 2997 623 3079 timoris,
651 2995 746 3080 fugae
773 2993 877 3077 plena,
908 2991 988 3056 adeo
1015 3001 1061 3074 ut,

100 3097 196 3160 quarn
227 3078 347 3145 Caesar
373 3083 465 3167 signa
493 3081 680 3168 fugientium
707 3103 802 3163 manu
830 3079 1003 3164 prenderet
1030 3086 1064 3140 et

99 3164 273 3232 consistere
307 3166 445 3249 iuberet,
479 3167 534 3232 alii
569 3167 716 3248 [dimissis
746 3165 847 3252 equis]
877 3165 895 3203 *
925 3163 1062 3229 eundem

99 3267 225 3314 cursum
241 3252 454 3338 confugerent,
478 3253 531 3316 alii
548 3275 589 3318 ex
603 3260 690 3318 metu
705 3253 799 3316 etiarn
815 3253 906 3336 signa
927 3250 1063 3314 dimitte·

96 3343 177 3415 rent,
200 3357 241 3400 ne
263 3361 303 3402 ue
327 3340 493 3424 quisquam
516 3339 642 3404 omnino
665 3339 862 3402 consisteret.

164 3420 214 3484 70.
270 3425 296 3487 is
318 3425 414 3488 tantis
436 3423 528 3487 malis
550 3422 630 3488 haec
652 3423 795 3488 subsidia
821 3420 1060 3499 succurrebant,

99 3523 162 3593 quo
183 3508 287 3658 minlqs
304 3511 404 3575 omnis
427 3508 587 3575 deleretur
602 3509 769 3591 exercitus,
793 3507 876 3594 quod
890 3507 1062 3594 Pompeius

154 3611 232 3652 Caesar
278 3641 286 3658 .
